4074 6404
518 451 649 515 1511

513 577 567 616 ;ιι
612 557 1051 619 sustentaculum
1125 559 1248 606 esto
1298 544 1564 600 fratribus
1615 534 1989 595 conturbatis,
2046 539 2101 585 et

511 673 621 725 quo
655 660 908 709 servatus
940 665 1000 703 es
1035 645 1246 700 auxilio
1268 683 1282 706 ,
1319 641 1437 709 ipse
1467 635 1589 688 aliis
1636 629 1942 700 impertire,
2000 639 2095 678 ne-

512 766 620 816 que.
672 747 1015 801 lahascentes
1061 735 1303 804 impelle,
1365 729 1460 784 sed
1491 727 1642 794 erige
1696 719 2094 792 periclitantes.

515 841 728 893 Idcirco
762 836 906 892 enim
935 839 988 885 et
1011 838 1064 883 te
1091 828 1277 881 labare
1303 822 1446 881 sino,
1471 818 1666 871 cadere
1687 828 1796 866 non
1821 808 2097 880 permitto,

515 930 869 986 stabilitatem
902 937 998 994 per
1027 928 1081 974 te
1110 912 1507 971 ﬂuctuantibus
1533 918 1859 977 procurans.
1891 900 1982 953 Sic
2011 912 2103 951 or-

516 1025 636 1077 bem
676 1029 944 1074 terrarum
978 1013 1300 1066 universum
1326 1005 1683 1057 ﬂuctuantem
1715 1004 1882 1064 atque
1917 992 2104 1046 laban-

517 1125 623 1168 tem
655 1123 850 1178 magna
880 1107 994 1161 haec
1024 1105 1282 1158 columna
1317 1094 1688 1152 conﬁrmavit,
1708 1101 1764 1144 et
1789 1098 1846 1140 ut
1875 1097 2102 1140 corrue-

519 1214 601 1258 ret
628 1203 856 1256 omnino
894 1212 1006 1252 non
1048 1193 1323 1265 permisit,
1374 1189 1469 1243 sed
1502 1185 1700 1244 erexit,
1745 1179 2108 1244 stabilemque

521 1295 780 1358 reddidit,
813 1307 945 1347 oves
979 1289 1199 1344 divinas
1231 1297 1458 1355 pascere
1506 1280 1720 1348 jussus,
1751 1283 1806 1327 et
1853 1285 1978 1325 cum
2010 1282 2110 1338 pro

522 1392 644 1460 ipso
712 1385 1020 1440 aﬂiceretur
1084 1379 1305 1449 injuriis
1355 1372 1646 1430 tolerabat,
1692 1374 1746 1420 et
1792 1361 2111 1418 verberibus

524 1497 704 1538 casus
735 1477 1041 1538 laetabatur,
1073 1473 1372 1538 exiensque
1396 1483 1460 1521 ex
1494 1477 1664 1534 pravo
1691 1455 1952 1517 concilio,
1978 1466 2104 1506 cum

526 1580 782 1629 consorte
813 1567 1092 1640 gaudebat
1116 1604 1130 1626 ,
1159 1560 1305 1632 quod
1338 1557 1560 1612 habitus
1589 1559 1738 1606 esset
1778 1548 1980 1616 dignus
2017 1555 2115 1610 pro

531 1666 752 1721 nomine
771 1653 1377 1715 Dominicontumelias
1405 1648 1577 1719 pati‘.
1611 1641 1753 1708 Quin
1778 1645 1832 1693 et
1853 1639 1905 1690 in
1933 1649 2117 1689 carce-

531 1771 622 1810 res
672 1751 985 1820 coniectus,
1022 1760 1133 1815 prae
1188 1740 1392 1812 gaudio
1447 1734 1740 1806 gestiebat.
1787 1725 2038 1793 Cumque
2087 1737 2116 1775 a

530 1847 747 1900 Nerone
779 1816 962 1895 crucis
998 1835 1213 1906 1310
1235 1830 1508 1901 supplicio
1534 1830 1761 1895 propter
1792 1816 2119 1872 cruxilixum

533 1939 828 1991 damnatus
851 1899 1040 1990 esset:
1054 1899 1527 1979 lictores—orabat
1549 1931 1619 1971 ne
1650 1911 1843 1968 eodem
1875 1923 1986 1978 quo
2018 1905 2124 1958 Do-
2157 1899 2196 1952 Β

535 2030 721 2082 minus
756 2023 918 2078 modo
960 2017 1406 2086 cruciﬁgeretur,
1441 2010 1536 2065 sed
1574 2019 1766 2061 eontra
1821 2011 1988 2068 atque
2036 1997 2124 2050 ille

537 2117 970 2188 suspenderetur
1017 2133 1028 2165 :
1066 2122 1321 2163 metuens
1361 2103 1660 2158 videlicet.
1705 2112 1771 2149 ne
1820 2087 2126 2147 similitudo

535 2206 816 2281 passionis
849 2201 1116 2272 aequalem
1163 2197 1268 2253 sibi
1301 2201 1445 2264 apud
1486 2192 1707 2260 ignaros
1738 2185 2004 2238 honorem
2049 2174 2129 2229 af-

539 2299 730 2352 ferret.
781 2293 1079 2362 Propterea
1122 2300 1321 2340 manus
1355 2284 1639 2340 deorsum,
1684 2271 1850 2344 pedes
1906 2280 2128 2322 sursum

539 2391 680 2460 afﬁgi
705 2387 940 2458 rogavit.
965 2380 1228 2437 Ultimum
1257 2382 1273 2400 '
1303 2376 1449 2430 enim
1479 2373 1658 2426 locum
1688 2382 1796 2421 non
1829 2364 1883 2416 in
1922 2361 2132 2414 honore

541 2483 742 2543 solum,
805 2489 996 2532 verum
1036 2473 1202 2528 etiam
1264 2469 1320 2522 in
1374 2461 1675 2535 opprobrio
1733 2465 1788 2512 et
1832 2451 2134 2524 ignominia

542 2575 754 2644 eligere
786 2568 1004 2624 didicit.
1037 2563 1194 2631 Quod
1248 2559 1294 2614 si
1341 2558 1507 2613 etiam
1553 2551 1738 2607 decies
1775 2555 1823 2601 et
1865 2545 2136 2620 «utinqua-

545 2667 662 2735 gies
711 2669 943 2717 mortem
985 2659 1128 2711 hanc
1173 2651 1365 2709 subire
1406 2645 1694 2708 licuisset,
1746 2651 1961 2694 snnuna
2012 2648 2135 2688 cum

549 2758 827 2826 voluptate
870 2751 1058 2806 divino
1132 2758 1442 2803 succensus
1519 2749 1709 2792 amore
1771 2727 2136 2797 suscepisset.

553 2849 668 2904 lioc
706 2855 887 2901 autem
927 2851 982 2899 et
1001 2841 1225 2897 divinus
1254 2837 1458 2895 clamat
1484 2829 1711 2890 Paulus,
1739 2838 1888 2880 nunc
1917 2818 2140 2889 quidem

549 2939 741 2994 dicens
780 2953 796 2991 :
840 2953 858 2987 ι
902 2930 1161 3000 Quotidie
1202 2925 1414 2982 morior
1457 2935 1556 2992 per
1599 2925 1838 2973 vestram
1884 2910 2139 2982 gloriam,

551 3045 716 3103 quam
743 3028 918 3083 habeo
942 3025 996 3078 in
1021 3023 1245 3079 Christo
1281 3016 1412 3074 Jesu
1447 3025 1490 3080 ·;
1522 3025 1673 3067 nunc
1697 3021 1832 3063 vero
1863 3023 1876 3059 :
1921 3021 1939 3055 ι
1984 2999 2145 3056 Chri-

555 3132 642 3178 sto
681 3117 936 3174 conﬂxus
977 3128 1098 3170 smn
1143 3110 1340 3174 cruci:
1383 3105 1510 3161 vivo
1547 3116 1648 3172 ego
1691 3097 1806 3169 jam
1860 3107 1968 3148 non
2021 3103 2142 3160 ego,

554 3213 693 3269 vivit
726 3224 858 3265 vero
881 3208 934 3262 in
963 3220 1050 3260 me
1070 3201 1329 3258 Christus
1365 3199 1415 3252 δ.
1459 3213 1479 3248 ›

632 3298 888 3354 Divinum
912 3294 1079 3364 igitur
1110 3302 1355 3345 amorem
1395 3283 1710 3354 quicunque
1752 3273 2147 3345 suscipit,ter-

563 3399 699 3439 rena
735 3379 904 3436 simul
935 3363 1118 3432 omnia
1154 3389 1256 3446 pro
1303 3371 1477 3427 nihilo
1511 3366 1699 3430 ducit,
1728 3363 2149 3431 voluptatesque

563 3475 813 3544 corporis
841 3483 1034 3526 omnes
1065 3467 1244 3524 calcat
1263 3505 1279 3532 ,
1317 3461 1562 3525 divitias,
1599 3463 1654 3513 et
1678 3453 1936 3526 gloriam,
1961 3458 2018 3505 et
2043 3449 2151 3504 hu-

565 3580 790 3626 manum
821 3565 1090 3618 honorem
1119 3555 1356 3629 spernit,
1381 3551 1452 3608 ab
1496 3560 1828 3604 aranearum
1856 3541 1984 3599 telis
2005 3538 2146 3596 nihil

566 3658 789 3717 diﬂ'crre
809 3653 1051 3723 regalem
1076 3661 1378 3721 purpuram
1409 3642 1710 3704 existimat,
1732 3634 2003 3709 pretiosos
2026 3645 2159 3703 quo-

567 3765 675 3820 que
707 3721 918 3814 lapides
948 3742 1192 3796 littorum
1223 3734 1457 3792 calculis
1501 3731 1812 3802 zequiparat
1837 3743 1852 3780 :
1879 3740 1990 3780 non
2025 3721 2158 3778 bea-

573 3853 680 3896 tam
706 3832 1013 3892 habendam
1043 3836 1233 3887 censet
1256 3824 1511 3896 corporis
1541 3823 1860 3882 sanitatem,
1890 3830 1990 3871 nec
2010 3814 2160 3868 cala-

574 3933 817 3986 mitatem
871 3924 1124 3980 morbum
1174 3927 1358 3984 vocat,
1408 3930 1589 3986 neque
1639 3909 2022 3967 infelicitatem
2064 3919 2160 3975 ap-

574 4024 744 4095 pellat
767 4024 1174 4090 paupertatem,
1201 4025 1382 4082 neque
1401 4007 1612 4064 divitiis
1644 4019 1709 4058 ac
1733 4001 1950 4058 deliciis
1988 3997 2163 4053 felici-

576 4125 743 4170 tatem
769 4089 1006 4167 metitur
1039 4125 1055 4164 :
1088 4106 1188 4162 sed
1217 4101 1538 4158 ﬂuvialibus
1588 4097 1771 4166 aquis,
1797 4095 2077 4164 plantatas
2107 4089 2162 4143 in

577 4206 712 4277 ripis
747 4203 978 4258 arbores
1011 4194 1531 4270 prazterﬂuentibus,
1565 4199 1622 4245 et
1653 4188 1719 4243 ad
1746 4187 1950 4241 nullam
1975 4196 2164 4238 earum

580 4269 1045 4353 subsistentibus,
1087 4286 1276 4343 simile
1322 4284 1520 4339 horum
1561 4279 1770 4350 1311
1815 4269 2169 4341 unumquod-

582 4401 688 4457 que
727 4381 902 4438 videri
960 4379 1158 4434 merito
1201 4375 1525 4432 arbitratur.
1572 4369 1693 4424 Pari
1729 4368 1877 4422 enim
1919 4365 2078 4417 modo
2117 4369 2170 4416 et

586 4455 910 4550 paupertas,
959 4480 1013 4527 et
1044 4469 1275 4534 divitiae,
1311 4473 1367 4523 et
1417 4465 1650 4526 sanitas,
1691 4467 1748 4517 et
1783 4456 2032 4521 morbus,
2076 4455 2173 4509 bo-

1462 425 1950 495 THEODORETI
1980 418 2322 481 EPISCOPI
2346 413 2716 479 CYRENSIS

2132 536 2173 591 A
2207 529 2438 601 ἔρεισμα
2460 524 2618 594 γενοῦ
2656 523 2750 577 καὶ
2787 523 2850 574 σὺ
2882 519 2992 580 τοῖς
3031 511 3371 582 δονουμένοις
3400 506 3510 562 τῶν
3540 504 3789 572 ἀδελφῶν

3647 383 3785 453 1512

2206 590 2322 682 σου,
2355 590 2448 673 καὶ
2472 590 2547 690 -ἦς
2567 612 2861 674 ἀπολαύεις
2917 604 3238 675 ἐπικουρίας
3274 599 3501 672 μετάδος
3524 613 3539 629 ο
3583 595 3676 650 καὶ
3713 590 3792 663 μὴ

2203 713 2364 774 ὠθεῖς
2389 711 2513 772 τοὺς
2545 705 2973 765 ὀλισθαίνοντας,
2995 695 3428 763 ἀλλ’ἀνάστησον
3457 684 3796 742 κινδυνεύον-

2205 823 2328 868 τας.
2374 803 2576 856 Τούτου
2628 801 2734 868 γάρ
2786 813 2847 848 σε
2896 793 3054 863 χάριν
3103 787 3197 842 καὶ
3254 782 3622 857 προσπταῖσαι
3662 791 3798 842 ou?-

2208 898 2394 968 χωρῶ,
2424 898 2520 949 καὶ
2547 894 2736 946 πεσεῖν
2771 889 2872 941 οὐκ
2903 884 3002 946 ἐῶ,
3054 881 3243 935 στάσιν
3274 878 3384 938 τοῖς
3412 870 3797 938 σαλευομένοις

2208 991 2298 1046 διὰ
2332 988 2424 1041 σοῦ
2463 982 2874 1057 μηχανώμενος.
2899 973 3056 1030 Οὕτω
3083 973 3182 1042 τὴν
3215 965 3539 1036 οἰκουμένην
3572 960 3800 1013 σαλευο-

2215 1081 2384 1154 μένην
2406 1081 2433 1131 ὁ
2461 1079 2632 1148 μέγας
2681 1067 2836 1134 οὗτος
2892 1065 3084 1125 στύλος
3115 1063 3396 1131 ὲπήρεισε,
3433 1055 3531 1109 καὶ
3553 1066 3800 1105 καταπε-

2215 1176 2328 1226 σεῖν
2351 1173 2452 1224 οὐκ
2473 1169 2623 1222 εἴασε
2652 1161 2951 1224 παντελῶς,
2985 1151 3429 1224 ἁλλ’ἀνώρθωσε,
3454 1145 3550 1200 καὶ
3581 1143 3802 1214 ἑδραίαν

2215 1265 2484 1332 ἀπέφηνε,
2521 1259 2614 1312 καὶ
2640 1255 2905 1324 ποιμᾶναι
2931 1249 3000 1303 τὰ.
3036 1246 3156 1299 θεία
3203 1240 3450 1314 πρόϐατα
3488 1232 3802 1294 κελευσθεὶς

2218 1354 2315 1408 καὶ
2344 1348 2772 1422 παροινούμενος
2799 1342 2939 1412 ὑπὲρ
2989 1337 3177 1393 τούτου
3225 1331 3494 1403 ἠνείχετο,
3533 1327 3628 1382 καὶ
3657 1327 3806 1378 αἰκι-

2221 1445 2446 1514 ζόμενος
2475 1440 2650 1510 ἥδετο.
2687 1435 2798 1489 Καὶ
2829 1429 2988 1496 ἐξιὼν
3021 1429 3088 1481 ὲκ
3120 1424 3215 1479 τοῦ
3254 1419 3494 1492 πονηροῦ
3527 1414 3807 1486 συνεδρίου

2224 1538 2318 1589 σὺν
2345 1533 2422 1602 τῷ
2469 1528 2726 1601 ὁμοζύγῳ
2771 1524 3012 1594 ἔχαιρεν,
3053 1519 3137 1571 ὅτι
3185 1509 3500 1582 κατηξιώθη
3543 1505 3684 1574 ὑπὲρ
3710 1502 3810 1556 τοῦ

2223 1597 2484 1696 ὀνόματος
2505 1597 2606 1674 ’τοῦ
2636 1619 2907 1672 Δεσπότου
2937 1607 3330 1682 ἀτιμασθῆναι.
3359 1601 3470 1655 Καὶ
3499 1601 3575 1661 εἰς
3599 1597 3813 1666 δεσμω-

2223 1686 2392 1789 τήρια
2407 1715 2463 1767 δὲ
2501 1710 2848 1784 βαλλόμενος,
2875 1705 3157 1774 ὲγάννυτο,
3187 1697 3283 1751 καὶ
3314 1690 3656 1762 εὐφραίνετο.
3702 1686 3817 1739 Καὶ

2228 1809 2417 1880 ἐπειδὴ
2447 1805 2550 1859 ὑπὸ
2577 1804 2828 1872 Νέρωνος
2860 1798 2957 1868 τὴν
2985 1793 3073 1847 διὰ
3101 1785 3337 1858 σταυροῦ
3369 1782 3507 1853 ὑπὲρ
3523 1778 3616 1832 τοῦ
3648 1793 3815 1829 σταυ-

2229 1869 2494 1975 ρωθέντος
2528 1869 2894 1961 κατεδικάσθη
2946 1885 3185 1958 σφαγὴν,
3233 1875 3539 1951 παρεκάλει
3559 1873 3686 1933 τοὺς
3722 1869 3821 1938 δη-

2231 1961 2413 2066 μίους,
2608 1986 2688 2057 τῷ
2747 1981 2994 2052 Δεσπότῃ
3046 1970 3466 2046 παραπλησίως,
3508 1963 3584 2035 τῷ
3615 1961 3814 2031 ίκρίῳί

2229 2052 2686 2158 προσηλωθηναιλ
2717 2076 2919 2137 δείσας,
2959 2072 3036 2135 ὼς
3077 2068 3246 2130 εἰκὸς,
3307 2061 3379 2132 μὴ
3405 2061 3439 2130 ἡ
3471 2057 3564 2110 τοῦ
3611 2052 3820 2114 πάθους

2232 2177 2520 2245 ταυτότης,
2559 2173 2670 2224 ἴσον
2698 2167 2847 2236 αὑτῷ
2881 2161 3034 2236 παρὰ
3086 2158 3193 2212 τῶν
3245 2153 3489 2224 ἀνοήτων
3515 2145 3820 2209 εἰσενέγκοι

2230 2271 2292 2324 τὸ
2317 2238 2505 2338 γέρας.
2533 2262 2633 2316 Διὰ
2665 2259 2823 2314 τοῦτο
2847 2255 2996 2309 κάτω
3030 2244 3455 2322 προσηλωθῆναι
3475 2239 3572 2302 τὰς
3606 2238 3818 2308 χεῖρας,

2234 2364 2328 2416 καὶ
2361 2362 2474 2415 ἄνω
2501 2357 2629 2419 τοὺς
2661 2351 2824 2412 πόδας
2879 2345 3110 2400 ἱκέτευε.
3147 2340 3222 2394 Τὸ
3251 2337 3358 2408 γὰρ
3393 2335 3621 2404 ἔσχατον
3652 2329 3826 2398 αἱρεῖ-

2239 2453 2383 2517 σθαι,
2403 2450 2503 2504 οὐκ
2534 2449 2592 2500 ὲν
2621 2449 2687 2515 τῇ
2738 2444 2872 2512 τιμῇ
2923 2437 3106 2510 μόνον,
3154 2429 3293 2486 ἀλλὰ
3332 2428 3427 2482 καὶ
3459 2427 3514 2478 ὲν
3536 2425 3601 2494 τῇ
3632 2418 3828 2490 ἀτιμίᾳ

2241 2542 2583 2615 μεμάθηκεν.
2618 2538 2680 2591 El
2726 2535 2783 2588 δὲ
2832 2532 2928 2585 καὶ
2975 2527 3219 2588 δεκάκις,
3249 2522 3345 2576 κα)⁸
3377 2513 3826 2586 πεντηκοντάκις,

2237 2633 2427 2689 τοῦτον
2467 2629 2760 2699 ὑπομεῖναι
2783 2624 2875 2677 τὸν
2900 2621 3133 2675 θάνατον
3167 2610 3280 2670 οἷόν
3308 2628 3369 2665 τε
3398 2606 3465 2681 ἦν
3515 2605 3734 2670 ἐδέξατο
3765 2602 3832 2654 ἂν

2256 2721 2396 2794 μετὰ
2441 2692 2624 2789 πάσης
2653 2714 2867 2787 ἡδονῆς,
2900 2708 2979 2781 τῷ
3005 2707 3135 2778 θείῳ
3189 2697 3634 2772 πυρπολούμενος
3656 2692 3831 2765 πόθῳ.

2243 2787 2415 2868 ’Ῐοῦτο
2441 2811 2497 2864 δὲ
2542 2787 2637 2864 καὶ
2683 2809 2712 2860 ὁ
2767 2805 2911 2866 θεῖος
2965 2797 3179 2861 Παῦλος
3207 2795 3326 2867 βοᾷ,
3359 2791 3455 2847 νῦν
3488 2789 3585 2862 μὲν
3614 2787 3792 2854 λέγων
3816 2800 3831 2816 '

2251 2925 2270 2960 ‹
2293 2902 2632 2974 Καθημέραν
2654 2892 3089 2967 ἀποθνήσκω,νὴ
3109 2890 3208 2960 τὴν
3238 2885 3516 2958 ὑμετέραν
3539 2880 3837 2952 καύχησιν,

2245 2998 2312 3069 ἢν
2342 2973 2541 3067 ἔχωθεν
2563 2988 2785 3063 Χριστῷ
2823 2983 3032 3058 Ἰησοῦ·
3074 3003 3093 3036 ι
3129 2982 3224 3038 νῦν
3250 2979 3338 3034 δέ·
3373 2997 3392 3031 ι
3428 2973 3651 3048 Χριστῷ
3696 2989 3824 3025 συν-

2247 3066 2627 3160 εσταύρωμαι.
2681 3081 2768 3137 Ζῶ
2813 3080 2870 3134 δὲ
2912 3078 3013 3133 οὐκ
3071 3074 3152 3129 ἑτι
3201 3072 3334 3143 ἐγὼ,
3396 3071 3461 3142 ζῇ
3520 3068 3574 3122 δὲ
3611 3068 3668 3120 ἐν
3711 3066 3842 3136 ἐμοὶ

2252 3179 2506 3253 Χριστός.
2532 3197 2549 3228 ι

2323 3268 2533 3326 Οὑκοῦν
2555 3268 2583 3318 ὁ
2612 3267 2703 3319 τδν
2759 3263 2942 3336 ἔρωτα
2974 3260 3066 3314 τὸν
3101 3258 3243 3312 θεῖον
3278 3252 3587 3324 δεξάμενος,
3621 3248 3844 3302 πάντων

2269 3361 2367 3434 μὲν
2396 3357 2528 3430 ὁμοῦ
2557 3354 2664 3408 τῶν
2694 3355 2898 3425 γηΐνων
2939 3348 3290 3420 καταφρονεῖ,
3335 3345 3496 3396 πατεῖ
3529 3342 3584 3394 δὲ
3627 3341 3847 3401 ἁπάσας

2251 3455 2351 3516 τὰς
2395 3448 2489 3504 τοῦ
2553 3446 2803 3517 σώματος
2860 3444 3086 3511 ἡδονάς*
3153 3437 3400 3506 ὑπερορᾷ
3455 3432 3691 3486 πλούτου
3750 3429 3850 3483 καὶ

2253 3543 2435 3612 δόξης,
2465 3541 2559 3594 καὶ
2602 3539 2701 3608 τῆς
2754 3535 2903 3606 παρὰ
2959 3530 3263 3604 ἀνθρώπων
3303 3526 3501 3598 τιμῆς*
3570 3521 3850 3592 ἀραχνίων

2255 3636 2408 3691 οὔδἐν
2431 3629 2708 3702 διαφέρειν
2727 3625 3099 3696 ὑπολαμϐάνει
3114 3621 3208 3694 τὴν
3228 3618 3510 3692 βασιλικὴν
3533 3613 3845 3685 ἁλουργίδα’

2256 3727 2386 3789 τοὺς
2447 3719 2764 3782 πολυτελεῖς
2805 3716 2914 3771 τῶν
2973 3715 3139 3768 λίθων
3191 3715 3312 3775 ταῖς
3369 3709 3521 3780 παρὰ
3552 3706 3650 3770 τὰς
3683 3704 3853 3776 ὄχθας

2261 3812 2549 3876 ἀπεικάζει
2604 3807 2866 3879 ψηφίσιν·
2949 3805 3010 3859 οὐ
3079 3799 3428 3875 μακαριστὴν
3487 3799 3701 3868 ἡγεῖται
3755 3795 3852 3864 τὴν

2264 3905 2454 3975 ὑγείαν
2486 3902 2579 3956 τοῦ
2608 3900 2884 3971 σώματος,
2912 3897 3033 3952 οὑδὲ
3065 3893 3354 3967 συμφορὰν
3392 3892 3492 3961 τὴν
3540 3890 3694 3943 νόσον
3720 3888 3856 3941 ἀποο

2265 3997 2444 4060 καλεῖ,
2503 3995 2624 4049 οὐδὲ
2663 3991 3002 4063 δυσπραξίαν
3053 3988 3152 4061 τὴν
3211 3987 3402 4042 πενίαν
3432 3982 3854 4056 προσαγορεύει,

2264 4089 2386 4142 οὑδὲ
2413 4085 2630 4156 πλούτῳ
2659 4083 2755 4138 καὶ
2790 4085 2968 4154 τρυφῇ
3001 4081 3099 4152 τὴν
3163 4077 3509 4148 εὑῖαιμονίαν
3561 4074 3806 4145 ὁρίζεται
3841 4087 3856 4100 ·

2268 4178 2404 4234 ἀλλὰ
2440 4176 2730 4246 ποταμίοις
2762 4174 3019 4246 ῥεύμασι,
3059 4173 3130 4225 τὰ
3170 4166 3708 4242 παραπεφυτευμένα
3740 4167 3862 4226 ταῖς

2268 4268 2455 4339 ὄχθαις
2475 4266 2854 4338 παραρῤέουσι
2887 4264 3102 4335 δένδρα,
3139 4265 3235 4317 καὶ
3264 4261 3400 4334 πρὸς
3428 4259 3618 4314 οὐδένα
3651 4257 3863 4310 τούτων

2275 4360 2606 4430 ἱσταμένοις,
2663 4357 2752 4411 ἀεὶ
2805 4355 3046 4410 ἐοικέναι
3105 4353 3310 4408 τούτων
3361 4352 3590 4406 ἕκαστον
3642 4351 3866 4419 ἡγεῖται

2274 4451 2473 4514 καλῶς.
2518 4449 2753 4519 Ὁμοίως
2803 4449 2914 4519 γὰρ
2972 4448 3068 4502 καὶ
3125 4446 3285 4500 πενία
3339 4447 3434 4500 καὶ
3461 4441 3714 4505 πλοῦτος,
3767 4441 3867 4494 καὶ

586 4583 795 4639 norque
839 4572 895 4620 et
932 4559 1257 4635 ignominia,
1284 4566 1340 4614 et
1371 4556 1478 4610 alia
1503 4563 1846 4624 qua‘cunque
1875 4547 2140 4600 ltumauar

2243 4600 2248 4632 ι
2277 4543 2438 4644 ὑῖεία
2467 4543 2565 4596 καὶ
2594 4541 2768 4606 νόσος,
2799 4543 2930 4612 τιμή
2970 4559 3030 4594 τε
3063 4541 3158 4596 καὶ
3187 4540 3405 4610 ἀτιμία,
3440 4536 3534 4591 καὶ
3555 4533 3867 4593 τᾶλ).α,ὃσα

585 4667 837 4716 naturam
868 4660 1329 4728 prattercurrunt,
1371 4663 1479 4704 non
1513 4658 1736 4714 semper
1769 4637 1909 4712 apud
1943 4635 2164 4692 eosdem

587 4765 812 4809 manere
841 4747 1285 4819 conspiciuntur,
1334 4742 1432 4799 sed
1469 4751 1825 4812 possessores
1873 4748 2006 4789 suos
2050 4745 2172 4800 per-

590 4849 826 4904 mutant,
875 4852 930 4896 et
968 4841 1037 4895 ab
1069 4838 1196 4894 aliis
1244 4836 1310 4892 ad
1359 4834 1501 4890 alios
1547 4837 1812 4904 perpetuo
1860 4832 2168 4881 transeunt.

587 4936 740 4993 Multi
774 4931 1046 5004 siquidem
1074 4946 1140 4987 ex
1164 4928 1446 5002 opulentia
1473 4926 1526 4981 in
1548 4931 1848 4980 extremam
1882 4925 2175 4991 pauperta-

589 5038 697 5085 tem
727 5026 1030 5083 decidunt:
1067 5023 1234 5077 multi
1273 5031 1472 5076 contra
1505 5033 1572 5074 ex
1605 5014 1944 5086 pauperibus
1992 5013 2048 5065 in
2095 5009 2177 5063 di-

590 5119 760 5172 ritum
794 5127 1088 5169 numerum
1120 5111 1546 5167 transcendunt.
1576 5107 1802 5161 Morbus
1825 5117 1982 5167 vero,
2007 5111 2062 5154 et
2096 5113 2182 5152 sa-

593 5206 736 5258 nitas
753 5217 849 5273 per
875 5203 1082 5264 omnia,
1102 5208 1163 5254 ut
1187 5201 1353 5255 verbo
1371 5200 1572 5263 dicam,
1593 5208 1827 5265 corpora
1849 5189 2181 5262 pervadunt,

593 5303 708 5349 tum
749 5307 871 5364 quae
901 5292 1043 5350 fame
1073 5301 1420 5363 premuntur,
1455 5299 1571 5345 tum
1598 5302 1720 5359 quze
1752 5283 1967 5339 deliciis
2002 5279 2185 5334 indul-

669 5478 694 5508 ι
724 5468 850 5523 Act.
883 5484 936 5536 ι’,
967 5468 1056 5524 41.

1133 5464 1202 5518 αι
1237 5464 1365 5521 Cor.
1407 5481 1498 5526 xv.
1533 5463 1624 5520 ⁸51.
1701 5460 1934 5516 1’Galat.
1967 5475 2027 5524 Il,
2055 5455 2150 5512 ΞΟ.

2276 4638 2385 4691 τῶν
2411 4635 2715 4707 ἀνθρώπων
2747 4633 3080 4705 παρατρέχει
3131 4633 3230 4702 τὴν
3255 4631 3435 4700 φύσιν,
3470 4629 3530 4681 οὐ
3565 4627 3722 4695 παρὰ
3756 4627 3864 4682 τοῖς

2278 4732 2461 4794 αὐτοῖς
2481 4729 2570 4784 ἀεὶ
2601 4728 2833 4797 μένοντα
2882 4727 3190 4796 θεωρεῖται,
3252 4723 3391 4778 ἀλλὰ
3431 4722 3558 4782 τοὺς
3588 4717 3866 4787 κεκτημέ-

2280 4839 2402 4886 νους
2435 4820 2756 4892 ὰμείϐοντα,
2805 4816 2901 4870 καὶ
2953 4815 3012 4883 ἐξ
3037 4814 3212 4869 ἄλλων
3260 4813 3340 4876 είς
3383 4810 3572 4873 ἄλλους
3600 4805 3868 4878 διηνεκῶς

2285 4913 2700 4988 μεταϐαίνοντα.
2752 4909 2945 4964 Πολλοὶ
2996 4907 3096 4978 μὲν
3141 4905 3250 4975 γὰρ
3297 4903 3356 4968 ἐξ
3395 4899 3658 4971 εὐπορίας
3704 4915 3868 4968 μετα-

2286 5009 2574 5061 πίπτουσιν
2606 5005 2686 5067 εἰς
2711 5001 2900 5055 πενίαν
2930 4999 3166 5070 ἐσχάτην
3189 5013 3202 5028 ο
3231 4995 3415 5049 πολλοὶ
3446 4993 3500 5046 δὲ
3529 4994 3594 5045 ἐκ
3617 4990 3870 5061 πενήτων

2281 5099 2361 5162 είς
2395 5097 2488 5148 τὸν
2535 5094 2646 5146 τῶν
2681 5091 2953 5144 πλουσίων
3002 5088 3302 5155 κατάλογον
3345 5082 3723 5139 ἀναϐαίνουσι.
3764 5077 3867 5132 Καὶ

2281 5189 2435 5250 νόσος
2466 5186 2547 5249 δὲ,
2606 5183 2703 5238 καὶ
2754 5181 2913 5253 ὑγεία
2959 5181 3047 5235 διὰ
3100 5179 3344 5242 πάντων,
3384 5176 3460 5239 ὡς
3498 5173 3628 5234 ἔπος
3669 5171 3868 5230 εἰπεῖν,

2290 5278 2584 5347 σωμάτων,
2646 5275 2741 5328 καὶ
2796 5273 3108 5328 πεινώντων
3155 5270 3251 5326 καὶ
3290 5263 3646 5341 τρυφώντων,
3674 5258 3874 5316 ὁδεύει.

1868 5612 2103 5668 VABl/E
2154 5609 2559 5667 LECTIONES.

672 5765 689 5798 ¹
725 5764 818 5818 Sic
870 5763 990 5818 sine
1045 5759 1384 5816 dubitatione
1442 5752 1754 5825 rescripsi;

603 5849 689 5888 ναι
720 5837 1028 5900 frequentat
1058 5838 1266 5890 noster,
1295 5838 1349 5880 ut
1383 5830 1448 5884 ad
1477 5821 1762 5897 psalfxxr,
1791 5821 1826 5874 9.
1846 5834 1894 5877 et
1922 5824 2076 5877 alibi.

1827 5750 1941 5822 ἰδίῳ
1993 5750 2336 5820 ineptissime
2389 5747 2626 5802 habebat
2680 5746 2848 5801 editio
2877 5740 3179 5799 Sirmondi.
3212 5738 3301 5812 Τῷ
3334 5737 3490 5810 ίκρίῳ
3522 5733 3882 5810 προσηλωθῆ-
