4074 6450
525 429 661 495 1515

1514 421 2000 487 mmmam
2033 420 2375 487 EPISCOPI
2415 380 2783 492 CYRENSIS

3649 424 3785 494 1516

523 558 809 620 paternam
840 541 1150 614 reliquerit.
1182 549 1237 597 et
1268 540 1459 611 patris
1487 555 1604 596 suae
1641 540 1878 596 alienam
1919 538 2100 608 regio-

2210 539 2415 610 ἠράσθη
2441 541 2535 597 τοῦ
2571 540 2922 613 κεκληκότος,
2950 540 3043 595 καὶ
3071 535 3140 594 τά
3168 539 3307 596 ἀλλα
3345 539 3522 594 πάντα
3553 540 3790 614 δεύτερα

523 655 648 698 nem
696 635 1033 708 przetulerit?
1061 631 1520 703 Quandoquidem
1551 632 1720 687 semel
1757 645 1947 686 amore
1974 629 2099 698 eius

523 737 741 799 captus,
765 727 858 798 qui
889 726 1065 796 ipsum
1100 730 1417 787 vocaverat,
1445 733 1498 779 et
1526 722 1636 782 alia
1665 723 1920 778 universa
1952 720 2101 776 illius

526 822 700 880 amori
733 815 1111 891 postponenda
1153 815 1395 880 censuit,
1435 823 1491 871 et
1536 813 1726 870 multis
1759 812 2102 869 dimcultati-

525 913 629 967 bus
661 910 963 972 involutus,
1008 907 1271 964 dilectum
1317 920 1476 964 suum
1523 919 1634 962 non
1681 905 1938 976 reliquit,
1975 914 2100 959 tan-

523 1016 689 1073 quam
719 1001 816 1072 qui
861 998 1324 1070 promissionibus
1369 997 1488 1055 suis
1547 996 1710 1054 ﬁnem
1765 1011 1877 1055 non
1924 997 2102 1068 impo-

523 1095 726 1150 suisset
765 1090 809 1147 ι.
863 1091 1010 1158 Quin
1057 1091 1221 1146 etiam
1265 1089 1358 1146 siti
1399 1104 1648 1160 pressus,
1693 1097 1750 1144 et
1790 1103 1988 1158 aquam
2034 1104 2102 1144 ex

525 1186 722 1258 puteis,
758 1198 899 1254 quos
929 1181 1166 1250 foderat,
1209 1181 1396 1236 bibere
1440 1179 1791 1251 prohibitus,
1824 1194 1928 1236 nec
1960 1179 2038 1234 illi
2069 1193 2102 1232 a

524 1293 635 1346 quo
677 1287 906 1332 vocatus
944 1282 1065 1330 erat
1099 1273 1416 1343 indignatus
1453 1279 1562 1336 est,
1610 1285 1712 1327 nec
1755 1286 1950 1327 eorum
2004 1271 2100 1341 qui

525 1368 777 1426 laeserant
824 1367 1061 1438 injurias
1105 1372 1190 1420 est
1240 1365 1410 1426 ultus.
1462 1361 1649 1419 Famis
1705 1379 1926 1434 quoque
1988 1365 2099 1419 vim

523 1475 722 1530 passus
750 1467 854 1522 est,
884 1465 939 1512 et
965 1455 1252 1512 charitatis
1273 1454 1546 1510 ﬂammam
1573 1455 1799 1510 minime
1822 1454 2098 1510 restinxit.

525 1553 717 1608 Ablata
742 1551 906 1606 etiam
938 1549 988 1604 ei
1020 1547 1126 1602 fuit
1153 1546 1357 1616 conjux
1390 1557 1454 1612 ιι,
1498 1554 1553 1600 et
1587 1546 1767 1609 forma
1809 1555 2099 1616 praestans,

523 1652 579 1699 et
608 1639 946 1700 continentia
971 1639 1225 1711 insignis,
1251 1652 1486 1709 quaeque
1510 1637 1565 1692 in
1590 1637 1851 1693 omnibus
1877 1651 2101 1703 suavem

525 1735 604 1790 illi
627 1743 683 1791 et
710 1742 920 1806 gratam
945 1734 1112 1788 vitam
1134 1730 1400 1793 reddebat
1425 1748 1438 1784 :
1465 1744 1568 1785 nec
1582 1741 1774 1785 tamen
1796 1727 1888 1783 Dei
1919 1742 2105 1782 amore

524 1843 631 1885 una
663 1841 786 1882 cum
817 1825 1054 1896 conjuge
1080 1823 1350 1893 spoliatus
1369 1831 1474 1877 est.
1508 1821 1615 1878 Sed
1646 1821 1948 1876 auxiliante
1969 1821 2101 1886 Deo,

521 1927 577 1972 et
609 1917 868 1976 diuturna
902 1916 1054 1970 illum
1087 1913 1350 1985 patientia
1382 1920 1694 1977 exercente,
1740 1913 2099 1982 injuriarum-

521 2023 632 2080 que
664 2005 926 2068 incursus
961 2006 1168 2078 perpeti
1212 2005 1586 2076 permittente,
1609 2006 1752 2061 idem
1790 2021 2009 2076 semper
2043 2005 2098 2064 in

519 2113 712 2155 amore
744 2096 984 2167 perstitit
1014 2106 1064 2151 ιι.
1097 2095 1410 2166 Factusque
1445 2103 1566 2150 erat
1607 2109 1774 2151 senex
1795 2134 1810 2160 ,
1850 2105 1904 2150 et
1945 2104 2102 2167 pater

517 2208 634 2247 non
673 2199 793 2246 erat
827 2190 1035 2257 factus,
1073 2197 1130 2244 et
1166 2203 1300 2259 erga
1338 2188 1515 2252 illum,
1547 2187 1642 2258 qui
1676 2197 1887 2258 patrem
1920 2189 2099 2260 ipsum

519 2299 583 2338 se
617 2282 889 2336 facturum
919 2281 1245 2352 promiserat
1277 2281 1519 2350 quidem,
1556 2278 1651 2336 sed
1680 2279 1924 2336 nondum
1957 2282 2104 2337 fece-

515 2383 631 2438 rat,
670 2372 883 2446 1314
914 2373 1167 2430 eumdem
1197 2374 1442 2428 animum
1479 2373 1773 2428 retinebat.
1801 2371 2102 2444 Postquam

520 2473 706 2519 autem
747 2479 875 2520 sero
903 2463 1127 2519 tandem
1156 2463 1506 2534 ,promissum
1545 2463 1809 2530 obtinuit,
1842 2473 1895 2519 et
1924 2464 2106 2519 Sarra;

521 2565 778 2626 naturam
807 2556 1032 2624 devicit,
1065 2565 1119 2612 et
1153 2557 1456 2612 senectutis
1493 2555 1759 2620 terminos
1795 2566 2104 2628 transgres-

525 2664 624 2705 sus
660 2655 769 2716 est,
807 2656 1073 2719 paterque
1115 2647 1286 2706 lsaaci
1341 2647 1590 2713 exstitit,
1638 2661 1807 2719 parvo
1859 2655 2106 2722 tempore

527 2742 636 2807 hoc
666 2740 866 2813 gaudio
897 2752 1174 2798 recreatus
1203 2747 1310 2808 est,
1335 2755 1462 2796 cum
1510 2756 1743 2812 puerum
1780 2741 1892 2810 jam
1928 2741 2108 2797 adole-

516 2833 865 2899 scentem,ei
895 2834 989 2904 qui
1023 2833 1272 2897 dederat,
1295 2833 1350 2887 in
1380 2833 1715 2890 sacriﬁcium
1749 2831 1950 2888 oﬁ‘erre
1979 2832 2104 2902 jus-

522 2941 627 2982 sus
659 2933 767 2989 est,
806 2934 862 2980 et
892 2925 1098 2980 donum
1133 2940 1236 2981 suo
1261 2924 1491 2980 reddere
1525 2925 1776 2996 largitori
1802 2933 1854 2988 ο,
1891 2924 2107 2980 sacriﬁ-

508 3027 805 3089 'catorque.
819 3015 939 3088 ejus
971 3017 1086 3074 ﬁeri
1109 3057 1123 3081 ,
1155 3017 1247 3087 qui
1278 3025 1398 3072 erat
1440 3016 1657 3074 fructus
1695 3017 2104 3088 promissionis,

505 3115 578 3163 oet
601 3108 654 3162 in
686 3107 966 3164 victimam
991 3105 1191 3162 oﬁerre
1217 3120 1476 3178 magnum
1511 3104 1716 3162 fontem
1748 3107 2019 3179 gentium,
2051 3113 2106 3162 et

504 3199 799 3270 sanguine
841 3197 1114 3268 unigeniti
1151 3197 1248 3252 ﬁlii
1291 3212 1488 3253 manus
1526 3204 1840 3252 cruentare.
1873 3195 2106 3252 Verum-
2132 3236 2176 3295 ο

506 3301 707 3345 τ-ιοιιιεη
735 3305 861 3345 cum
891 3290 1006 3354 hac
1032 3297 1256 3356 cuncta,
1285 3297 1453 3358 atque
1480 3289 1569 3343 his
1601 3289 1777 3343 multo
1802 3289 1981 3359 plura,
2013 3305 2106 3346 sa—

509 3380 739 3436 criﬁcio
794 3383 1079 3444 inessent,
1123 3394 1475 3450 nequaquam
1521 3380 1728 3435 restitit
1767 3381 2107 3451 patriarcha,

523 3489 708 3542 neque
734 3473 860 3543 jura
894 3480 1107 3526 natura
1144 3469 1368 3540 objccit,
1404 3484 1583 3540 neque
1617 3469 2015 3540 promissiones
2049 3470 2108 3526 in

526 3565 768 3622 medium
802 3563 1012 3629 attulit,
1049 3577 1230 3633 neque
1257 3561 1468 3616 alendte
1499 3559 1805 3617 senectutis
1835 3568 1891 3616 et
1922 3561 2110 3630 sepul-

525 3666 664 3714 tura:
696 3657 1028 3713 mentionem
1055 3657 1211 3712 fecit.
1249 3654 1474 3720 Verum,
1509 3655 1748 3712 humana
1783 3655 1932 3716 omni
1955 3654 2110 3727 cogi-

528 3749 736 3806 latione
765 3749 1005 3818 abjecta,
1029 3757 1085 3803 et
1107 3746 1387 3804 desiderio
1417 3747 1756 3804 desiderium
1794 3762 2107 3818 opponens,

526 3851 583 3898 ct
616 3842 719 3913 legi
750 3843 949 3912 legem,
971 3840 1214 3894 divinam
1242 3839 1454 3902 scilicet
1479 3839 1740 3904 naturali,
1771 3839 2021 3895 cucurrit
2042 3839 2111 3895 ad

527 3931 862 4000 sacriﬁcium
897 3939 946 3995 Ρ,
975 3930 1121 3984 haud
1153 3929 1318 3985 dubie
1359 3929 1581 4000 plagam
1616 3927 1924 3994 inﬂicturus
1950 3970 1965 3995 ,
1998 3928 2106 3985 nisi

529 4021 781 4078 celeriter
812 4019 1108 4074 munificus
1148 4018 1418 4074 donorum
1441 4017 1700 4088 Largitor
1719 4029 1768 4084 ει,
1800 4030 2113 4090 promptum

526 4113 651 4184 ejus
675 4113 914 4168 animum
940 4111 1276 4183 approbans,
1301 4110 1503 4166 cadem
1529 4111 1880 4168 inhibuisset.
1911 4111 2115 4169 Verum

531 4203 719 4258 nescio
745 4217 815 4256 an
839 4202 1044 4258 amoris
1073 4200 1239 4270 hujus
1263 4200 1630 4270 magnitudini
1650 4202 1978 4257 enarrandas
2006 4204 2116 4257 ulla

532 4293 784 4349 sufficere
824 4301 991 4363 queat
1039 4293 1223 4348 oratio
1259 4303 1303 4348 τ.
1333 4291 1436 4358 Qui
1467 4293 1614 4346 enim
1642 4307 1717 4348 ne
1753 4293 1867 4348 lilio
1892 4293 2116 4366 quidem

533 4385 814 4454 unigenito
836 4385 1103 4456 pepercit,
1124 4395 1419 4456 postquam
1451 4383 1505 4438 id
1531 4382 1768 4440 dilectus
1796 4383 2114 4456 imperavit,

527 4475 665 4552 quid
691 4483 915 4546 propter
951 4475 1102 4530 illum
1132 4489 1242 4529 non
1277 4474 1617 4544 sprevisset?
1653 4472 1759 4530 Sed
1791 4483 1846 4530 et
1885 4492 2116 4547 magnus

529 4583 751 4639 quoque
791 4569 944 4623 Isaac
975 4573 1022 4631 ',
1057 4566 1307 4621 eamdem
1354 4566 1409 4620 in
1459 4564 1757 4622 Dominum
1783 4568 2108 4624 charitatem

2221 4570 2341 4624 θεον
2367 4572 2424 4625 αί
2457 4571 2600 4628 θεῖαι
2634 4573 2848 4646 Γραφαί
2875 4589 2888 4605 ·
2931 4577 3024 4629 καὶ
3059 4577 3222 4642 αὐτὸς
3251 4578 3307 4632 δέ
3327 4581 3356 4633 6
3377 4580 3484 4633 τῶν
3504 4581 3642 4636 ὅλων
3667 4581 3808 4647 Θεὸς
3901 4615 3921 4636 ι

531 4661 747 4724 habuit,
781 4668 947 4730 atque
975 4659 1140 4728 hujus
1161 4659 1323 4714 etiam
1354 4658 1502 4715 ﬁlius
1527 4657 1700 4716 Jacob
1729 4661 2039 4731 patriarcha
2069 4665 2116 4716 ί.

525 4753 835 4821 Utriusque
859 4761 1049 4806 autem
1094 4751 1148 4804 in
1187 4749 1359 4805 Deum
1394 4764 1638 4806 amorem
1671 4752 1873 4808 divina:
1899 4752 2120 4811 Littera:

521 4846 831 4916 praedicant
859 4863 871 4900 :
900 4851 954 4900 et
982 4843 1195 4916 1315
1226 4845 1610 4898 universorum
1639 4843 1784 4904 Deus
1820 4846 1956 4918 ipse,
1987 4865 2121 4905 nus-

527 4953 693 5008 quam
735 4950 920 4991 ramos
952 4951 980 4988 a
1023 4934 1209 4989 radice
1240 4943 1480 5005 separat,
1517 4936 1615 4990 sed
1645 4935 1812 4992 Deum
1847 4953 1907 4994 se
1940 4939 2118 4994 Abra-

533 5026 700 5089 hami,
728 5035 790 5079 et
830 5025 1025 5085 lsaaci,
1061 5022 1327 5079 etJacohi
1354 5027 1594 5097 appellat
1628 5035 1677 5082 ιι.
1713 5026 1920 5084 Horum
1947 5032 2116 5084 etiam

531 5117 748 5170 fructus
778 5115 902 5185 pius
923 5122 1010 5169 est
1033 5111 1239 5184 Joseph
1268 5121 1317 5181 ν,
1351 5117 1444 5186 qui
1483 5116 1630 5170 inter
1656 5117 1890 5187 juvenes
1922 5133 2117 5184 senex,

531 5206 584 5259 et
629 5208 774 5260 inter
817 5221 983 5261 senes
1021 5221 1324 5277 generosus
1369 5209 1580 5263 exstitit
1612 5189 1826 5280 z'cujus
1870 5225 2116 5266 amorem

533 5296 586 5348 in
623 5296 789 5351 Deum
824 5313 924 5351 nec
971 5297 1176 5352 invidia
1208 5297 1408 5354 delevit
1439 5311 1488 5364 ι,
1515 5314 1618 5354 nec
1643 5301 1885 5358 servitus
1908 5301 2118 5355 restin-

535 5387 633 5450 xit,
653 5402 768 5441 nec
797 5388 1034 5443 dominae
1075 5389 1360 5444 blanditia:
1378 5389 1773 5457 dissolverunt,
1825 5408 1926 5448 nec
1956 5394 2116 5451 minae

531 5475 825 5546 metusque
871 5476 1297 5546 labefactarunt,
1340 5495 1438 5535 nec
1468 5479 1775 5536 calumniae
1812 5493 1876 5538 et
1909 5499 2112 5542 carcer

609 5723 626 5762 ι
661 5723 800 5779 Gen.
827 5738 940 5784 xxi.
973 5740 1120 5784 xm.
1197 5738 1237 5766 ω
1261 5730 1400 5787 Gen.
1422 5747 1510 5787 xx.

531 5791 705 5850 Hebr.
743 5810 820 5849 xl.
922 5805 950 5845 Ρ
973 5795 1109 5850 Gen.
1143 5815 1277 5864 uti,

533 5879 691 5922 ακιιι
715 5875 771 5919 οι
800 5881 829 5918 ι
841 5880 962 5920 ην.

1587 5743 1614 5770 ι
1639 5732 1778 5788 Gen.
1807 5750 1904 5807 εκ,
1931 5737 1996 5789 Π
2030 5746 2082 5792 et
2115 5739 2201 5797 l8.
2242 5739 2402 5797 Rom.
2435 5742 2465 5795 4
2497 5757 2512 5807 ;
2547 5743 2728 5800 Galat.
2751 5758 2808 5797 tu
2840 5741 3026 5806 -,Gen.
3064 5758 3128 5795 xv
3168 5751 3222 5797 et
3263 5760 3319 5798 ιι.

1401 5801 1568 5857 τίεις.
1608 5819 1665 5857 ιι.
1759 5813 1780 5842 ι’
1809 5805 1947 5861 Gen.
1987 5824 2127 5864 xm.

1076 5877 1104 5904 ιι
1137 5866 1274 5927 Gen.
1304 5885 1455 5937 xxvi,
1492 5888 1683 5928 xxvm.
1757 5883 1782 5912 '
1808 5876 1980 5933 Exod.
2013 5894 2072 5934 Ill
2114 5888 2167 5935 et
2204 5897 2276 5936 tv.

2200 631 2301 702 τῆς
2327 632 2537 686 ἐκείνου
2595 632 2779 702 φιλίας
2835 630 3124 701 ἐδοκίμασε
3177 629 3384 696 θέσθαι,
3429 631 3525 684 καὶ
3563 633 3789 699 πολλαῖς

2202 724 2468 788 πολλάκις·
2519 725 2828 787 δυσκολίαις
2877 722 3227 796 περιπεσὼν,
3271 722 3333 778 ού
3385 724 3646 778 κατέλιπε
3696 725 3789 778 τὸν

2202 812 2502 884 ἐρώμενον,
2525 812 2602 876 ὼς
2645 815 2765 878 ταῖς
2810 812 3167 882 ἐπαγγελίαις
3191 813 3292 866 οὐκ
3329 811 3584 867 ἐπιθέντα
3609 813 3670 866 τὺ
3693 814 3788 871 πέ-

2205 921 2342 976 ραςο
2375 905 2515 960 ἀλλά
2566 905 2661 960 καὶ
2703 905 2846 975 δίψει
2893 903 3252 974 πιεζόμενος,
3282 901 3378 957 καὶ
3440 907 3591 957 πιεῖν
3642 903 3789 976 ὕδωρ

2203 995 2298 1064 ἀφ’
2322 987 2398 1048 ὧν
2434 994 2614 1068 ὤρυξε
2667 996 2920 1064 φρεάτων
2961 992 3300 1065 εἰργόμενος,
3347 992 3473 1048 οὔτε
3523 993 3668 1048 κατά
3691 993 3790 1048 τοῦ

2204 1084 2534 1150 καλέσαντος
2569 1088 2946 1158 ἐδυσχέρανεν,
2975 1085 3102 1140 οὔτε
3131 1087 3259 1149 τοὺς
3289 1085 3614 1151 ἀδικοῦντας
3635 1085 3787 1158 ἠμύ-

2203 1193 2352 1233 νατο.
2385 1177 2632 1244 Ἐδέξατο
2655 1181 2750 1232 καὶ
2783 1177 2941 1248 λιμοῦ
2979 1175 3304 1248 προσϐολὴν,
3342 1178 3436 1229 καὶ
3464 1177 3565 1229 οὐκ
3591 1175 3787 1232 ἔσϐεσε

2202 1267 2294 1322 τὸν
2322 1267 2422 1340 τῆς
2455 1270 2674 1339 ἀγάπης
2701 1269 2908 1339 πυρσόν
2933 1284 2947 1298 ’
2979 1267 3230 1340 ἀφῃρέθη
3264 1267 3362 1322 καὶ
3389 1267 3488 1338 τὴν
3519 1267 3786 1337 ὁμόζυγα,

2170 1423 2180 1436 ⁸
2203 1362 2302 1414 καὶ
2322 1358 2443 1432 ὥρᾳ
2464 1359 2811 1431 λάμπουσαν,
2838 1360 2932 1416 καὶ
2958 1360 3284 1431 σωφροσύνῃ
3329 1361 3788 1432 κεκοσμημένην,

2203 1455 2300 1506 καὶ
2321 1451 2409 1506 διά
2429 1453 2645 1507 πάντων
2682 1451 2832 1522 αύτῷ
2869 1453 3095 1525 θυμήρη
3128 1452 3219 1506 τὸν
3252 1453 3369 1522 βίον
3404 1452 3788 1523 παρέχουσαν

2207 1545 2298 1598 καὶ
2325 1544 2385 1597 ού
2431 1545 2782 1618 συναφῃρέθη
2831 1545 2931 1616 τὴν
2977 1545 3108 1616 περὶ
3144 1545 3237 1600 τὸν
3281 1545 3416 1600 Θεὸν
3468 1547 3688 1616 ἀγάπην
3719 1549 3788 1618 τῇ

2206 1637 2444 1704 γυναικί.
2488 1637 2652 1691 Ἀλλά
2699 1638 2790 1692 καλ⁵
2833 1636 3206 1707 ἐπαμύνοντος
3245 1636 3337 1692 τοῦ
3372 1636 3531 1702 Θεοῦ,
3571 1636 3665 1692 καὶ
3691 1635 3794 1708 τὴν

2209 1727 2592 1800 μακροθυμίαν
2618 1728 3010 1801 γυμνάζοντος,
3040 1729 3135 1781 καὶ
3180 1729 3596 1800 συγχωροῦντος
3634 1726 3794 1798 δέχεφ

2173 1820 2332 1894 ςσθαι
2362 1824 2464 1894 τῆς
2519 1823 2732 1888 ἀδικίας
2753 1823 2852 1886 τάς
2889 1821 3214 1893 προσϐολὰς,
3265 1822 3467 1891 ὁμοίως
3521 1819 3794 1890 διέμεινεν

2207 1914 2460 1984 ἀγαπῶν.
2479 1916 2590 1970 Καὶ
2607 1913 2920 1985 πρεσϐύτης
2947 1914 3186 1982 ἐγένετο,
3219 1915 3316 1967 καὶ
3337 1911 3522 1984 πατὴρ
3535 1914 3634 1966 οὐκ
3668 1913 3795 1982 ἐγέ-

2208 2023 2351 2073 νετο,
2373 2006 2468 2060 καὶ
2493 2007 2621 2077 περὶ
2647 2005 2806 2060 αύτδν
2822 2005 3032 2078 πατέρα
3057 2006 3304 2075 ποιήσειν
3328 2004 3796 2075 ἐπαγγειλάμενον

2213 2093 2334 2164 μὲν,
2354 2094 2414 2147 οὐ
2447 2094 2785 2164 πεποιηκότα
2817 2093 2874 2148 δέ
2895 2094 3053 2158 τέως,
3072 2094 3275 2165 ὁμοίως
3292 2094 3543 2148 διέκειτο.
3564 2095 3790 2166 Ἐπειδὴ

2209 2184 2267 2248 δέ
2284 2183 2382 2255 ὀψέ
2402 2203 2555 2253 ποτε,
2587 2185 2681 2240 καί⁵
2702 2184 3146 2258 τὴνλέπαγγελίαν
3167 2186 3348 2253 ἔλαϐε,
3364 2185 3567 2253 καὶτῆς
3579 2187 3794 2259 Σάρρας

2210 2275 2316 2347 τὴν,
2353 2275 2516 2345 φύσιν
2573 2276 2816 2346 ἐνίκησε,
2847 2276 2936 2332 καὶ
2978 2275 3074 2331 τοῦ
3119 2278 3321 2349 γήρους
3381 2277 3625 2348 ὑπερέϐη
3669 2279 3797 2340 τοὺς

2210 2367 2388 2439 ὅρους,
2423 2369 2516 2423 καὶ
2560 2367 2655 2422 τοῦ
2683 2367 2868 2423 Ἰσαὰκ
2889 2368 3177 2440 ἀπεφάνθη
3227 2369 3431 2439 πατὴρ,
3466 2369 3647 2438 ὀλίγον
3694 2367 3795 2440 μὲν

2212 2462 2401 2534 χρόνον
2415 2465 2515 2534 τῆς
2535 2461 2783 2517 ἐντεῦθεν
2793 2461 3057 2534 θυμηδίας
3100 2462 3383 2534 ἀπήλαυσε
3398 2477 3411 2490 ·
3435 2462 3718 2532 μειράκιον
3742 2462 3798 2515 is

2210 2550 2273 2605 τὺ
2290 2551 2500 2606 παιδίον
2516 2552 2824 2625 γενόμενον,
2845 2555 3232 2625 προσενεγκεῖν
3246 2555 3323 2613 εἰς
3337 2552 3527 2608 θυσίαν
3537 2552 3797 2624 προσετά-

2213 2643 2316 2716 χθη
2341 2644 2420 2715 τῷ
2447 2644 2725 2710 δεδωκότι,
2755 2647 2849 2702 καὶ
2867 2646 2928 2702 τδ
2947 2645 3118 2718 δῶρον
3139 2647 3235 2701 ἀντ
3244 2645 3532 2716 ιδοῦναιτῷ
3551 2663 3607 2718 χν
3619 2645 3797 2718 ρηγῷ,

2215 2737 2312 2792 καὶ
2348 2737 2527 2810 ἱερεὺς
2546 2738 2799 2807 γενέσθαι
2824 2738 2918 2793 τοῦ
2940 2739 3042 2810 τῆς
3083 2738 3417 2808 ἐπαγγελίας
3442 2738 3680 2810 καρποῦ,
3702 2737 3799 2792 καὶ

2213 2831 2590 2899 προσαγαγεῖν
2646 2831 2727 2895 είς
2770 2831 2963 2887 θυσίαν
3007 2832 3115 2886 τῶν
3170 2831 3340 2886 ἐθνῶν
3395 2832 3493 2904 τὴν
3546 2833 3795 2902 μεγάλην

2214 2920 2419 2992 πηγὴν,
2451 2921 2543 2976 καὶ
2576 2924 2769 2992 αἵματι
2818 2923 3142 2995 μονογενοῦς
3171 2923 3360 2988 παιδὸς
3412 2924 3799 2992 καταφοινίξαι

2213 3010 2312 3076 τὰς
2338 3014 2544 3084 χεῖρας.
2599 3013 2738 3067 Ἀλλ’
2766 3014 2917 3084 ὅμως
2949 3013 3124 3075 ταῦτα
3168 3015 3369 3081 πάντα,
3404 3016 3499 3070 καὶ
3532 3015 3615 3068 ἔτι
3667 3015 3797 3068 τού-

2214 3119 2324 3156 των
2347 3101 2526 3175 πολλῷ
2559 3103 2804 3168 πλείονα,
2832 3105 2933 3175 τῆς
2966 3105 3158 3170 θυσίας
3213 3107 3469 3177 ἐχούσης,
3523 3107 3624 3160 ούκ
3666 3108 3800 3162 ἀντ-

2215 3191 2418 3248 έτεινεν
2436 3193 2465 3246 6
2493 3195 2855 3266 πατριάρχης,
2875 3195 2992 3250 ούδέ
3013 3194 3079 3250 τὰ
3095 3197 3196 3266 τῆς
3216 3197 3430 3267 φύσεως
3459 3197 3802 3268 προύϐάλετο

2211 3285 2419 3352 δίκαια,
2448 3287 2570 3342 οὐδὲ
2598 3288 2695 3355 τὰς
2755 3291 3077 3361 ὑποσχέσεις
3111 3294 3190 3357 είς
3223 3279 3386 3363 μέσον
3449 3293 3703 3364 παρήγαγ
3717 3307 3802 3360 ευ,

2210 3378 2335 3432 ούδέ
2364 3381 2728 3453 γηρωκομίας
2757 3383 2850 3437 καί⁷
2873 3384 3049 3455 ταφῆς
3070 3383 3387 3456 ἀνεμνήσθη
3406 3401 3420 3416 ·
3444 3383 3579 3438 ἀλλά
3621 3385 3801 3440 πάντα

2210 3470 2474 3544 λογισμὸν
2512 3474 2857 3546 ἀνθρώπινον
2887 3477 3072 3547 ῥίψας,
3116 3479 3212 3533 καὶ
3239 3478 3390 3550 πόθῳ
3446 3480 3612 3535 πόθον
3653 3481 3804 3535 ἀντι-

2209 3563 2396 3628 τάξας,
2428 3567 2522 3620 καὶ
2559 3566 2710 3640 νόμῳ
2731 3568 2896 3638 νόμον
2940 3569 3292 3642 ἀντιστήσας,
3321 3569 3400 3640 τῷ
3435 3571 3534 3640 τῆς
3570 3571 3793 3640 φύσεως

2210 3655 2273 3710 τὸ
2324 3655 2486 3722 θεῖον,
2508 3657 2742 3730 ἔδραμεν
2770 3660 2852 3724 είς
2884 3661 2984 3730 τὴν
3015 3661 3348 3734 ἱερουργίαν,
3401 3661 3801 3726 ἀνενδοιάστως

2212 3747 2526 3819 ἐπενεγκεῖν
2551 3751 2650 3822 τὴν
2672 3751 2906 3822 πληγὴν,
2933 3755 2980 3806 εἰ
3004 3753 3080 3825 μὴ
3109 3755 3320 3825 ταχέως
3336 3756 3799 3828 δΜεγαλόδωρος,

2212 3839 2312 3908 τὴν
2365 3840 2675 3912 προθυμίαν
2729 3842 3057 3913 δεξάμενος,
3112 3843 3353 3898 ἐκώλυσε
3393 3845 3492 3917 τὴν
3553 3849 3796 3916 σφαγήν.

2227 3929 2390 3985 Ἀλλά
2431 3931 2539 4003 γὰρ
2585 3933 2687 3987 ούκ
2726 3929 2865 3999 οῖδα,
2898 3935 2953 3988 εί
2978 3953 3060 3999 τις
3101 3937 3170 3991 ἀν
3195 3936 3449 4007 ἀρκέσεις
3490 3937 3670 4007 λόγος,
3719 3941 3804 4004 είς

2214 4021 2313 4094 τὴν
2342 4022 2434 4078 τοῦ
2465 4025 2667 4094 ἔρωτος
2693 4018 2844 4079 τοῦδε
2872 4026 3147 4098 διήγησιν.
3185 4027 3242 4082 '0
3274 4029 3384 4099 γὰρ
3438 4029 3574 4101 μηδέ
3634 4047 3798 4101 μονοι-

2215 4115 2406 4184 γενοῦς
2437 4116 2767 4187 φεισάμενος
2805 4118 3017 4184 παιδὸς,
3051 4119 3238 4190 ἐπειδὴ
3268 4119 3428 4174 τοῦτο
3462 4122 3802 4192 προσέταξεν

2213 4209 2245 4260 6
2273 4207 2566 4278 ἐρώμενος,
2602 4209 2749 4272 τίνος
2779 4209 2877 4263 ούκ
2903 4209 2970 4264 ἀν
2998 4211 3087 4265 διὰ
3120 4211 3309 4266 τοῦτον
3341 4213 3802 4285 ύπερεφρόνησες

2219 4296 2312 4350 καὶ
2364 4296 2529 4361 αὐτὸς
2564 4296 2620 4377 δέ
2650 4300 2678 4351 6
2733 4297 2908 4368 μέγας
2948 4301 3154 4365 Ἰσαὰκ,
3193 4303 3292 4373 τὴν
3357 4305 3527 4375 αὐτὴν
3572 4305 3805 4379 ἀγάπην

2219 4389 2348 4459 περὶ
2379 4389 2470 4443 τὸν
2509 4392 2788 4463 Δεσπότην
2833 4393 3121 4464 ἐκτήσατο.
3175 4395 3284 4450 Καὶ
3303 4399 3330 4450 6
3353 4398 3548 4452 τούτου
3579 4399 3636 4453 δέ
3658 4400 3805 4466 υίὸς,

2233 4480 2422 4534 Ἰακὼϐ
2441 4481 2467 4532 6
2483 4484 2847 4556 πατριάρχης.
2889 4485 3109 4556 ’ᾼδουσι
3129 4487 3185 4542 δὲ
3211 4488 3537 4561 ἀμφοτέρων
3569 4490 3631 4546 τὸ
3651 4492 3809 4560 φιλό-

2219 4663 2456 4734 ούδαμοῦ
2505 4665 2604 4736 τῆς
2647 4665 2803 4738 ῥίζης
2837 4667 3156 4740 διαχωρίξει
3207 4672 3332 4734 τοὺς
3385 4671 3632 4736 κλάδους,
3664 4673 3810 4728 ἀλλὰ

2218 4755 2351 4808 Θεὸν
2379 4756 2570 4810 ἑαυτὸν
2608 4757 2885 4830 Ἀϐραὰμ,
2917 4760 3010 4812 καὶ
3041 4761 3246 4827 Ἰσαὰκ,
3289 4763 3384 4818 καὶ
3425 4761 3619 4817 Ἰακὼϐ
3681 4765 3807 4819 δνο-

2222 4847 2404 4920 μάζει.
2466 4848 2685 4904 Τούτων
2718 4851 2835 4905 ἐστὶ
2879 4853 3089 4924 καρπὸς
3119 4853 3351 4926 εὐσεϐὴς
3385 4856 3478 4908 καὶ
3511 4855 3738 4928 Ἰωσὴφ,
3778 4861 3809 4912 6

2219 4943 2277 4994 ἐν
2308 4940 2448 5005 νέοις
2470 4941 2804 5013 πρεσϐύτης,
2841 4944 2939 4996 καὶ
2965 4945 3024 4996 ἐν
3051 4945 3388 5015 πρεσϐύταις
3425 4950 3676 5015 γενναῖος
3700 4965 3715 4980 ⁶
3744 4946 3808 5007 οῦ

2216 5035 2277 5086 τὸ
2297 5033 2542 5103 φιλόθεον
2575 5033 2700 5089 οὔτε
2723 5035 2914 5106 φθόνος
2939 5037 3241 5107 ὴνάλωσεν,
3269 5040 3392 5094 οὕτε
3417 5041 3631 5098 δουλεία
3669 5062 3807 5102 κατ-

2217 5124 2460 5190 έσϐεσεν,
2488 5125 2550 5179 ού
2583 5125 2870 5199 δεσποίνης
2899 5128 3132 5201 ἐσύλησε
3179 5132 3459 5200 κολακεία,
3483 5137 3584 5190 οὐκ
3603 5134 3806 5211 ἀπειλὴ

2216 5219 2312 5270 καὶ
2342 5218 2463 5282 δέος
2494 5219 2766 5292 ἐμάρανεν
2787 5237 2800 5252 ·
2825 5220 2887 5275 ού
2910 5224 3268 5292 συκοφαντία,
3285 5225 3379 5280 καὶ
3403 5225 3812 5300 δεσμωτήριον,

2218 5307 2311 5361 καὶ
2340 5309 2533 5380 χρόνος
2567 5312 2775 5383 μακρὸς
2804 5313 3041 5368 κατεπά)
3057 5331 3244 5370 αισενο
3287 5319 3389 5370 οὐκ
3421 5312 3662 5386 ἐξουσία,
3710 5323 3813 5375 καὶ

2220 5399 2542 5467 δυναστεία,
2578 5403 2672 5458 καὶ
2714 5405 2914 5478 τρυφὴ,
2957 5407 3051 5460 καὶ
3101 5407 3354 5476 πλοῦτος,
3417 5412 3513 5483 τῆς
3563 5412 3814 5478 διανοίας

2221 5489 2478 5556 ἐξέϐαλεν
2510 5509 2524 5524 ·
2549 5494 2665 5548 ἀλλ’
2704 5493 2921 5565 ἔμεινεν
2939 5497 3144 5567 ὁμοίως
3176 5498 3271 5553 καὶ
3298 5498 3509 5570 βλέπων
3533 5500 3625 5555 τδν
3657 5501 3812 5572 ἐρώ-

3426 5753 3451 5779 ⁰
3471 5742 3609 5799 Gen.
3647 5759 3754 5800 nrt
3786 5785 3804 5812 ,

2226 5819 2248 5847 ³
2284 5810 2398 5865 Gen
2431 5828 2581 5884 ξιιγ.
2611 5829 2758 5871 χιιι-ι,
2787 5821 2842 5870 et
2877 5829 3048 5866 uvtt.
3153 5819 3170 5849 ‘
3209 5813 3342 5870 Gen.
3379 5829 3522 5868 mm
3551 5856 3565 5880 ,
3605 5810 3808 5884 nvm,

2380 5880 2559 5938 παρη.
2597 5899 2782 5937 unm
2814 5893 2866 5938 et
2901 5897 3091 5938 xxxix.
