4074 6400
369 379 506 448 1517

1167 379 1452 440 ORATIO
1489 378 1586 438 DE
1625 374 1893 437 D‘V'INA
1932 373 2026 432 ET
2066 374 2351 435 SANCTA
2375 375 2808 438 CHARITATE

3493 376 3631 441 1518
3699 404 3702 406 τ

368 515 550 571 μενον,
580 495 674 551 καὶ
713 495 837 559 τοὺς
887 495 1097 550 ἐκείνου
1144 497 1342 566 νόμους
1397 494 1640 566 πληρῶν.
1687 492 1948 561 Ταύτηνὸ

2063 507 2376 563 .empnsque
2406 493 2682 563 prolixum
2711 501 3123 565 expugnarunt,
3151 509 3259 548 non
3285 502 3551 564 potestas,
3575 506 3632 551 et

365 589 574 658 Μωσῆς
615 589 714 660 τὴν
759 588 980 659 ἀγάπην
1027 587 1406 658 κτησάμενος,
1440 587 1542 657 τῆς
1567 586 1627 638 ἐν
1655 582 1949 654 βασιλείοις

364 679 578 749 διαίτης
601 680 1048 750 καταφρονήσας,
1095 677 1298 748 μᾶλλον
1339 677 1517 730 εἵλετο
1552 674 1950 744 συγκακουχεϊ-

369 768 498 822 σθαι
525 767 604 839 τῷ
629 767 742 838 λαῷ
762 767 858 822 τοῦ
884 767 1045 832 Θεοῦ,
1067 766 1100 838 ἢ
1131 766 1468 838 πρόσκαιρον
1495 765 1640 835 ἔχειν
1673 763 1949 833 ἁμαρτίας

364 860 690 915 ἀπόλαυσιν.

438 1123 549 1178 Καὶ
573 1123 625 1178 τί
658 1123 741 1178 δεῖ
793 1123 1058 1196 μηκύνειν
1111 1124 1210 1180 καὶ
1269 1123 1414 1195 πέρα
1467 1119 1562 1176 τοῦ
1626 1119 1828 1192 μέτρου
1859 1118 1950 1174 τὸν

364 1212 523 1282 λόγον
573 1212 882 1278 ἐκτείνειν;
936 1213 1015 1284 Τῇ
1065 1211 1188 1284 θείᾳ
1234 1211 1344 1284 γάρ
1396 1211 1588 1284 ἀγάπῃ
1642 1212 1792 1266 πᾶσα
1843 1209 1952 1263 τῶν

364 1304 725 1376 προφητῶνὴ
771 1305 992 1376 ἑταιρία
1040 1305 1381 1376 κεχρημένη,
1435 1304 1528 1358 καὶ
1574 1301 1950 1374 κοσμουμένη,

365 1401 461 1452 καὶ
488 1399 588 1469 τὴν
618 1397 964 1467 τελειοτάτην
1012 1397 1378 1469 κατώρθωσεν
1423 1395 1650 1469 ἀρετὴν,
1701 1397 1798 1450 καὶ
1839 1394 1955 1450 ἀεί·-

367 1505 607 1560 μνηστον
637 1488 697 1540 τὸ
723 1486 883 1550 κλέος
913 1484 1199 1543 κατέλιπε.
1233 1487 1345 1540 Καὶ
1378 1486 1563 1557 μέντοι
1591 1486 1687 1542 καὶ
1708 1486 1815 1539 τῶν
1828 1486 1954 1538 ἀπο-

367 1580 570 1635 στόλων
602 1579 828 1650 ὀχορδς,
865 1579 959 1632 καὶ¹
1015 1577 1124 1633 τῶν
1171 1577 1464 1650 μαρτύρων
1483 1579 1534 1632 οί
1576 1578 1766 1649 δῆμοι,
1797 1576 1956 1631 τοῦτο

364 1672 426 1725 τὸ
455 1670 567 1742 πῦρ
614 1669 982 1740 εἰσδεξάμενοι
1006 1710 1022 1736 ,
1090 1670 1310 1724 πάντων
1352 1669 1452 1739 μὲν
1503 1669 1788 1741 ὑπερεῖδον
1826 1667 1951 1732 δῶν

364 1765 696 1835 ὁρωμένων,
757 1762 938 1832 πάσης
969 1762 1026 1817 δέ
1069 1761 1216 1832 ζωῆς
1269 1762 1491 1833 ἡδίστης
1518 1762 1588 1816 τὰ
1631 1764 1802 1834 μυρία
1844 1761 1954 1816 τῶν

2051 585 2376 649 dominatio,
2414 591 2468 639 et
2497 584 2739 649 deliciae,
2772 593 2826 639 et
2857 599 2990 654 opes
3025 599 3053 639 a
3081 587 3353 641 sententia
3384 585 3633 641 dimove-

2051 686 2225 732 runt:
2263 675 2359 731 sed
2390 677 2630 748 perstitit
2657 676 2848 731 eodem
2878 692 3098 748 semper
3132 677 3320 741 modo,
3364 687 3418 733 et
3467 695 3631 749 quem

2053 768 2312 837 diligebat
2348 768 2737 832 considerans,
2769 774 2824 821 et
2846 767 2965 836 ejus
3001 767 3146 837 leges
3174 766 3497 822 observans.
3521 766 3635 823 Hac

2050 861 2240 916 eadem
2257 859 2526 913 charitate
2550 857 2811 929 praeditus
2834 856 3034 924 Moses,
3055 858 3257 928 regalis
3284 859 3424 913 aulae
3450 866 3637 928 spreto

2053 953 2331 1015 convictu,
2387 949 2551 1020 amigi
2609 950 2804 1005 maluit
2863 964 2988 1003 cum
3041 949 3246 1019 populo
3301 948 3418 1014 Dei,
3470 965 3637 1020 quam

2053 1045 2372 1115 temporalis
2405 1044 2620 1114 peccati
2645 1043 2846 1098 habere
2875 1041 3275 1111 iucunditatem
3308 1051 3358 1093 γ.

2125 1136 2191 1191 Ει
2238 1137 2370 1208 quid
2424 1150 2650 1190 necesse
2689 1142 2775 1189 est
2818 1135 3048 1188 ulterius
3077 1147 3385 1189 sermonem
3416 1143 3636 1202 protra-

2056 1229 2208 1290 here,
2242 1226 2578 1298 modumque
2609 1224 2882 1312 orationis
2934 1225 3237 1280 excedere?
3273 1222 3411 1278 Nam
3449 1225 3636 1279 divina

2053 1320 2330 1376 charitate
2363 1319 2623 1374 universa
2666 1317 3069 1388 prophetarum
3103 1315 3308 1370 cohors
3340 1329 3438 1371 usa
3472 1323 3523 1369 et
3547 1329 3638 1368 or-

2055 1417 2214 1478 nata,
2244 1419 2301 1467 et
2340 1408 2807 1481 perfectissimam
2851 1406 3112 1462 virtutem
3145 1413 3232 1461 est
3267 1413 3543 1470 assecuta,
3580 1412 3638 1461 et

2055 1503 2288 1576 gloriam
2317 1501 2559 1558 nominis
2575 1500 2975 1571 sempiternam
3002 1497 3254 1568 reliquit.
3281 1496 3387 1553 Sed
3410 1505 3468 1553 et
3508 1513 3640 1568 apo-

2058 1593 2325 1649 stolorum
2359 1591 2586 1656 chorus,
2615 1600 2671 1646 et
2699 1599 3001 1659 martyrum
3031 1589 3337 1652 exercitus,
3381 1587 3489 1641 hoc
3515 1588 3640 1658 igne

2056 1693 2344 1756 concepto,
2391 1682 2632 1738 visibilia
2678 1681 2864 1736 omnia
2910 1677 3254 1750 contemptui
3297 1677 3638 1744 habuerunt,

2057 1785 2112 1830 et
2145 1777 2409 1832 inﬁnities
2441 1774 2605 1835 mori.
2645 1787 2811 1845 quam
2849 1771 3184 1828 suavissima
3222 1770 3336 1825 vita
3370 1768 3477 1824 frui
3525 1784 3643 1824 ma-

366 1855 616 1910 θανάτων
673 1854 787 1925 είδη
871 1852 1208 1924 προείλοντο.
1266 1851 1622 1923 Ἐρασθέντες
1679 1852 1790 1922 γὰρ
1859 1851 1954 1905 τοῦ

2063 1867 2300 1921 luerunt.
2332 1864 2489 1935 Capti
2524 1863 2667 1920 enim
2701 1862 2903 1917 divinae
2943 1859 3380 1932 pulchritudinis
3426 1874 3640 1925 amore,

367 1947 514 2001 θείου
547 1946 799 2012 κάλλους,
835 1947 930 1999 καὶ
955 1943 1016 1998 τὸ
1043 1945 1171 2015 περὶ
1196 1945 1345 2014 ἡμᾶς
1369 1943 1463 1997 τοῦ
1495 1942 1631 1997 Θεοῦ
1656 1942 1954 2014 λογισάμεο

365 2057 448 2094 νοι
466 2037 708 2112 φίλτρον,
732 2035 945 2100 καὶτὰς
966 2035 1166 2108 μυρίας
1187 2033 1588 2105 ἐνθυμηθέντες
1607 2035 1950 2106 εὐεργεσίας,

366 2130 590 2200 αἰσχρὸν
633 2130 934 2200 ἡγήσαντο,
975 2128 1112 2197 μήτε
1142 2125 1203 2182 τὸ
1233 2125 1428 2188 κάλλος
1475 2126 1652 2181 ἐκεῖνο
1715 2126 1952 2194 ποθῆσαι

366 2223 429 2275 τὸ
457 2222 756 2293 ἄφραστον,
783 2221 878 2274 καὶ
899 2218 1186 2290 ἀχάριστοι
1210 2218 1338 2288 περὶ
1358 2215 1448 2270 τὸν
1471 2215 1768 2287 εὐεργέτην
1795 2217 1954 2285 γενέ-

370 2314 515 2367 σθαι.
550 2312 752 2365 Τούτου
781 2311 961 2382 χάριν,
1014 2309 1176 2380 μέχρι
1205 2307 1437 2362 θανάτου
1467 2309 1566 2371 τὰς
1601 2307 1737 2377 πρὸς
1788 2307 1953 2361 αὐτὸν

370 2404 646 2475 συνθήκας
677 2400 970 2472 ἐφύλαξαν.
1009 2399 1214 2453 Τούτου
1244 2397 1338 2452 τοῦ
1370 2397 1600 2461 κάλλους
1628 2398 1952 2470 ἐρασθέντες

368 2498 465 2550 καὶ
497 2494 678 2554 οίνέοι
710 2496 809 2565 τῆς
829 2493 1034 2566 ἀρετῆς
1061 2490 1312 2562 ἀθληταὶ,
1345 2483 1422 2544 ὧν
1453 2491 1869 2562 συνεγράψαμεν
1895 2493 1953 2546 ἐν

373 2587 626 2658 συντόμῳ
650 2585 743 2638 τὸν
776 2583 910 2655 βίον,
948 2585 1028 2646 είς
1069 2586 1195 2646 τοὺς
1239 2581 1511 2652 μεγάλους
1567 2582 1829 2649 ἐκείνους,
1861 2585 1956 2639 καὶ

371 2680 468 2752 τὴν
487 2678 834 2750 ἀνθρωπείαν
855 2663 1014 2748 φύσιν
1030 2676 1317 2740 νικῶντας,
1349 2676 1608 2748 είσεπήδη
1618 2693 1714 2731 σαν
1737 2675 1952 2740 ἄθλους.

371 2772 544 2828 Τοῦτο
569 2772 628 2824 δέ
663 2769 850 2839 σαφῶς
884 2769 1084 2831 αὐτοὺς
1116 2769 1504 2834 ἐξεπαίδευσαν
1535 2770 1590 2822 αἱ
1621 2768 1764 2822 θεῖαι
1808 2769 1952 2840 Γρα-

370 2865 488 2934 φαί.
520 2861 798 2918 Ψάλλουσι
823 2861 931 2931 γάρ
951 2858 1089 2930 μετά
1109 2859 1203 2914 τοῦ
1231 2858 1466 2930 μεγάλου
1499 2858 1664 2911 Δαόίδ
1683 2874 1698 2888 ·
1728 2876 1747 2910 ι
1779 2857 1954 2929 Κύριε

369 2958 401 3009 ὁ
431 2955 564 3018 Θεός
597 2971 723 3025 μου,
751 2951 826 3014 ώς
856 2948 1234 3022 ἐμεγαλύνθης
1265 2949 1494 3020 σφόδρα.
1535 2949 1954 3020 Ἐξομολόγησιν

372 3050 470 3103 καὶ
519 3043 998 3118 μεγαλοπρέπειαν
1060 3041 1317 3105 ἐνεδύσω,
1366 3040 1800 3112 ἀναὸαλλόμενος
1838 3039 1954 3111 φῶς

375 3141 451 3202 ὡς
487 3138 732 3210 ἱμάτιονσ
769 3135 1030 3189 ἐκτείνων
1068 3134 1160 3190 τὸν
1187 3133 1439 3206 ούρανδν,
1495 3132 1629 3187 ώσεὶ
1681 3133 1902 3204 δέρῤιν·
1931 3150 1950 3183 ι

369 3231 470 3285 καὶ
485 3204 651 3285 τάλλα
676 3229 778 3283 ὅσα
791 3227 890 3298 τὴν
914 3226 1106 3294 σοφίαν
1130 3204 1291 3279 αὐτοῦ
1314 3226 1556 3280 διδάσκει
1585 3225 1680 3278 καὶ
1708 3223 1958 3294 δύναμιν.
1988 3204 2030 3261 C

378 3324 486 3377 Καὶ
505 3321 692 3375 πάλινε
725 3338 744 3371 ι
769 3319 826 3372 ὐ
849 3316 1051 3388 Κύριος
1097 3315 1470 3382 ἐϐασίλευσεν,
1506 3315 1841 3388 εὐπρέπειαν
1871 3316 1972 3368 ἐν-’

375 3414 619 3468 εδύσατοο
640 3410 924 3465 ἐνεδύσατο
961 3408 1161 3480 Κύριος
1181 3407 1427 3478 δύναμιν,
1448 3409 1543 3462 καὶ
1557 3407 1930 3481 περιεζώσατο
1946 3423 1960 3437 ·

377 3502 602 3572 καὶγὰρ
641 3499 972 3570 κατώρθωσε
1007 3499 1106 3568 τὴν
1139 3496 1488 3567 οἰκουμένην,
1513 3497 1636 3568 ἦτις
1664 3498 1727 3550 οὐ
1768 3495 1963 3550 σαλευ-

377 3594 630 3665 θήσεται.
661 3611 680 3643 ι
731 3589 1028 3645 Κάνταῦθα
1077 3588 1138 3642 δέ
1193 3586 1456 3651 ὡσαύτως
1498 3589 1594 3642 καὶ
1648 3587 1810 3656 σοφία
1865 3585 1961 3640 καὶ

378 3686 572 3748 κάλλος
611 3682 925 3755 ἐκηρύχθη,
980 3681 1076 3734 καὶ
1113 3679 1365 3750 δύναμις.
1411 3681 1522 3733 Καὶ
1578 3679 1804 3751 ἑτέρωθι
1861 3679 1958 3732 δέ’

385 3799 403 3830 ι
434 3780 647 3849 Ὠραίος
677 3775 866 3830 κάλλει
904 3772 1058 3844 παρὰ
1085 3774 1212 3836 τοὺς
1241 3773 1391 3836 υἱοὺς
1428 3771 1536 3825 τῶν
1585 3769 1912 3843 ἀνθρώπων.
1936 3790 1954 3823 ι

392 3869 656 3926 Ἐνταῦθα
683 3867 762 3930 δὲ,
798 3866 893 3920 καὶ
923 3865 983 3919 τὸ
1012 3863 1355 3936 ἀνθρώπινον
1383 3862 1476 3918 τού
1499 3863 1636 3918 Θεοῦ
1657 3863 1832 3932 Λόγου
1865 3864 1958 3917 εύ-

379 3963 603 4031 φήμησε
627 3955 1051 4026 κάλλος.⁹Υμνεί
1071 3953 1128 4006 δὲ
1161 3953 1256 4008 κα)⁸
1275 3953 1373 4024 τὴν
1402 3952 1619 4021 σοφίαν·
1649 3971 1667 4004 ι
1700 3951 1959 4024 Ἐξεχύθη

380 4053 509 4122 γὰρ,
539 4051 696 4121 φησὶ,
731 4049 888 4119 χάρις
924 4048 983 4100 ὲν
1023 4043 1226 4116 χείλεσί
1259 4061 1374 4098 σου.
1403 4062 1421 4095 ι
1443 4042 1838 4098 -Ὑποδείκνυσι
1868 4047 1962 4098 καὶ

379 4147 479 4216 τὴν
504 4143 732 4213 δύναμιν
759 4157 771 4170 ·
813 4159 830 4192 ι
862 4138 1170 4209 Περίζωσαι
1196 4136 1294 4207 τὴν
1321 4134 1601 4207 ῥομφαίαν
1631 4152 1726 4189 σου
1761 4137 1856 4189 ἐπὶ
1869 4137 1960 4190 τὸν

384 4237 560 4310 μηρόν
589 4253 706 4300 σου,
745 4232 938 4286 δυνατὲ
959 4249 972 4263 ο
1010 4233 1077 4302 τῇ
1105 4229 1398 4301 ώραιότητί
1432 4246 1550 4294 σου,
1575 4231 1674 4284 καὶ
1704 4229 1782 4300 τῷ
1827 4231 1960 4284 κάλ-

381 4331 464 4384 λει
496 4347 612 4395 σου,
643 4330 738 4383 καὶ
788 4326 1011 4389 ἑντεινε,
1064 4323 1160 4377 καὶ
1214 4322 1528 4387 κατευοδοῦ,
1561 4323 1656 4377 καὶ
1685 4322 1960 4393 βασίλευε,

315 4473 336 4496 ,,
381 4423 568 4477 ἕνεκεν
599 4418 880 4490 ἀληθείας,
910 4415 1003 4470 καὶ
1030 4413 1360 4485 πραότητος,
1394 4414 1489 4468 καὶ
1534 4413 1908 4482 δικαιοσύνης.
1938 4433 1956 4464 ι

382 4513 568 4568 Ταῦτα
595 4510 704 4581 γάρ
743 4505 929 4570 αὐτοῦ,
956 4505 1052 4559 καὶ
1076 4503 1291 4566 κάλλος,
1319 4506 1415 4558 καὶ
1463 4503 1718 4568 πλοῦτος.
1747 4505 1843 4557 καὶ
1869 4503 1958 4557 δύ-

2061 1955 2269 2026 Deique
2293 1969 2423 2024 erga
2449 1968 2551 2010 nos
2579 1967 2765 2008 amore
2797 1966 3089 2023 perpensa,
3112 1961 3166 2006 et
3189 1949 3406 2005 infinita
3434 1949 3644 2006 benefi-

2061 2048 2147 2102 cia
2185 2047 2372 2101 animo
2403 2052 2741 2115 reputantes,
2777 2052 2940 2115 turpe
2990 2051 3277 2115 putarunt,
3314 2059 3416 2099 nec
3449 2043 3644 2100 ineﬂ'a-

2063 2140 2226 2195 bilem
2254 2139 2402 2194 illam
2431 2138 2779 2194 desiderasse
2808 2135 3300 2207 pulchritudinem,
3333 2141 3390 2190 et
3411 2135 3645 2206 ingrati-

2065 2234 2276 2290 tudinis
2303 2231 2448 2304 apud
2488 2230 2896 2287 henefactorem
2938 2239 3121 2284 notam
3165 2227 3491 2283 incurrisse.
3526 2225 3646 2282 Hac

2065 2326 2133 2381 de
2173 2339 2340 2381 causa
2378 2323 2447 2378 ad
2495 2328 2726 2378 mortem
2782 2320 2997 2391 1316
3046 2335 3221 2388 usque
3255 2334 3356 2375 sua
3395 2334 3523 2375 cum
3572 2333 3644 2376 eo

2067 2424 2224 2490 pacta
2249 2423 2561 2472 servarunt.
2598 2412 2777 2484 Hujus
2801 2413 2968 2468 etiam
3005 2411 3434 2482 pulchritudinis
3456 2423 3644 2467 amore

2065 2507 2212 2579 capti
2262 2513 2515 2562 recentes
2557 2502 2782 2558 virtutis
2821 2500 3076 2565 athletas,
3127 2513 3366 2571 quorum
3412 2512 3443 2552 a
3485 2497 3642 2553 nobis

2067 2601 2178 2652 vita
2208 2593 2531 2666 compendio
2551 2591 2827 2662 descripta
2857 2599 2964 2655 est,
3001 2589 3068 2644 ad
3098 2603 3293 2659 magna
3324 2588 3417 2643 illa
3439 2587 3644 2642 huma-

2065 2707 2189 2745 nam
2235 2696 2488 2744 naturam
2519 2685 2841 2742 excedentia
2873 2681 3130 2752 prodiere
3158 2679 3485 2736 certamina.
3527 2677 3645 2736 Hoc

2063 2797 2193 2838 vero
2228 2782 2351 2837 illos
2398 2779 2689 2835 manifeste
2731 2777 3040 2832 docuerunt
3069 2774 3271 2830 divinae
3316 2773 3634 2846 Scriptura.

2061 2874 2282 2929 Canunt
2342 2871 2487 2928 enim
2555 2885 2680 2926 cum
2743 2882 2943 2939 magno
3009 2866 3215 2923 Davide
3268 2884 3283 2922 :
3349 2883 3369 2918 ι
3415 2865 3647 2921 Domino

2064 2965 2209 3021 Deus
2231 2978 2403 3030 meus,
2433 2958 2816 3032 magniﬁcatus
2837 2973 2898 3013 es
2927 2957 3302 3012 vehementer.
3327 2953 3650 3009 Confessio-

2064 3072 2188 3112 nem
2239 3061 2294 3111 et
2343 3054 2596 3110 decorem
2633 3049 2909 3105 induisti:
2947 3046 3186 3102 amictus
3240 3045 3446 3101 lumine
3499 3044 3646 3100 sicut

2065 3148 2411 3204 vestimento.
2449 3138 2764 3196 Extendens
2792 3137 2992 3192 cmlum
3030 3134 3176 3191 sicut
3206 3133 3401 3204 pellem
3431 3141 3478 3197 ι,
3529 3149 3549 3186 ι
3589 3137 3645 3187 et

2064 3239 2168 3292 alia
2203 3247 2544 3307 quaecunque
2592 3229 2914 3301 sapientiam
2953 3226 3127 3297 ipsius
3168 3233 3224 3280 et
3262 3224 3371 3280 vim
3421 3221 3644 3278 docent.

2067 3334 2143 3387 Ac
2180 3345 2415 3386 rursus:
2458 3345 2477 3381 ι
2511 3325 2776 3382 Dominus
2808 3323 3089 3394 regnavit,
3125 3320 3381 3376 decorem
3417 3318 3647 3376 indutus

2064 3427 2170 3480 est,
2203 3417 2432 3472 indutus
2464 3422 2549 3471 est
2588 3413 2854 3469 Dominus
2883 3409 3290 3476 fortitudinem,
3325 3419 3382 3466 et
3411 3407 3649 3480 precin-

2066 3511 2146 3564 xit
2171 3525 2229 3565 se
2265 3517 2313 3563 ι.
2360 3507 2570 3561 Etenim
2603 3505 2900 3560 constituit
2934 3504 3126 3558 orbem
3179 3510 3360 3569 terrae,
3394 3501 3491 3572 qui
3537 3516 3648 3557 non

2064 3598 2500 3654 commovebitur
2528 3596 2577 3649 ι’.
2617 3615 2637 3647 ι
2672 3594 2794 3661 Quo
2824 3595 2946 3648 loco
2972 3592 3232 3648 similiter
3264 3590 3564 3662 sapientia,
3593 3601 3652 3646 et

2065 3687 2441 3761 pulchritudo,
2469 3695 2631 3754 atque
2661 3686 2904 3756 potentia
2925 3685 3221 3755 pradicata
3250 3693 3355 3739 est.
3386 3682 3450 3736 Et
3474 3683 3603 3736 alibi
3628 3700 3645 3737 :

2070 3801 2088 3833 ι
2137 3779 2432 3852 Speciosus
2484 3776 2665 3831 forma
2722 3791 2834 3847 prre
2885 3774 3019 3831 ﬁliis
3073 3773 3362 3830 hominum
3391 3779 3438 3827 ο.
3492 3791 3510 3824 ι
3547 3770 3650 3828 llic

2064 3888 2197 3928 vero
2229 3879 2283 3926 et
2316 3871 2610 3924 humanam
2640 3867 2738 3923 Dei
2770 3864 2935 3923 Verbi
2961 3863 3430 3937 pulchritudinem
3459 3862 3648 3917 laudi-

2067 3963 2169 4019 bus
2193 3963 2408 4018 extulit.
2453 3959 2662 4015 Laudat
2692 3966 2874 4013 autem
2905 3965 2961 4013 et
2988 3957 3313 4028 sapientiam
3349 3972 3405 4010 ει
3441 3952 3648 4010 Dill‘usa

2065 4056 2233 4121 enim,
2260 4057 2358 4120 ait,
2381 4061 2464 4110 est
2485 4052 2661 4125 gratia
2691 4052 2746 4106 in
2782 4051 2940 4106 labiis
2963 4051 3075 4107 tuis
3095 4049 3146 4104 δ.
3183 4068 3202 4103 ι
3227 4046 3480 4105 Ostendit
3505 4063 3663 4118 quo-r

2066 4163 2173 4218 que
2218 4146 2518 4216 potentiam
2549 4163 2561 4198 :
2595 4163 2614 4196 ι
2640 4143 2939 4214 Accingere
2963 4141 3145 4214 gladio
3170 4151 3268 4197 tuo
3287 4155 3452 4210 super
3473 4139 3650 4195 femur

2066 4247 2244 4301 tuum,
2297 4236 2697 4307 potentissime.
2757 4234 2955 4306 Specie
2993 4243 3088 4290 tua
3141 4241 3197 4290 et
3238 4232 3649 4305 pulchritudine

2069 4339 2162 4384 tua
2196 4329 2454 4393 intende,
2499 4342 2760 4401 prospere
2791 4327 3051 4400 procede,
3093 4335 3148 4384 et
3183 4341 3374 4399 regna,
3423 4333 3648 4397 propter

2068 4423 2379 4482 veritatem.
2433 4419 2942 4487 mansuetudinem,
2993 4427 3048 4475 et
3095 4417 3365 4490 justitiam
3398 4428 3421 4456 ο
3460 4435 3480 4469 ι
3520 4415 3650 4470 llaec

2070 4513 2340 4584 siquidem
2380 4513 2556 4584 ipsius
2592 4519 2744 4574 sunt,
2776 4522 2831 4568 et
2853 4510 3080 4575 divitiae,
3109 4518 3164 4566 et
3197 4506 3570 4582 pulchritudo,
3595 4517 3650 4560 et

381 4621 565 4675 ναμις.
738 4598 965 4661 Ἡσαΐας
999 4597 1056 4650 δὲ
1087 4596 1185 4667 βοᾷ
1207 4611 1221 4626 ο
1257 4615 1275 4649 ι
1299 4595 1396 4660 Τίς
1423 4589 1624 4659 οὗτοςό
1649 4597 1958 4667 παραγενό-

2073 4578 2338 4677 potentia.
2371 4578 2515 4672 Quin
2544 4611 2599 4661 et
2630 4602 2802 4660 Isaias
2831 4603 3035 4660 clamat
3061 4621 3073 4658 :
3103 4620 3121 4654 ι
3151 4578 3286 4669 Quis
3315 4608 3402 4656 est
3427 4600 3532 4657 iste
3553 4601 3647 4670 qui

383 4711 546 4768 μενος
574 4695 632 4762 ἐξ
654 4690 864 4761 Ἐδώμς
893 4687 1147 4760 ἐρύθημα
1201 4687 1435 4757 ἱματίων
1468 4685 1633 4740 αὑτοῦ
1659 4688 1723 4741 ἐκ
1759 4687 1966 4758 Βοσόρ;

383 4781 554 4851 Οὗτος
608 4786 810 4857 ὡραῖος
848 4785 906 4837 ἐν
942 4781 1102 4851 στολῇ
1155 4777 1343 4842 αὐτοῦ,
1399 4778 1491 4850 βία
1536 4779 1675 4849 μετὰ
1711 4778 1913 4850 ἰσχύος.
1943 4797 1961 4831 ι

382 4882 518 4938 osse
578 4879 684 4950 γὰρ
708 4882 742 4949 ἠ
764 4875 1082 4947 ἀνθρωπεία
1143 4873 1304 4944 στολὴ
1338 4873 1399 4926 τὸ
1429 4873 1570 4926 θεῖον
1621 4873 1967 4945 κατεκάλυψε

384 4976 576 5038 κάλλος
599 4991 614 5003 ο
645 4970 782 5027 ἀλλὰ
818 4970 912 5024 καὶ
949 4966 1156 5039 ταύτην
1192 4964 1682 5039 περιϐεϐλημένος,
1744 4984 1968 5038 μαρμα.

387 5067 558 5141 ρυγὰς
586 5065 694 5119 ἀπὸ
724 5063 826 5135 τῆς
861 5061 1010 5134 ὥρας
1033 5061 1276 5130 ἀφίησιν,
1315 5059 1391 5122 ὡς
1426 5059 1554 5122 τοὺς
1579 5059 1822 5131 ὁρῶντας
1848 5060 1966 5130 βιά-

384 5161 574 5229 ζεσθαι
604 5160 700 5214 καὶ
731 5156 1089 5224 καταθέλγειν
1121 5155 1201 5217 είς
1233 5152 1430 5224 ἔρωτα.
1463 5151 1636 5206 Τοῦτο
1689 5155 1780 5207 καὶ
1835 5155 1967 5223 ἁγία

382 5248 589 5320 Νύμφη
623 5247 754 5318 πρὸς
782 5244 944 5299 αὑτὸν
969 5247 1028 5297 ὲν
1047 5245 1156 5306 τοῖς
1177 5243 1417 5316 ’ᾼσμασι
1444 5243 1552 5295 τῶν
1571 5243 1830 5315 ᾀσμάτων
1861 5246 1970 5299 δια.

380 5342 653 5411 λεγομένη
699 5337 832 5409 φησί
852 5354 866 5368 ο
913 5357 929 5390 ι
955 5336 1144 5409 Μῦρον
1175 5334 1480 5390 ἐκκενωθὲν
1506 5335 1680 5406 ὄνομά
1715 5355 1830 5392 σου.
1870 5340 1968 5394 Διά

383 5433 540 5488 τοῦτο
587 5429 826 5494 νεάνιδες
881 5428 1180 5499 ἡγάπησάν
1223 5443 1315 5481 σε’
1372 5427 1629 5482 εἵλκυσάν
1664 5443 1756 5482 σε·
1793 5429 1970 5484 όπίσω

387 5543 482 5580 σου
510 5525 590 5588 εἰς
612 5521 789 5594 ὀσμὴν
821 5519 1006 5592 μύρων
1031 5537 1126 5574 σου
1151 5518 1406 5590 ἔδραμον.
1441 5537 1459 5570 ι
1489 5518 1552 5570 Ai
1589 5519 1698 5590 γὰρ
1723 5523 1969 5575 νεανικαὶ

484 5721 678 5776 rllehr.
733 5737 811 5784 ιι,
851 5721 942 5778 25.
972 5732 992 5761 τ
1026 5719 1173 5778 Psal.
1208 5737 1325 5790 et",
1371 5722 1420 5786 l,
1452 5723 1506 5778 Ξ.

483 5803 508 5831 ε
537 5793 741 5860 ιιιιιω,
775 5793 828 5847 5.
879 5793 1023 5846 'lsa.
1052 5808 1204 5855 um,
1231 5796 1282 5848 I.
1388 5797 1412 5834 ε
1441 5796 1596 5848 Cant.
1628 5811 1663 5858 ι,
1695 5795 1749 5861 ﬁ,
1794 5797 1851 5853 5.

1615 5735 1640 5763 ι
1676 5721 1823 5778 Psal.
1868 5742 1996 5784 xcm
2025 5769 2041 5794 ,
2072 5729 2125 5786 ί.

2067 4698 2218 4752 venit
2251 4698 2320 4752 de
2349 4695 2565 4752 Edom?
2598 4696 2767 4751 rubor
2794 4695 3028 4749 vestium
3051 4693 3172 4764 ejus
3202 4693 3270 4748 de
3305 4691 3517 4747 Bosor?
3551 4691 3650 4746 llzc

2065 4791 2345 4846 formosus
2374 4789 2430 4844 in
2458 4789 2600 4844 stola
2627 4803 2750 4852 sua,
2779 4788 3040 4843 violentia
3062 4802 3188 4843 cum
3215 4784 3538 4840 fortitudine
3564 4782 3646 4836 ¹.ι

2069 4883 2257 4953 Neque
2301 4883 2448 4938 enim
2486 4883 2725 4938 humana
2773 4881 2944 4936 vestis
2984 4879 3228 4934 divinam
3282 4877 3652 4949 pulchritudi-

2070 4990 2191 5030 nem
2231 4973 2444 5045 1317
2474 4974 2722 5030 obtexit:
2756 4970 2852 5029 sed
2885 4972 2986 5026 hac
3010 4971 3173 5027 etiam
3206 4968 3443 5023 amictus
3467 4968 3652 5038 splen-

2066 5065 2232 5122 dores
2263 5065 2465 5121 emittit
2513 5078 2628 5120 suae
2671 5063 3138 5135 pulchritudinis,
3182 5061 3261 5115 ita
3302 5068 3362 5112 ut
3397 5059 3650 5113 videntes

2065 5155 2251 5230 adigat
2279 5157 2598 5227 alliciatque
2627 5157 2680 5211 in
2729 5169 2994 5211 amorem.
3017 5152 3174 5221 Quod
3211 5161 3401 5207 sancta
3433 5165 3652 5222 quoque

2069 5251 2304 5322 Sponsa,
2337 5265 2462 5306 eum
2501 5265 2568 5306 eo
2598 5249 2656 5304 in
2705 5249 2936 5304 Cantico
2993 5248 3333 5302 canticorum
3392 5246 3649 5315 loquens.

2067 5343 2202 5398 dicit
2233 5360 2247 5397 :
2289 5361 2309 5395 ι
2339 5339 2533 5397 Oleum
2559 5339 2797 5396 elfusum
2831 5354 3030 5395 nomen
3075 5348 3250 5392 tuum.
3287 5333 3414 5391 Ideo
3458 5334 3652 5390 adole-

2069 5435 2337 5492 scentulze
2369 5433 2684 5489 dilexerunt
2732 5440 2806 5488 te.
2840 5431 3151 5487 Traxerunt
3203 5437 3274 5496 te,
3321 5434 3450 5501 post
3487 5435 3544 5484 te
3583 5427 3652 5481 ad

2069 5528 2294 5584 odorem
2350 5539 2762 5599 unguentorum
2818 5535 3040 5581 tuorum
3101 5535 3472 5580 cucurrerunt
3537 5523 3584 5576 ⁸.
3626 5539 3647 5572 ι

2241 5731 2270 5771 δ
2311 5730 2433 5788 Psal
2489 5747 2610 5799 xcv,
2665 5732 2750 5787 lO.
2858 5742 2878 5772 ο
2916 5731 3060 5787 Psal.
3104 5747 3266 5795 xuv,
3321 5729 3373 5782 3.
3435 5696 3484 5764 δ’
3520 5721 3654 5782 ibid.
