4074 6408
442 371 575 440 1519

1073 372 1561 436 THEODORE'I‘I
1619 368 1957 432 EPISCOPI
2009 366 2377 427 CYRENSIS
2431 365 2529 427 DE
2579 366 3010 428 CHARITATE

3569 366 3708 432 1520

434 492 716 550 Juvenilcs
743 491 886 547 cnim
924 492 1141 557 anitum,
1166 493 1368 546 bonum
1410 490 1564 544 illum
1603 496 1756 542 tuum
1787 490 2013 542 odorem

2118 481 2309 553 ψυχαὶ,
2357 483 2454 552 τῆς
2505 484 2603 553 σῆς
2651 483 2880 547 εὐωδίας
2935 481 3468 554 μεταλαμϐάνουσαι,
3520 485 3706 539 θέουσι

437 585 832 656 percipientes,
859 593 1092 639 currunt
1123 582 1342 652 assequi
1369 590 1423 636 te
1444 580 1754 648 cupientes,
1773 586 1833 633 et
1853 579 2022 634 odore

436 673 554 736 illo,
584 672 744 742 quasi
793 683 986 725 catena
1029 669 1288 739 quadam,
1337 666 1676 729 constrictae,
1735 665 2020 720 vinculum

435 765 708 835 disrumpi
743 779 851 818 non
893 763 1216 834 patiuntur:
1257 759 1417 815 dulce
1447 760 1648 830 quippe
1689 765 1796 824 est,
1828 765 1882 813 et
1911 773 2022 828 quo

435 857 744 913 voluntarie
789 862 920 910 sunt
970 855 1223 925 alligatae.
1289 852 1384 908 llis
1434 865 1656 924 quoque
1709 859 2022 906 consonant

437 949 602 1004 verba
640 947 752 1001 divi
782 946 934 1000 Pauli
971 963 984 1000 :
1025 963 1044 996 ι
1081 944 1287 1000 Christi
1323 944 1501 999 bonus
1533 943 1670 998 odor
1701 956 1919 1005 sumus,
1963 939 2018 994 in

437 1042 506 1095 iis
538 1040 628 1110 qui
663 1039 800 1093 salvi
839 1040 996 1096 Iiunt.
1028 1045 1083 1092 et
1120 1037 1176 1091 in
1219 1036 1289 1092 iis
1323 1035 1415 1105 qui
1447 1041 1715 1103 pereunt;
1745 1033 1868 1089 aliis
1895 1032 2020 1102 qui-

436 1131 560 1185 dem
595 1129 732 1184 odor
764 1128 959 1183 mortis
988 1127 1044 1181 in
1077 1133 1334 1189 mortem,
1369 1124 1492 1180 aliis
1521 1131 1702 1177 autem
1728 1121 1867 1178 odor
1893 1122 2018 1177 vita:

437 1221 491 1274 in
525 1222 689 1274 vitam
718 1221 769 1276 ιι.
805 1236 824 1271 ι
863 1217 927 1272 Ει
979 1216 1268 1285 pulchrum
1329 1199 1496 1285 igitur
1523 1214 1676 1268 illum
1707 1225 1830 1268 esse
1862 1227 1894 1266 a
1931 1212 2020 1268 di-

433 1313 560 1367 vina
588 1311 874 1380 Scriptura
906 1309 1113 1372 edocti,
1147 1315 1204 1363 et
1235 1305 1546 1362 inell‘abiles
1571 1304 1795 1360 divitias
1839 1304 2020 1376 possi-

434 1403 586 1467 dere,
633 1399 1034 1470 sapientiaeque
1080 1413 1206 1452 esse
1261 1397 1492 1458 fontem,
1526 1403 1579 1450 et
1621 1401 1820 1450 cuncta
1856 1408 2021 1464 posse

433 1509 557 1564 qua:
579 1493 728 1558 velit,
764 1500 817 1546 et
852 1491 1120 1544 immensa
1173 1490 1251 1543 uti
1304 1487 1663 1558 benignitate,
1706 1485 2020 1557 ﬂuentaque

434 1583 871 1640 mansuetudinis
895 1581 1246 1654 profundere.
1269 1587 1322 1634 et
1347 1579 1449 1634 hoc
1476 1595 1644 1633 unum
1662 1578 1823 1643 velle,
1839 1585 1898 1633 ut
1923 1591 2020 1648 per

433 1677 616 1731 omnia
652 1676 900 1730 homines
955 1675 1201 1729 cumulet
1258 1671 1564 1728 beneﬁciis.
1599 1670 1782 1741 Deque
1828 1671 2016 1726 inﬁni-

432 1770 504 1824 tis
529 1782 932 1838 numerumque
961 1764 1359 1822 excedentibus
1383 1764 1772 1820 beneficiorum
1804 1765 2017 1834 generi-

2123 573 2452 628 καταλαὸεῖν
2491 591 2550 628 σε
2597 574 2889 628 ποθοῦσαι·
2954 575 3049 628 καὶ
3096 569 3210 629 οἷον
3262 575 3451 629 ἁλύσει
3505 577 3612 630 τινὶ
3636 579 3707 649 τῇ

2120 665 2263 738 ὀσμῇ
2303 666 2683 737 κατεχόμεναι,
2733 665 3024 739 διαρρῆξαι
3067 666 3158 718 τὸν
3211 667 3411 736 δεσμὸν
3467 668 3568 722 οὐκ
3607 672 3706 723 ἀν-

2121 756 2340 827 έχονται
2361 773 2376 788 ·
2409 757 2614 826 γλυκὺς
2639 756 2750 828 γάρ
2781 750 2957 821 οὗτος,
3013 757 3110 810 καὶ
3150 757 3472 822 ἐθελουσίως
3513 761 3707 825 αὐταῖς

2123 848 2528 920 περικείμενος.
2559 849 2782 912 Τούτοις
2808 852 3088 917 συμφωνεῖ
3123 849 3218 902 καὶ
3245 849 3340 902 τοῦ
3371 850 3518 904 θείου
3552 853 3702 905 Παύ-

2120 941 2216 994 λου
2250 940 2323 994 τὰ
2361 942 2620 1011 ῥήματα·
2663 959 2682 992 ι
2712 939 2946 1012 Χριστοῦ
2982 939 3178 994 εὐωδία
3232 942 3422 1010 ἐσμὲν,
3475 944 3534 997 ὲν
3591 947 3704 1009 τοῖς

2123 1029 2473 1102 σωζομένοις,
2498 1031 2594 1086 καὶ
2631 1032 2688 1084 ἐν
2716 1033 2828 1094 τοῖς
2854 1031 3276 1102 ἀπολλυμένοις·
3309 1027 3390 1097 οἷς
3425 1034 3524 1103 μὲν
3556 1035 3702 1107 ὀσμὴ

2122 1123 2357 1176 θανάτου
2391 1124 2468 1185 είς
2504 1123 2732 1176 θάνατον
2755 1139 2769 1153 ⁸
2795 1116 2878 1185 οἷς
2903 1122 2959 1175 δέ
2982 1121 3126 1194 ὀσμὴ
3183 1122 3333 1193 ζωῆς
3369 1125 3448 1186 είς
3477 1123 3644 1195 ζωήν.
3675 1145 3695 1178 ι

2119 1212 2300 1267 Καλὸν
2333 1212 2512 1266 τοίνυν
2537 1212 2700 1266 αὐτὸν
2734 1212 2955 1284 ὑπὸτῆς
3006 1212 3157 1276 θείας
3193 1213 3414 1284 Γραφὴς
3458 1215 3706 1269 διδασκό·

2124 1319 2298 1373 μενοι,
2331 1305 2426 1359 καὶ
2483 1304 2712 1358 πλοῦτον
2770 1305 3047 1375 ἄφραστον
3095 1304 3304 1374 ἔχοντα,
3359 1306 3453 1359 καὶ
3515 1308 3705 1377 σοφίας

2118 1396 2246 1450 ὅντα
2277 1395 2483 1468 πηγὴν,
2510 1397 2604 1451 καὶ
2633 1397 2869 1451 τοσαῦτα
2913 1398 3208 1466 δυνάμενον
3267 1398 3369 1450 ὅσα
3433 1396 3701 1466 βούλεται,

2117 1487 2214 1541 καὶ
2251 1487 2629 1559 φιλανθρωπίᾳ
2651 1489 2930 1558 χρώμενον
2963 1489 3275 1559 ἀμετρήτῳ,
3301 1490 3396 1542 καὶ
3434 1490 3705 1560 ἡμερότη-

2117 1597 2210 1644 τος
2229 1582 2512 1651 ποταμούς
2537 1580 2930 1646 ἀναδλύζοντα,
2963 1581 3056 1634 καὶ
3078 1580 3166 1636 διὰ
3203 1582 3421 1634 πάντων
3478 1584 3704 1654 εὐεργε-

2116 1673 2228 1724 τεῖν
2252 1671 2414 1742 μόνον
2435 1671 2562 1735 τοὺς
2598 1670 2918 1741 ἀνθρώπους
2956 1671 3211 1725 ἐθέλοντα
3232 1688 3245 1702 ο
3279 1673 3373 1725 καὶ
3406 1671 3474 1725 τὰ
3507 1674 3700 1744 μυρία,

2117 1763 2333 1818 καὶτὸν
2362 1762 2489 1817 νοῦν
2541 1763 2961 1833 ὑπερϐαίνοντα,
3021 1763 3131 1816 τῶν
3192 1763 3524 1835 εὐεργεσιῶν
3582 1764 3700 1836 εἴδη

433 1860 535 1916 bus
563 1860 755 1916 a-viris
789 1835 976 1915 divino
1008 1859 1217 1930 Spiritu
1256 1857 1452 1913 alliatis
1492 1857 1722 1926 imbuti,
1753 1858 2012 1914 dulcibus

2119 1854 2225 1908 ὑπὸ
2245 1855 2354 1908 τῶν
2370 1854 2646 1926 θεοφόρων
2672 1854 2880 1925 ἀνδρῶν
2911 1854 3307 1925 διδασκόμενοι,
3338 1857 3450 1919 τοῖς
3471 1835 3704 1925 γλυκέσι

431 1953 554 2008 telis
584 1952 874 2008 charitatis
901 1950 1174 2006 vulnerati
1202 1959 1351 2015 sunt,
1382 1957 1591 2004 etcum
1624 1949 1870 2004 membra
1902 1950 2012 2005 sint

431 2038 678 2108 Sponsae,
710 2054 837 2094 cum
874 2054 937 2094 ea
973 2038 1261 2092 clamitant
1293 2056 1304 2091 :
1347 2055 1366 2090 ι
1404 2035 1689 2091 Vulnerati
1741 2036 2012 2092 charitate

431 2147 530 2187 nos
561 2132 832 2186 sumtts‘i.
869 2148 888 2182 ι
924 2129 1144 2184 Clamat
1169 2129 1442 2200 siquidem
1474 2143 1707 2199 magnus
1727 2126 2007 2184 Joannes:

436 2241 453 2272 ι
493 2221 634 2278 Ecce
677 2237 854 2293 agnus
899 2220 1016 2287 Dei,
1061 2221 1155 2291 qui
1209 2221 1352 2276 tollit
1401 2228 1629 2290 peccata
1683 2219 1873 2274 mundi
1902 2218 1949 2274 i.
1986 2237 2006 2271 ι

432 2316 702 2385 Propheta
742 2328 872 2369 vero
922 2312 1095 2367 Isaias
1140 2326 1265 2382 qua:
1310 2310 1492 2364 futura
1539 2316 1699 2365 erant
1744 2317 2010 2379 tanquam

430 2409 570 2465 farta
603 2406 951 2478 praedicebat,
973 2405 1165 2460 dicens
1193 2422 1207 2460 :
1239 2404 1456 2475 1318
1486 2422 1504 2455 ι
1539 2403 1659 2474 Ipse
1681 2403 2011 2458 vulneratus

428 2508 514 2557 est
552 2509 776 2569 propter
805 2497 1128 2567 iniquitates
1159 2506 1407 2558 nostras,
1433 2497 1655 2550 attritus
1677 2501 1761 2549 est
1789 2501 2014 2564 propter

428 2591 636 2647 scelera
674 2598 898 2644 nostra:
931 2587 1223 2657 disciplina
1256 2586 1406 2656 pacis
1439 2593 1641 2641 nostra:
1673 2601 1839 2655 super
1862 2600 2010 2652 eum,

429 2681 601 2735 livore
623 2679 745 2748 ejus
773 2677 948 2732 sanati
978 2692 1170 2732 sumus
1192 2675 1244 2740 ιι,
1268 2694 1288 2727 ι
1319 2682 1374 2731 et
1404 2674 1533 2740 alia,
1565 2691 1686 2746 qua:
1707 2676 1774 2732 de
1806 2676 2012 2732 saluta-

429 2773 584 2827 ribus
629 2768 983 2841 passionihus
1025 2766 1410 2838 prosequitur.
1467 2765 1736 2821 Przedicat
1787 2783 2009 2838 quoque

428 2862 655 2926 Paulus,
696 2861 984 2916 clamans:
1021 2858 1182 2926 «Qui
1234 2860 1399 2915 etiam
1452 2861 1674 2931 proprio
1719 2858 1859 2916 Filio
1907 2875 2012 2917 suo

428 2971 537 3011 non
595 2953 862 3024 pepercit,
927 2950 1023 3006 sed
1089 2965 1190 3022 pro
1250 2951 1411 3006 nobis
1465 2951 1722 3006 omnibus
1785 2951 2012 3006 tradidit

427 3047 605 3110 illum,
641 3044 919 3113 quomodo
949 3059 1058 3099 non
1091 3043 1255 3099 etiam
1303 3044 1467 3098 nobis
1507 3059 1633 3098 cum
1685 3043 1781 3098 illo
1827 3043 2013 3098 omnia

427 3136 657 3193 donabit
682 3135 730 3191 1?
757 3154 776 3187 ι
815 3134 880 3189 Et
898 3133 1120 3190 denuo:
1155 3152 1176 3186 ι
1214 3133 1320 3188 Pro
1345 3132 1571 3189 Christo
1591 3135 1860 3205 legatione
1886 3134 2013 3190 Iun-

429 3229 631 3299 gimur,
665 3237 928 3296 tanquam
967 3225 1076 3281 Deo
1101 3224 1434 3281 exhortante
1465 3241 1560 3294 per
1581 3240 1725 3281 nos:
1757 3225 2018 3281 obsecra-

429 3336 554 3375 mus
587 3335 685 3391 pro
717 3319 959 3383 Christo,
987 3316 1426 3373 reconciliamini
1458 3315 1592 3372 Deo.
1626 3317 1761 3371 Eum
1793 3318 1888 3388 qui
1911 3332 2022 3372 non

433 3420 661 3468 noverat
685 3419 996 3483 peccatum,
1024 3425 1124 3481 pro
1148 3411 1308 3466 nobis
1333 3417 1620 3481 peccatum
1642 3408 1792 3476 fecit,
1827 3418 1886 3465 ut
1921 3424 2023 3466 nos

430 3503 769 3560 elllceremur
798 3503 1010 3573 iustitia
1047 3502 1136 3558 Dei
1177 3504 1231 3557 in
1263 3503 1385 3573 ipso
1406 3510 1474 3582 _-.
1502 3519 1521 3554 ι

489 3595 630 3648 Haec
656 3605 713 3650 et
753 3596 858 3648 alia
897 3593 950 3648 id
980 3609 1156 3666 genus
1192 3593 1333 3663 apud
1369 3595 1493 3649 illos
1518 3594 1884 3663 reperientes,
1921 3593 2018 3666 qui

431 3685 608 3741 divini
641 3682 801 3740 Verhi
847 3685 998 3740 fuere
1042 3684 1306 3749 ministri,
1341 3684 1543 3740 divina:
1577 3685 1870 3742 cbaritatis
1914 3687 2017 3741 sti-

432 3773 612 3828 mulos
655 3773 896 3844 undique
926 3773 1256 3842 suscipiunt,
1286 3779 1341 3828 et
1369 3773 1570 3843 spretis
1592 3773 1870 3840 omnibus,
1890 3788 2016 3830 eum

435 3878 596 3932 quem
626 3873 816 3918 amant
852 3864 962 3919 sibi
989 3863 1058 3919 ob
1089 3865 1283 3922 oculos
1317 3875 1567 3936 ponunt:
1598 3874 1652 3921 et
1675 3876 1798 3922 ante
1829 3882 2017 3938 spera-

436 3965 543 4008 tam
577 3957 1073 4022 immortalitatem,
1107 3971 1313 4027 corpus
1354 3957 1601 4028 spiritale
1637 3957 2013 4014 reddiderunt.

437 4044 592 4101 Hunc
615 4053 669 4099 et
702 4060 804 4100 nos
827 4046 1229 4114 amplectamur
1258 4060 1522 4107 amorem,
1563 4047 1864 4118 sponsique
1891 4049 2016 4117 pul-

435 4137 748 4192 chritudine
791 4137 979 4202 illecti,
1011 4143 1067 4190 et
1101 4137 1500 4206 promissorum
1553 4136 1824 4192 bonorum
1863 4137 2014 4194 desi-

436 4229 590 4283 derio
638 4229 815 4297 capti,
858 4227 1363 4297 beneﬁciorutnque
1408 4227 1813 4284 multitudinem
1854 4245 2014 4286 reve-

437 4329 644 4383 rentes,
676 4327 730 4373 et
771 4319 1391 4390 ingratitudinispmnas
1419 4327 1746 4383 metuentes,
1765 4329 2013 4377 amantes

437 4410 733 4479 legumque
781 4409 959 4479 ipsius
1014 4409 1272 4464 custodes
1317 4422 1421 4465 nos
1470 4409 1836 4479 prtebeamus.
1885 4411 2013 4468 Haec

2116 1946 2217 2017 τῆς
2253 1946 2471 2016 ἀγάπης
2497 1945 2815 2017 ἐτρώθησαν
2843 1946 3042 2016 βέλεσι,
3074 1948 3168 2001 καὶ
3192 1947 3327 2018 μέλη
3359 1947 3457 2020 τῆς
3479 1949 3703 2021 νύμφης

2117 2038 2294 2103 ὄντες,
2346 2039 2466 2109 μετ’
2533 2039 2750 2107 ἐκείνης
2804 2037 3002 2108 βοῶσιο
3043 2039 3434 2109 «Τετρωμένοι
3482 2041 3704 2112 ἀγάπης

2115 2128 2298 2198 ἡμεῖς.
2324 2146 2343 2178 ι
2375 2128 2437 2181 '0
2467 2127 2577 2199 γὰρ
2605 2127 2779 2198 μέγας
2819 2127 3072 2196 Ἰωάννης
3099 2128 3198 2200 βοᾷ
3229 2146 3243 2159 ο
3288 2147 3307 2180 ι
3335 2129 3438 2183 Ἴδε
3466 2131 3495 2182 ὁ
3528 2131 3702 2201 ἀμνὸς

2117 2216 2209 2271 τοῦ
2240 2216 2400 2282 Θεοῦ,
2429 2219 2458 2272 δ
2494 2217 2664 2288 αἴρων
2687 2217 2787 2286 τὴν
2822 2217 3095 2288 ἁμαρτίαν
3125 2217 3225 2272 τοῦ
3264 2219 3491 2289 κόσμου.
3516 2239 3536 2272 ι
3558 2221 3614 2273 '0
3641 2220 3703 2274 δὲ

2117 2313 2404 2380 προφήτης
2438 2309 2690 2373 Ἡσαΐας,
2724 2309 2801 2373 ὡς
2830 2310 3171 2381 γεγενημένα
3193 2310 3262 2365 τά
3294 2312 3532 2382 ἐσόμενα
3565 2329 3702 2384 προ-

2116 2400 2373 2454 εθέσπισε
2437 2400 2612 2470 λέγων
2639 2417 2656 2432 ο
2714 2420 2734 2454 ι
2771 2403 2945 2466 Αὐτὸς
2991 2403 3404 2474 ἐτραυματίσθη
3464 2405 3553 2457 διὰ
3596 2407 3702 2469 τὰς

2116 2492 2392 2564 ἁμαρτίας
2414 2492 2595 2563 ἡμῶν,
2625 2493 2722 2547 καὶ
2767 2493 3174 2563 μεμαλάκισται
3197 2494 3286 2548 διά
3317 2495 3417 2558 τὰς
3472 2495 3701 2564 ἀνομίας

2117 2583 2274 2654 ἡμῶν
2297 2599 2310 2614 ⁸
2339 2582 2556 2636 παιδεία
2593 2583 2816 2655 είρὴνης
2838 2585 2995 2654 ἡμῶν
3018 2583 3107 2638 ἐπ’
3133 2584 3297 2638 αὐτόν
3315 2601 3330 2617 ·
3359 2583 3437 2655 τῷ
3471 2585 3701 2656 μώλωπι

2117 2672 2283 2727 αὐτοῦ
2313 2674 2477 2744 ἡμεῖς
2516 2672 2781 2744 ίάθημενο
2817 2693 2836 2725 ι
2872 2675 2969 2728 καὶ
3004 2675 3073 2728 τά
3097 2674 3254 2741 ἄλλα,
3281 2675 3383 2728 ὅσα
3425 2677 3551 2745 περὶ
3589 2675 3702 2732 τῶν

2119 2764 2402 2836 σωτηρίων
2429 2763 2618 2817 παθῶν
2641 2763 2995 2834 διεξέρχεται.
3027 2765 3304 2836 Κηρύττει
3335 2765 3432 2820 καὶ
3484 2765 3700 2829 Παῦλος

2119 2855 2290 2928 βοῶν·
2333 2873 2353 2907 ι
2381 2855 2480 2917 Ὃς
2511 2872 2574 2923 γε
2608 2854 2703 2908 τοῦ
2752 2856 2882 2909 ίδίου
2921 2854 3054 2910 Υίοῦ
3107 2856 3209 2909 οὐκ
3263 2856 3536 2926 ἐφείσατο,
3583 2857 3702 2910 ἀλλ’

2119 2944 2261 3016 ὑπὲρ
2293 2942 2451 3015 ἡμῶν
2476 2943 2696 2996 πάντων
2731 2942 3053 3014 παρέδωκεν
3084 2942 3268 3006 αὐτὸν,
3302 2941 3420 3006 πῶς
3448 2944 3566 3012 οὐχὶ
3599 2943 3697 2995 καὶ

2118 3036 2218 3090 σὺν
2244 3033 2395 3105 αὐτῷ
2432 3035 2503 3087 τὰ
2546 3033 2722 3087 πάντα
2750 3035 2882 3104 ἡμῖν
2920 3032 3213 3104 χαρίσηται
3244 3049 3259 3098 ;
3292 3051 3308 3084 ι
3350 3032 3461 3086 Καὶ
3489 3031 3654 3086 πάλιν
3683 3050 3697 3065 ο

2124 3126 2336 3198 «Ὑπὲρ
2369 3126 2608 3196 Χριστοῦ
2649 3125 3046 3197 πρεσϐεύομεν,
3080 3124 3156 3188 ὡς
3196 3125 3290 3178 τοῦ
3327 3125 3463 3180 Θεοῦ
3521 3143 3702 3198 παρα-

2119 3216 2412 3282 καλοῦντος
2437 3216 2502 3270 δι⁹
2529 3217 2716 3287 ἡμῶν*
2744 3215 2977 3287 δεόμεθα
3027 3217 3170 3288 ὑπὲρ
3204 3216 3466 3288 Χριστοῦ,
3495 3217 3700 3271 καταλο

2127 3307 2332 3377 λάγητε
2361 3307 2440 3379 τῷ
2465 3306 2585 3376 Θεῷ
2622 3322 2636 3337 °
2666 3307 2758 3361 τὸν
2781 3307 2891 3378 γὰρ
2918 3309 2995 3380 μὴ
3022 3309 3222 3378 γνόντα
3264 3307 3538 3379 ἁμαρτίαν
3559 3309 3703 3379 ὑπὲρ

2121 3396 2283 3468 ἡμῶν
2313 3396 2590 3468 ἁμαρτίαν
2617 3397 2898 3469 ἐποίησεν,
2919 3397 3007 3452 ἵνα
3035 3399 3200 3469 ἡμεῖς
3226 3396 3511 3469 γενώμεθα
3560 3397 3700 3452 Θεοῦ

2118 3487 2438 3559 δικαιοσύνη
2477 3489 2536 3543 ἐν
2559 3488 2734 3560 αὐτῷ.
2759 3507 2778 3541 ι

2188 3579 2397 3645 Ταῦτα,
2431 3582 2526 3634 καὶ
2585 3581 2685 3634 ὅσα
2741 3579 2991 3646 τοιαῦτα,
3031 3580 3186 3651 παρά
3239 3583 3354 3644 τοῖς
3394 3580 3703 3652 ὑπηρέταις

2113 3669 2210 3725 τοῦ
2239 3671 2384 3725 θείου
2405 3672 2568 3742 λόγου
2609 3672 3001 3742 γεγενημένοις
3029 3672 3409 3739 εὑρίσκοντες,
3451 3671 3702 3743 δέχονται

2117 3761 2456 3833 πανταχόθεν
2475 3762 2576 3833 τῆς
2605 3761 2755 3826 θείας
2800 3763 3022 3830 ἀγάπης
3049 3763 3118 3815 τὰ
3146 3763 3369 3833 κέντρα,
3415 3763 3512 3816 καὶ
3563 3762 3702 3816 πάν-

2116 3869 2226 3912 των
2275 3852 2778 3925 ὑπερφρονοῦντες,
2837 3852 3202 3923 φαντάζονται
3254 3851 3344 3906 τὸν
3398 3851 3698 3923 ἐρώμενον,

2114 3944 2210 3997 καὶ
2243 3944 2349 4016 πρδ
2372 3945 2471 4014 τῆς
2487 3943 2847 4014 ἐλπιζομένης
2880 3943 3215 4014 ἀφθαρσίας,
3244 3943 3306 3996 τὸ
3334 3942 3495 4013 σῶμα
3528 3959 3700 3996 πνευο

2117 4037 2344 4108 ματικδν
2401 4035 2760 4090 ἀπετέλεσαν.
2803 4035 2975 4088 Τοῦτο
3022 4036 3115 4089 καλ¹
3160 4037 3319 4106 ἡμεῖς
3358 4035 3418 4088 τὸ
3475 4034 3701 4106 φίλτρον

2111 4127 2416 4199 δεξώμεθα,
2433 4129 2528 4181 καὶ
2539 4127 2615 4198 τῷ
2637 4127 2822 4182 κάλλει
2837 4127 2932 4181 τοῦ
2957 4129 3187 4198 νυμφίου
3211 4126 3699 4198 καταθελγόμενοι,

2117 4220 2352 4275 καὶτῶν
2402 4221 2835 4292 ἐπηγγελμένων
2890 4221 3116 4289 ἀγαθῶν
3169 4222 3470 4292 ἐφιέμενοι,
3517 4222 3612 4275 καὶ
3636 4221 3702 4275 τδ

2116 4310 2226 4364 τῶν
2274 4310 2605 4382 εὐεργεσιῶν
2639 4311 3030 4382 ἐντρεπόμενοι
3071 4311 3296 4380 πλῆθος,
3348 4312 3571 4375 καὶτὰς
3596 4313 3701 4381 τῆς

2117 4402 2441 4472 ἀχαριστίας
2471 4401 2700 4465 δεδιότες
2717 4401 2967 4467 εὐθύνας,
2993 4403 3315 4470 ἀγαπῶντες
3344 4402 3435 4456 καὶ
3453 4403 3700 4471 φύλακες

437 4503 580 4556 enim
618 4515 834 4556 summa
862 4509 947 4555 est
978 4499 1256 4565 amicitiae,
1285 4500 1474 4557 eadem
1519 4515 1706 4558 amare
1729 4510 1784 4558 et
1822 4504 2010 4560 eadem

2118 4492 2280 4546 αὐτοῦ
2309 4492 2418 4546 τῶν
2441 4493 2619 4563 νόμων
2653 4493 2964 4563 γενώμεθα.
2999 4488 3166 4556 Οὗτος
3199 4493 3308 4565 γὰρ
3332 4495 3456 4564 ὅρος
3489 4492 3699 4563 φιλίας,

440 4591 643 4646 odisse.
670 4590 742 4644 Ea
761 4589 828 4644 de
845 4605 1014 4646 causa
1038 4589 1253 4645 dicebat
1274 4606 1495 4662 quoque
1515 4592 1580 4648 ad
1600 4593 1970 4648 Abrahamum
1998 4613 2013 4651 :

2118 4587 2178 4638 τὸ
2211 4586 2384 4639 ταυτά
2419 4585 2617 4654 φιλεῖν,
2663 4585 2758 4638 καὶ
2801 4585 2973 4639 ταυτά
3021 4588 3231 4657 μισεῖν·
3263 4585 3351 4639 διὰ
3419 4586 3578 4639 τοῦτο
3615 4586 3700 4658 τῷ

445 4706 465 4734 ι
506 4682 835 4737 Benedicam
889 4681 1341 4738 benedicentibus
1399 4683 1522 4748 tibi,
1578 4692 1639 4739 et
1695 4684 2015 4740 maledicam

2129 4676 2381 4748 Ἀὖραάμ
2407 4677 2589 4746 ἔλεγεν
2614 4695 2628 4710 ο
2667 4677 2994 4748 «Εὐλογὴσω
3034 4678 3160 4740 τοὺς
3203 4676 3557 4746 εὐλογοῦντάς
3611 4695 3698 4744 σε,

439 4771 899 4829 maledicentibus
933 4771 1033 4826 tibi
1067 4780 1116 4824 ιι.
1158 4789 1177 4823 ›
1211 4771 1284 4826 Et
1317 4771 1484 4827 David
1525 4772 1792 4829 adeum:
1836 4793 1854 4827 ι
1887 4773 2015 4829 Mihi

2118 4768 2214 4822 καὶ
2269 4770 2395 4833 τούς
2447 4769 2880 4839 καταρωμένους
2915 4785 2976 4821 σε
3031 4767 3438 4839 καταράσομαι.
3470 4786 3488 4819 ι
3532 4769 3641 4822 Καὶ
3671 4772 3701 4824 ὁ

439 4874 620 4922 autem
663 4863 822 4919 valde
863 4863 1120 4918 honorati
1161 4873 1292 4920 sunt
1325 4864 1488 4920 amici
1519 4865 1786 4932 tui,Deus
1805 4876 1846 4923 ο.
1891 4886 1910 4918 ι
1943 4867 2015 4926 Ac

2119 4859 2284 4914 Δαῦὶδ
2333 4857 2471 4932 πρὸς
2517 4859 2681 4912 αὐτόν
2712 4874 2730 4892 ’
2766 4877 2784 4911 ι
2825 4859 2982 4929 Ἐμοὶ
3011 4858 3069 4912 δὲ
3119 4859 3242 4912 λίαν
3285 4859 3622 4930 ἐτιμήθησαν
3650 4864 3704 4916 oI

439 4971 659 5014 rursum
681 4975 703 5011 .:
739 4975 759 5009 ι
790 4954 984 5012 Nonne
1019 4955 1113 5026 qui
1142 4956 1381 5012 oderunt
1415 4956 1749 5028 te,Domine,
1774 4961 2015 5026 oderam,

2121 4953 2266 5023 φίλοι
2297 4969 2412 5017 σου,
2435 4953 2463 5005 ὁ
2485 4951 2640 5014 Θεός.
2679 4968 2696 5001 ι
2729 4951 2840 5003 Καὶ
2868 4949 3029 5003 πάλιν
3049 4961 3063 4976 ⁸
3106 4966 3125 5000 ι
3147 4950 3281 5020 οὐχὶ
3308 4951 3435 5013 τοὺς
3469 4950 3701 5020 μισοῦν·

442 5061 497 5104 ct
525 5064 692 5120 super
721 5048 936 5120 1319
990 5049 1246 5103 inimicos
1291 5056 1416 5105 tuos
1465 5049 1858 5108 tabescebam?
1891 5051 2015 5108 Per-

2121 5045 2222 5107 τάς
2245 5061 2328 5108 σε,
2361 5043 2560 5116 Κύριε,
2623 5041 2881 5112 ἐμίσησα,
2917 5041 3011 5094 καὶ
3042 5041 3135 5094 ἐπὶ
3187 5043 3300 5104 τοῖς
3357 5041 3570 5111 ἐχθροῖς
3602 5049 3702 5096 σου

444 5141 588 5194 recto
615 5141 742 5195 odio
771 5140 993 5195 oderam
1025 5138 1172 5194 illos.
1205 5138 1420 5195 Inimici
1451 5140 1580 5197 facti
1608 5151 1736 5198 sunt
1767 5145 1900 5198 mihi
1935 5155 2015 5200 ι’.»

2121 5131 2510 5203 ἐξετηκόμηνς
2561 5129 2778 5184 Τέλειον
2823 5130 2981 5200 μῖσος
3044 5129 3272 5200 ἐμίσουν
3326 5129 3523 5195 αὐτούς
3557 5146 3574 5163 ο
3617 5134 3704 5194 εἰς

447 5228 512 5283 Et
555 5229 663 5284 alio
699 5231 860 5284 loco:
899 5247 917 5281 ι
952 5227 1177 5299 Iniquos
1211 5229 1338 5284 odio
1379 5229 1568 5295 habui,
1617 5232 1790 5302 legem
1839 5241 2015 5287 autem

2119 5221 2346 5296 ἐχθροὺς
2371 5223 2614 5292 ἐγένοντό
2646 5239 2758 5292 μοι.
2788 5239 2807 5272 ι
2840 5221 2948 5276 Καὶ
2979 5221 3205 5292 ἑτέρωθι
3231 5227 3244 5252 ⁶
3289 5240 3307 5273 ι
3337 5221 3702 5293 Παρανόμους

445 5329 596 5375 tuam
625 5317 861 5374 dilexi-tr
903 5338 922 5373 ι
970 5319 1036 5374 Et
1052 5321 1222 5376 alibi:
1260 5338 1278 5372 ι
1315 5318 1601 5387 Quomodo
1629 5323 1794 5378 dilexi
1838 5323 2015 5393 legem

2118 5312 2390 5387 ἐμίσησα,
2412 5315 2502 5368 τὸν
2523 5316 2580 5370 δέ
2601 5315 2766 5386 νόμον
2793 5330 2887 5367 σου
2919 5313 3206 5384 ἠγάπησα.
3236 5331 3254 5363 ι
3293 5313 3407 5366 Καὶ
3435 5312 3701 5384 ἀλλαχοῦο

446 5419 621 5472 tuam,
654 5407 911 5464 Domine!
947 5417 1059 5464 tota
1084 5409 1172 5465 die
1206 5409 1490 5464 meditatio
1515 5425 1636 5464 mea
1664 5421 1749 5467 est
1783 5421 1859 5466 τ..
1897 5412 2015 5467 Evi-

2125 5425 2144 5459 t
2177 5407 2263 5472 Ὠς
2279 5410 2541 5480 ἡγάπησα
2569 5409 2660 5464 τὸν
2680 5409 2846 5481 νόμον
2866 5425 2980 5473 σου,
3003 5407 3199 5480 Κύριε,
3215 5409 3342 5479 ὅλην
3363 5408 3462 5482 τὴν
3481 5409 3703 5482 ἡμέραν

447 5500 586 5557 dcns
619 5499 787 5570 igitur
811 5499 1098 5556 charitatis
1123 5501 1179 5556 in
1213 5500 1382 5556 Deum
1403 5509 1789 5572 argumentum
1822 5513 1907 5561 est
1933 5505 2015 5561 di-

2123 5499 2316 5571 μελέτη
2343 5500 2444 5571 μού
2495 5503 2658 5556 ἐστιν.
2690 5519 2710 5552 ›
2728 5493 2991 5574 Ἐναργές
3019 5496 3113 5556 οὐν
3135 5503 3432 5574 τεκμήριον
3456 5502 3555 5574 τῆς
3573 5503 3705 5575 περὶ

516 5677 779 5768 δίῐῌὶριτ
805 5679 860 5768 2,
897 5679 1127 5768 ιδιιϐλ
1237 5679 1396 5768 Dant.
1442 5699 1493 5748 v,
1526 5683 1579 5742 8.
1636 5682 1868 5768 Jottn2
1894 5698 2015 5768 ἠιξ

2198 5697 2224 5738 ι
2257 5697 2358 5753 lsa.
2390 5699 2585 5762 Llll,5.
2666 5699 2685 5740 ι
2731 5702 2893 5758 Rom.
2919 5719 3011 5757 rut
3033 5744 3049 5768 ,
3073 5704 3165 5760 δί.
3243 5715 3281 5745 ⁸³
3312 5708 3354 5764 ιι
3377 5708 3484 5765 Cor
3530 5728 3585 5768 ν.
3607 5712 3687 5766 20

447 5753 540 5810 21.
612 5759 646 5790 ιι
673 5751 808 5807 Gen.
849 5766 947 5816 xu,
971 5751 1018 5805 3.
1101 5759 1128 5786 °
1154 5749 1301 5805 l’sal.
1338 5766 1596 5819 cxxxvm,
1631 5756 1716 5810 I7.
1793 5760 1926 5817 ibid.
1959 5749 2060 5832 ξεῖ,
2086 5749 2180 5822 ΞΞ.
2258 5749 2310 5818 ’i
2344 5749 2693 5826 rgaiﬁéivm
2929 5749 3011 5811 ’Ἴ
3033 5749 3182 5830 ἐἶξίὶ
3315 5749 3354 5764 ’⁸
3379 5749 3474 5765 ““”
3537 5749 3585 5768 "
3613 5749 3704 5783 ’ν’
