4074 6410
516 407 647 474 1527

588 524 700 592 Τῆς
740 525 1035 592 πατρικῆς
1089 523 1450 594 γεννήσεως.
1526 521 1751 594 Rectius
1806 538 1859 576 tn
1902 535 2098 594 manu-

511 590 735 662 scriptis
759 590 1045 650 codicibus
1069 590 1332 648 Saviliict
1351 594 1528 648 Allatii
1550 593 1743 648 letzitttr
1767 590 2094 662 μαιεύσεῳς,

511 660 794 735 quomodo
850 667 1016 718 etiam
1076 664 1246 718 edidit
1301 660 1961 735 JacobusfSirmundus.
2017 660 2095 714 lta

509 731 729 807 quoque
755 735 1036 807 legebatur
1067 736 1121 807 iu
1161 736 1334 807 altero
1366 734 1661 800 exemplari
1695 731 1883 807 Hegio.

582 802 719 871 PAO.
745 802 834 858 15:
871 807 972 856 Ὄν
991 804 1417 872 διαδεξάμενος
1447 804 1795 867 Λουκιανός.
1827 802 2096 854 Baronius

509 877 578 930 ad
617 891 822 930 annum
847 874 1051 929 Christi
1079 876 1203 937 '5l8,
1233 891 1353 942 cap.
1393 874 1481 935 75,
1515 873 1889 927 Alexandrum
1931 887 2094 926 excu-

509 961 634 999 sare.
665 955 895 999 conatur
934 947 1026 1012 qui
1071 947 1185 999 lucc
1224 946 1290 998 de
1319 944 1562 998 aniano
1588 944 2095 1014 martyrescripse-

514 1017 603 1069 rit.
639 1016 699 1070 Et
734 1015 1045 1069 laudandus
1070 1016 1288 1082 quidem
1314 1026 1397 1068 est
1431 1014 1724 1074 Barouius,
1759 1013 1851 1082 qui
1892 1021 2095 1082 marty-

510 1101 624 1139 rem
668 1085 875 1140 Christi
923 1087 1170 1140 nefanda:
1212 1085 1441 1139 hu-resis
1492 1085 1806 1152 suspicione
1860 1083 2096 1137 liberare

508 1165 741 1210 conatus
770 1163 876 1209 est.
913 1154 1210 1210 Veritatem
1243 1165 1424 1207 tamen
1471 1155 1687 1208 cunctis
1734 1155 1897 1208 rebus
1931 1161 2091 1206 ante-

509 1238 712 1293 pooere
743 1226 1026 1281 debemus.
1069 1226 1226 1291 Quod
1261 1228 1306 1278 si
1357 1225 1628 1278 Baronius
1669 1225 1868 1278 veteris
1903 1222 2092 1290 cujus-

509 1295 654 1364 piam
696 1297 987 1362 scriptoris
1037 1295 1418 1350 testimonium
1479 1295 1719 1355 atl‘erret,
1779 1311 1888 1362 quo
1933 1307 2089 1347 suam

509 1367 841 1420 sententiam
903 1365 1185 1426 ﬁrmaret,
1243 1374 1298 1419 et
1354 1364 1653 1418 Alexandri
1711 1364 2088 1419 testimonimn

508 1435 879 1505 subverteret,
907 1436 1159 1505 equidem
1203 1436 1394 1490 libenti
1430 1436 1615 1488 animo
1651 1433 2085 1505 eiassentirem.

511 1504 616 1559 Sed
667 1521 789 1559 cum
821 1503 1018 1574 prseter
1057 1507 1409 1573 conjecturas
1461 1505 1595 1558 nihil
1642 1503 1877 1574 aﬂ'erats
1905 1504 2086 1574 malim

505 1575 758 1644 equidem
790 1576 1085 1630 Alexandri
1113 1577 1428 1630 testimonio
1458 1575 1700 1639 credere,
1733 1577 1827 1644 qui
1862 1573 2088 1626 aniaui

509 1645 851 1714 temporibus
875 1647 1032 1710 vixit,
1063 1647 1290 1714 ejusque
1328 1646 1636 1698 doctrinam
1670 1660 1736 1698 ac
1777 1644 2088 1711 discipulos

507 1718 757 1784 apprime
786 1724 1034 1776 noverat,
1072 1718 1163 1778 qui
1201 1733 1260 1770 se
1295 1716 1740 1770 Conlucianistas
1795 1715 2085 1784 vocabant.

505 1783 667 1856 Certe
683 1783 1082 1846 Theodoretus.
1105 1796 1396 1856 postquam
1415 1786 1556 1839 hanc
1571 1783 1862 1856 Alexandri
1881 1784 2087 1854 episto-

512 1855 616 1908 lam
655 1856 863 1917 retu'it,
897 1855 1386 1918 diserte'al‘l‘trmat,
1418 1871 1542 1908 eum
1573 1855 1723 1908 nulla
1757 1855 1810 1908 in
1845 1870 1904 1909 re
1932 1869 2088 1907 men-

510 1926 671 1977 titum
721 1924 930 1990 tuisse,
990 1927 1083 1981 sed
1130 1928 1418 1980 veritatem
1469 1926 1705 1993 ingenue
1761 1924 2081 1993 protulisse.

505 1994 734 2064 Accedit
763 1997 1140 2050 testimonium
1177 1996 1462 2064 lipiphanii
1501 1997 1555 2048 in
1596 1997 1791 2049 Incresi
1843 1995 1934 2059 45,
1963 2009 2086 2064 qua:

506 2073 592 2118 est
629 2063 1091 2130 Lucianistarum,
1123 2063 1543 2120 nbilmcianum
1580 2065 1728 2120 hunc
1765 2065 1833 2120 de
1861 2063 2084 2132 quoto-

507 2136 696 2200 quitur
743 2137 1090 2200 Alexander,
1147 2137 1366 2190 Arianae
1425 2136 1617 2189 haeresi
1676 2137 2081 2202 patrocinatum

509 2205 703 2278 fuisse,
731 2216 785 2278 et
815 2207 1129 2278 ahArianis
1164 2222 1262 2276 pro
1308 2215 1548 2278 martyre
1571 2207 1815 2278 habitum
1870 2205 2083 2278 scribit.

506 2275 667 2331 Certe
718 2275 974 2345 discipuli
1027 2275 1338 2346 ejus’quos
1369 2275 1614 2346 recenset
1651 2275 2080 2346 Philostorgius,

505 2346 694 2400 Ariani
749 2346 958 2401 erroris
995 2347 1117 2401 labe
1155 2345 1347 2401 omnes
1400 2345 1588 2400 infecti
1641 2345 1815 2400 fuere.
1863 2345 1970 2399 Sed
2007 2346 2086 2398 vi-

505 2415 735 2470 deamus
775 2417 904 2485 quid
951 2417 1020 2471 de
1068 2419 1162 2470 illo
1214 2423 1402 2477 narret
1429 2417 1756 2470 Alexander.
1794 2415 1883 2468 Ait
1921 2416 2085 2484 igitur

507 2488 684 2555 primo
720 2485 1018 2540 anianum
1069 2487 1412 2542 successisse
1454 2485 1623 2539 Paulo
1671 2485 2082 2550 Samosatensi;

507 2555 560 2609 id
595 2565 680 2610 est
697 2557 902 2612 erroris
928 2557 1073 2613 illius
1112 2571 1488 2612 successorem
1527 2556 1721 2611 fuisse.
1747 2555 2080 2610 Certeillutn

508 2627 830 2680 familiarem
879 2627 1050 2680 fuisse.
1108 2628 1260 2681 Pauli
1292 2627 1640 2680 Samosateni
1678 2625 1944 2680 credibile
1975 2633 2082 2680 est.

509 2697 626 2750 lt‘uit
664 2697 809 2750 enim
863 2705 916 2750 et
959 2698 1073 2765 ipse
1102 2697 1373 2752 oriundus
1410 2712 1476 2750 ex
1517 2697 1652 2749 urbe
1685 2694 2082 2758 Samosatensi,

508 2779 561 2820 ut
594 2767 798 2836 legitur
824 2767 878 2819 in
904 2767 1026 2836 ejus
1070 2768 1210 2822 Vita.
1256 2767 1320 2821 Et
1365 2781 1490 2820 cum
1519 2765 1723 2822 Paulus
1749 2781 1816 2820 ex
1859 2781 1920 2836 ea
1946 2767 2083 2821 urbe

505 2836 573 2891 ad
605 2834 1032 2908 Antiochensem
1074 2840 1452 2908 episcopatum
1495 2837 1846 2908 evectus_sit,
1883 2834 2084 2890 Lucia-

506 2923 611 2963 nus
633 2922 856 2979 quoque
880 2907 1186 2979 Antiochia:
1216 2906 1501 2979 presbyter
1533 2907 1655 2979 fuit.
1684 2906 1840 2961 IEtas
1862 2922 2084 2979 quoque

508 2977 800 3048 utriusque
835 2977 890 3031 in
937 2977 1077 3031 idem
1133 2977 1246 3034 fere
1293 2987 1510 3048 tempus
1570 2978 1826 3030 incurrit.
1879 2977 2082 3034 Paulus

503 3049 650 3102 cnim
691 3047 970 3102 Aureliani
1016 3049 1360 3118 temporibus
1393 3047 1678 3118 depositus
1721 3054 1827 3114 est,
1877 3057 1929 3102 et
1960 3057 2084 3117 post

503 3118 904 3186 depositionem
938 3119 1031 3171 diu
1072 3116 1355 3188 superstes
1397 3116 1555 3170 vixit.
1620 3116 1897 3171 Ponamus
1952 3116 2084 3188 ergo

506 3189 659 3242 illum
689 3189 755 3241 ad
794 3188 919 3242 Cari
967 3203 1144 3256 usque
1193 3199 1438 3257 tempora
1485 3188 1822 3255 pervenisse.
1870 3188 2085 3243 Abhinc

505 3257 930 3328 admartyrium
965 3257 1193 3312 Luciani
1219 3257 1346 3311 anni
1373 3257 1648 3328 sumplus
1676 3257 1859 3310 minus
1890 3258 2082 3328 viginti

505 3327 772 3398 quinque.
818 3326 891 3398 Ex
925 3342 1034 3394 quo
1086 3335 1332 3398 apparet,
1389 3325 1627 3398 Paulum
1656 3341 1730 3398 _ac
1779 3325 2082 3398 Luciannm

507 3397 696 3451 eodem
730 3397 934 3465 oppido
961 3395 1138 3461 ortos,
1160 3395 1234 3450 iet
1265 3395 1511 3465 ejusdem
1547 3396 1702 3450 urbis
1741 3397 2082 3464 sacerdotes,

508 3466 702 3550 iisdem
739 3481 960 3550 quoque
999 3467 1205 3550 vixisse
1237 3465 1598 3550 temporibus.

577 3535 1082 3604 ’Δποσυντίγωγος
1113 3539 1312 3605 ἔμεινε
1329 3535 1503 3604 τριῶν
1517 3536 1884 3590 ἐπισκόπων.
1913 3537 2085 3606 llujus

509 3607 659 3660 verbi
695 3607 802 3659 vim
830 3622 938 3660 non
964 3608 1349 3661 intellexerunt
1383 3608 1732 3675 interpretes.
1763 3609 1912 3672 Quos
1933 3625 2088 3663 secu-

507 3685 599 3732 tus
641 3675 910 3730 Baronius
945 3677 1009 3730 ad
1050 3693 1252 3731 annum
1307 3677 1434 3739 5l8,
1485 3676 1678 3730 scribit
1713 3676 2016 3732 Lucianum
2053 3696 2082 3734 a

507 3747 685 3801 tribus
711 3747 985 3816 episcopis
1011 3747 1113 3801 sibi
1140 3748 1398 3800 continue
1420 3746 1866 3812 succedentibus,
1894 3747 2083 3803 Eccle-

506 3817 588 3872 sia
616 3816 850 3885 ejectum
886 3817 1075 3872 luisse.
1104 3817 1268 3886 Atqui
1306 3833 1412 3871 non
1461 3817 1566 3871 hoc
1589 3817 1722 3871 dicit
1750 3819 2084 3886 Alexander,

507 3886 604 3941 sed
637 3895 848 3942 tantum
880 3887 957 3939 ait
987 3887 1285 3941 Lucianum
1311 3887 1552 3943 schisma
1593 3887 1787 3942 fecisse
1816 3889 1868 3940 in
1895 3889 2082 3944 Antio-

507 3957 700 4012 chensi
748 3956 1018 4022 Ecclesia,
1065 3966 1118 4011 et
1161 3958 1265 4011 sub
1311 3958 1486 4010 tribus
1517 3958 1791 4026 epit-copis
1823 3960 2084 4013 continue

509 4027 614 4080 sibi
647 4026 1070 4082 succedentibus
1098 4029 1354 4082 collectas
1380 4042 1629 4082 seorsum
1671 4029 2000 4082 celebrasse.
2029 4029 2082 4083 Id

508 4098 656 4151 enim
673 4097 964 4167 _signiﬁcat
995 4113 1098 4150 vox
1133 4097 1582 4165 ἀποςυνάγωγος.
1630 4099 1812 4166 ltaque
1849 4097 2086 4167 Epipha-

511 4183 634 4222 nms
665 4165 1049 4222 Scholasticus
1080 4183 1187 4220 non
1219 4169 1358 4221 male
1395 4173 1541 4220 hunc
1584 4165 1760 4221 locum
1815 4165 2085 4236 interpre-

511 4247 658 4292 tatus
685 4247 769 4292 cst
801 4238 902 4290 hoc
937 4239 1096 4290 modo
1122 4256 1134 4289 :
1164 4238 1264 4290 Cui
1293 4237 1572 4290 succedens
1609 4238 1902 4300 Lucianus,
1929 4250 2085 4293 extra

509 4323 806 4376 synagogas
851 4309 1049 4360 mansit
1091 4308 1254 4360 trium
1296 4309 1660 4376 episcoporum
1695 4308 1925 4376 plurimo
1954 4319 2086 4362 tem-

509 4393 656 4440 pore.
683 4377 922 4431 Basilius
954 4378 1005 4428 in
1041 4378 1272 4446 epistola
1311 4379 1485 4447 prima
1529 4378 1595 4431 ad
1638 4378 2083 4447 Amphilochium

513 4447 994 4520 tapetauvayewijv
1016 4446 1482 4520 iusut'patieodcm
1510 4463 1675 4502 sensu
1711 4446 1858 4501 :ubi
1892 4448 2088 4503 distin-

513 4517 628 4580 guit
660 4518 804 4572 inter
834 4518 1084 4572 haeresim
1115 4527 1168 4570 et
1209 4517 1450 4572 schisma
1484 4526 1538 4572 et
1579 4521 2082 4588 παρασυναγωγήν.

513 4589 997 4660 ηαραςιινᾳγωγὴν
1025 4595 1206 4660 autem
1232 4589 1317 4660 ait
1341 4601 1463 4660 esse
1498 4588 1814 4660 illegititnos
1835 4604 2086 4660 conven-

512 4658 620 4721 tus,
645 4659 737 4728 qui
770 4659 998 4728 tiuntiab
1026 4658 1394 4727 immorigeris
1410 4659 1745 4728 presbyteris
1764 4659 1848 4712 vel
1871 4659 2086 4728 episco-

512 4732 595 4796 pis
615 4727 673 4783 et
703 4729 881 4782 laicis.
903 4727 1066 4782 Verbi
1091 4729 1268 4797 gratia
1302 4729 1345 4782 si
1371 4731 1495 4798 quis
1518 4727 1768 4783 criminis
1797 4727 2087 4785 convictus

509 4811 564 4853 et
584 4817 612 4852 a
645 4799 953 4852 ministerio
981 4814 1142 4853 sacro
1161 4799 1710 4868 suspensus,judicio
1731 4815 1837 4853 non
1873 4812 2082 4868 pareat,

510 4870 606 4925 sed
643 4868 1006 4940 ministerium
1041 4884 1200 4922 suum
1232 4871 1383 4923 obire
1411 4873 1566 4930 velit,
1595 4878 1648 4924 ct
1678 4871 1938 4940 p0pulum
1971 4873 2084 4925 cnl-

513 4937 849 5012 ligatsinter
874 4941 1352 5012 τεαρασυναγωγὴν
1387 4953 1565 5012 autem
1604 4937 1954 5012 retlschisma
1988 4957 2085 5012 pa-

512 5008 633 5065 rum
659 5010 850 5064 distat.
901 5008 1074 5062 Porro
1121 5008 1648 5068 causa—schismatis
1696 5008 1943 5064 Luciano
1986 5008 2090 5065 i‘uit

510 5082 762 5135 doctrina
801 5079 951 5152 Pauli
986 5079 1391 5135 Samosatensis
1435 5098 1599 5152 quam
1645 5080 1994 5152 defendebat,
2027 5091 2088 5134 ut

511 5153 672 5206 docet
701 5150 1033 5220 Alexander.
1064 5152 1243 5220 Cujus
1282 5150 1467 5220 gratia
1509 5153 1598 5205 diu
1638 5150 1913 5220 separavit
1939 5166 2016 5220 _se
2059 5167 2086 5202 a

513 5222 691 5274 tribus
722 5219 1017 5291 episcopis,
1051 5215 1540 5291 Dorimg."l‘ym:e0
1576 5235 1638 5274 ac
1677 5215 1902 5288 Cyrillo.
1937 5217 2084 5272 Tan-

512 5292 635 5342 dem
661 5304 790 5342 vero
821 5290 884 5344 ad
919 5296 1185 5344 unitatem
1221 5289 1477 5346 Ecclesiae
1503 5304 1760 5344 reversus
1790 5295 1894 5350 est,
1924 5296 1982 5340 ut
2021 5305 2086 5342 ex

515 5359 826 5412 Alexandro
877 5360 1181 5428 colligitur.
1236 5359 1422 5428 Neque
1475 5361 1618 5415 enim
1653 5373 1776 5412 cum
1813 5359 2090 5428 usquead

515 5429 723 5481 exitum
792 5429 917 5482 vitae
974 5427 1035 5482 in
1091 5427 1390 5486 schismate
1458 5429 1730 5486 mansisse
1781 5427 2091 5480 Alexander

517 5496 754 5621 feribit,
823 5499 917 5550 sc-l
975 5507 1190 5553 tantum
1247 5501 1408 5571 longo
1461 5511 1707 5568 tempore
1771 5505 2088 5567 separatum

543 5579 712 5619 uisse.

543 5579 712 5619 ιιιεεε.

601 5636 697 5687 Ἐν
729 5634 914 5706 Σιξρίᾳ
943 5654 1090 5705 χειρ.
1123 5639 1447 5695 ἐπίσκοποι
1483 5637 1658 5706 τρεῖς.
1690 5637 1950 5704 lntelllgit
1985 5634 2092 5690 Eu-

517 5705 728 5777 sebium
779 5705 1042 5777 Caesareae
1079 5708 1383 5777 Palaestina:
1432 5705 1792 5777 episcopum,
1833 5707 2091 5761 Theodo-

519 5785 636 5850 tqu
675 5773 958 5850 Laodicea:
996 5784 1048 5829 et
1087 5773 1571 5850 l‘auliuunt'Tj't-i.
1619 5779 1729 5850 llos
1760 5777 1916 5850 enim
1957 5792 2092 5850 ana-

526 5848 764 5902 themate
795 5843 1084 5901 damnatos
1115 5847 1290 5904 fuisse
1315 5851 1380 5903 ab
1405 5843 1717 5903 Alexandro
1744 5847 2088 5904 Alexandria:

1791 407 1839 465 H
1853 451 1866 465 .
1906 402 2206 465 VALESII
2249 402 2467 464 NOTE

3643 407 3782 473 1528

2199 522 2464 592 episc0po
2504 530 2736 578 testatur
2771 521 2936 576 Arius
2977 521 3033 576 in
3073 520 3310 590 epistola
3357 520 3425 592 ad
3482 519 3781 592 Eusebium

2199 591 2676 646 Nicomediensem
2729 593 3083 661 episcopum,
3140 607 3264 661 quae
3318 591 3558 646 refertur
3615 591 3781 646 intra.

2201 661 2376 717 Porro
2403 679 2468 716 ex
2501 663 2605 717 hoc
2641 664 2761 718 loco
2793 662 3094 731 colligitur,
3125 661 3417 730 epistolam
3453 663 3596 716 hanc
3631 663 3780 716 scri-

2241 743 2350 787 tam
2382 749 2508 788 esse
2549 733 2619 787 ab
2653 733 2966 788 Alexandro
2995 744 3123 786 ante
3157 733 3449 800 epistolam
3483 731 3549 784 ad
3585 747 3782 787 omnes

2227 804 2480 859 Ecclesias
2502 844 2516 868 ,
2551 805 2873 872 priusquam
2909 802 3180 858 Eusebius
3212 801 3649 856 Nicomediensis
3682 817 3781 869 pa-

2199 875 2501 928 trocinium
2529 875 2642 927 Arii
2677 873 3034 942 suscepisset.
3068 872 3200 925 Nam
3237 873 3284 926 si
3321 873 3782 942 posterioreloco

2200 945 2407 1014 scripta
2436 1013 2439 1014 ν
2491 953 2641 1000 esset
2693 945 2808 998 haec
2848 941 3093 1012 epistola
3117 957 3495 1014 .Anunquami
3528 941 3780 1014 profecto

2201 1011 2513 1069 Alexander
2564 1011 2905 1070 mentionem
2947 1012 3170 1068 Eusebii
3213 1011 3658 1068 Nicomediensis
3700 1011 3782 1066 fa-

2197 1101 2321 1139 ccre
2347 1086 2650 1140 omisisset.

2279 1155 2752 1209 ’Υπανακείσθω.
2783 1153 2841 1207 In
2873 1152 3067 1208 codice
3115 1151 3320 1208 Leonis
3372 1150 3560 1206 Allatii
3619 1159 3672 1206 et
3721 1151 3775 1206 in

2195 1224 2437 1279 editione
2494 1225 2785 1281 Basilicnsi
2856 1225 3055 1288 legitur
3117 1221 3450 1276 ἀνακείσθω.
3487 1220 3780 1288 Quomodo

2196 1297 2365 1350 etiam
2400 1297 2666 1349 scribitur
2700 1293 2843 1363 apud
2877 1294 3275 1363 Nicephorum.

2271 1367 2384 1430 Τὰς
2419 1365 2492 1433 τῇ
2531 1362 2868 1420 ὑποστάσει
2907 1362 3030 1436 δύο
3055 1366 3291 1432 φύσεις.
3345 1362 3496 1436 Duas
3546 1373 3779 1436 naturas

2195 1437 2333 1490 dicit
2366 1436 2705 1496 Alexander,
2739 1451 2848 1488 non
2883 1435 3213 1503 simpliciter
3245 1442 3298 1487 et
3326 1433 3577 1486 absolute
3599 1433 3776 1498 duas,

2195 1508 2289 1562 sed
2321 1507 2692 1576 personaliter
2724 1505 2864 1558 duas
2886 1543 2900 1566 ,
2945 1521 3010 1576 eo
3045 1503 3191 1574 quod
3233 1505 3289 1576 _in
3333 1503 3551 1576 duabus
3586 1519 3782 1576 perso-

2195 1580 2282 1634 nis
2310 1573 2538 1633 exsistat
2572 1593 2679 1631 una
2715 1585 2932 1629 natura.
2965 1573 3147 1641 Quare
3177 1573 3340 1642 φύσις
3381 1576 3440 1626 ὲν
3479 1573 3780 1626 ὑποστάσει

2194 1649 2338 1704 idem
2365 1657 2453 1702 est
2485 1645 2632 1716 quod
2668 1659 2926 1715 persona.

2263 1717 2392 1772 Pas.
2429 1713 2517 1773 t6:
2551 1713 2974 1784 Ὃνὸμοιονέν
3011 1715 3296 1784 Ψαλμοῖς.
3324 1713 3550 1784 Rectius
3575 1714 3628 1766 in
3658 1729 3780 1784 ma-

2195 1790 2487 1856 nuscripto
2515 1783 2973 1856 codice’Henrici
2994 1783 3184 1838 Savilii
3221 1794 3272 1838 cl
3312 1786 3366 1856 in
3401 1783 3643 1837 editione
3666 1783 3778 1856 Ba-

2193 1848 2407 1916 silieusi
2459 1859 2723 1928 scriptum
2772 1863 2891 1916 est,
2939 1848 3013 1908 ὧν
3046 1857 3231 1924 ὅμοιον
3253 1899 3271 1928 ,ν
3303 1855 3354 1928 id
3402 1861 3524 1928 est,
3583 1855 3776 1928 quibus

2192 1929 2398 1984 similia
2425 1930 2482 1982 in
2519 1923 2750 1982 Psalmis
2782 1935 2982 1979 canunt
3021 1923 3351 1980 sanctissimi
3397 1923 3607 1978 Patres.
3651 1923 3775 1990 Epi'

2192 2002 2432 2070 phanius
2475 2008 2658 2070 tanien
2693 1996 3081 2070 Scholasticus
3121 1995 3777 2070 vulgatautjcripturam

2191 2063 2502 2125 conﬁrmat.
2557 2067 2906 2122 Camerarius
2957 2081 3210 2135 quoque,
3243 2065 3369 2118 licet
3418 2063 3775 2135 Basiliensem

2189 2141 2490 2195 editionem
2527 2148 2751 2194 secutus
2789 2137 2893 2198 sit,
2931 2135 2988 2188 ὃν
3031 2133 3215 2190 tamen
3269 2136 3431 2203 legit,
3471 2143 3524 2186 et
3564 2133 3629 2187 ad
3673 2133 3778 2186 Pa-

2191 2219 2330 2265 trem
2367 2210 2574 2264 retulit.
2611 2207 3152 2276 Christophorsonus
3187 2221 3318 2276 vero
3347 2206 3413 2259 ad
3443 2203 3657 2276 Filium_
3683 2219 3774 2276 reg

2191 2280 2335 2335 ferre
2367 2281 2580 2335 maluit.
2619 2279 2712 2332 Sic
2745 2271 2893 2332 eniin
2934 2279 3134 2339 vertit,
3181 2275 3382 2329 Filium
3419 2289 3576 2342 porro
3618 2271 3774 2326 Patri

2189 2351 2417 2405 similem
2443 2390 2456 2411 ,
2495 2351 2549 2402 in
2587 2347 2818 2403 Psalmis
2846 2348 3254 2417 pronuntiatura
3303 2354 3602 2400 memorant
3637 2359 3774 2397 san-

2189 2422 2417 2475 ctissimi
2457 2420 2560 2474 viri
2579 2461 2593 2480 ,
2630 2430 2740 2474 etc.
2903 2438 2906 2440 '

2265 2489 2406 2557 Τιμᾷ
2435 2490 2542 2544 τὸν
2571 2490 2820 2558 Πατέρα.
2854 2488 3195 2559 Epiphanius
3221 2485 3600 2559 Scholasticus
3621 2502 3774 2559 quie-

2188 2555 2449 2617 datn'liic
2493 2559 2642 2614 addit
2691 2555 2812 2628 qua:
2865 2555 2974 2614 non
3018 2560 3277 2628 leguntur
3324 2557 3378 2610 in
3419 2555 3649 2628 Grieco.‘
3680 2557 3776 2612 Sic

2187 2633 2330 2687 enim
2378 2631 2587 2701 habet;
2639 2626 2976 2701 Quapropter
3021 2626 3194 2698 et'qni
3235 2628 3462 2701 ltO_tt_0_t‘(ll
3515 2626 3772 2701 Patrem.

2189 2703 2414 2758 honorat
2454 2710 2504 2754 et
2538 2699 2740 2754 Filium
2763 2696 2785 2755 ἐ
2821 2696 2871 2756 et
2908 2701 2995 2768 qui
3031 2696 3254 2753 honorat
3283 2696 3513 2759 Filium,
3548 2699 3776 2751 honorat

2187 2783 2237 2829 et
2291 2773 2506 2826 Patrem
2533 2811 2548 2834 ,
2591 2780 2640 2825 et
2669 2783 2828 2825 recte.
2883 2772 3056 2836 Quam
3110 2770 3400 2823 lectionem
3441 2769 3777 2822 conﬁrmant

2187 2844 2494 2914 sequentia.
2557 2839 2744 2911 Itaque
2798 2857 2954 2914 error
2990 2839 3210 2914 videtur
3249 2838 3638 2914 librariorum,
3681 2842 3774 2914 qui

2187 2909 2332 2970 hanc
2371 2909 2668 2983 pericOpen
2707 2911 3019 2967 omiserunt
3056 2910 3270 2980 decepti
3329 2922 3526 2962 vocum
3580 2909 3777 2964 simili-

2187 2986 2398 3040 tudine.

2259 3054 2370 3108 Καὶ
2414 3051 2870 3121 μελαγχολικῆς
2925 3049 3320 3121 ἡρμοσμένης
3370 3050 3576 3121 δόξης.
3627 3046 3776 3121 [ιςεο

2193 3119 2645 3196 μελαγχὸλιιεοῖςζ
2673 3121 3140 3196 quemadmodum
3175 3120 3346 3196 edidit
3379 3119 3622 3175 Jacobus
3659 3119 3778 3171 Sir-

2188 3191 2449 3250 mundu‘s.
2491 3192 2664 3259 Cujus
2713 3199 2896 3245 tamen
2951 3191 3446 3260 factnnt‘probare
3497 3205 3606 3244 non
3645 3205 3775 3260 pos-

2189 3279 2351 3329 sum,
2390 3264 2444 3316 in
2474 3278 2539 3317 eo
2569 3255 2714 3330 quod
2757 3261 3046 3316 lectionem
3091 3255 3300 3315 nuPlius
3334 3261 3525 3330 scripti
3559 3255 3776 3330 codicis

2189 3334 2521 3388 auctoritate
2558 3329 2832 3388 ﬁrmatam
2867 3331 2921 3384 in
2958 3339 3164 3385 textum
3205 3329 3495 3384 admittere
3527 3344 3638 3382 non
3667 3329 3774 3381 du-

2190 3405 2388 3459 bitavit
2415 3422 2429 3454 :
2465 3417 2627 3472 quam
2660 3403 2726 3456 ad
2763 3403 2907 3456 latus
2937 3401 3199 3455 editionis
3228 3417 3344 3456 suae
3377 3401 3644 3472 reiicere,
3679 3407 3775 3472 aut

2188 3479 2242 3528 ἱιι
2272 3468 2726 3528 adnotaiionibus
2759 3472 2968 3528 referre
2995 3475 3177 3540 potius
3202 3471 3585 3526 conveniebat.
3614 3468 3774 3540 Apud

2189 3545 2556 3613 Nicephorum
2593 3543 2648 3595 in
2690 3543 2782 3597 lib.
2820 3556 2955 3605 vut;
2992 3539 3112 3609 eap.
3144 3542 3418 3613 7,!egitur
3454 3540 3547 3593 xui
3575 3539 3774 3608 μελαγ-

2184 3612 2403 3685 χολικῆς
2436 3613 2593 3684 δόξης
2615 3653 2632 3679 ,
2667 3613 2872 3668 omissa
2906 3627 3037 3666 voce
3069 3612 3446 3682 ijppospévqg.

2273 3697 2854 3771 Ἀποσκιρὼσαντος.
2897 3702 2954 3756 In
2989 3703 3369 3770 manuscripto
3399 3701 3592 3755 codice
3628 3700 3776 3756 Hen-

2189 3776 2288 3830 rici
2312 3773 2502 3830 Savilii
2530 3776 2794 3842 scriptum
2823 3781 2906 3826 cst
2935 3772 3399 3842 ὲνσκηνὼσαντος,
3433 3771 3773 3841 Epiphanius

2192 3845 2572 3900 Scholasticus
2611 3845 2813 3910 legisse
2847 3843 3061 3897 videtur
3093 3843 3603 3910 ἁποσκιρτήσαντος
3629 3881 3644 3902 ,
3690 3842 3775 3895 sic

2189 3917 2336 3969 enim
2395 3919 2600 3969 vertit:
2657 3913 2932 3979 Sapientia
2990 3911 3213 3966 Salano:
3249 3913 3302 3964 in
3343 3914 3552 3965 animas
3587 3927 3771 3966 eorum

2191 3986 2539 4055 nequissimus
2580 3983 3193 4055 velteutenterjnsiliens3

2273 4049 2677 4124 Ἢμαῠρωσεν.
2697 4052 2880 4106 Codex
2905 4050 3317 4124 LeonisAllatii
3343 4051 3516 4124 habet
3543 4049 3774 4124 ῂμὲρῳ-

2192 4142 2303 4179 σεν.
2335 4120 2514 4195 Atque
2543 4127 2618 4178 ita
2667 4138 2898 4195 prorsus
2931 4123 3057 4191 legit
3079 4121 3426 4195 Epiphanius
3463 4120 3775 4195 Scholasti-

2190 4211 2322 4259 cus.
2359 4191 2514 4249 ut'ex
2548 4191 3006 4261 interpretatione
3043 4191 3165 4258 ejus
3203 4200 3448 4259 apparet.
3493 4191 3585 4249 Sic
3623 4191 3771 4261 enim

2190 4266 2396 4319 νιθηίιε
2440 4263 2562 4318 Non
2601 4259 3090 4317 εοιιὶηιίιιὶδινοηιηι
3125 4277 3345 4313 concors
3385 4259 3672 4314 reverentia
3711 4264 3776 4314 de

2191 4336 2407 4391 Christo
2451 4333 2782 4402 ferocitatem
2812 4348 2993 4386 eorum
3027 4331 3397 4399 mansuefecit.

2274 4423 2725 4490 Ἐπιπορείσθω.
2763 4423 2988 4478 Correxi
3029 4422 3411 4492 ὲπαπορείσθω
3435 4437 3498 4476 cx
3532 4421 3777 4478 editione

2189 4496 2380 4552 Jacobi
2458 4494 2764 4548 Sirmundi.
2810 4493 2866 4565 lu
2910 4494 3187 4565 Savijiano
3227 4493 3418 4565 codice
3469 4501 3522 4565 et
3562 4493 3616 4546 in
3656 4494 3774 4565 edi:

2191 4572 2342 4622 tione
2377 4565 2667 4621 Basiliensi
2709 4564 2979 4631 scriptum
3035 4563 3118 4617 est
3165 4563 3570 4633 ὲπηπορήσθω,
3624 4563 3776 4633 quod

2192 4637 2365 4702 magis
2395 4637 2608 4705 placet:
2642 4644 2728 4705 est
2761 4637 2907 4705 enim
2943 4634 2995 4687 in
3030 4634 3324 4705 prteierita.

2276 4703 2633 4771 Ἀπὰιδεύτῳ
2663 4704 2802 4771 ὕλῃ.
2833 4703 2923 4758 Sic
2954 4712 3111 4757 vocat
3135 4703 3454 4756 dialecticas
3479 4717 3780 4770 argumen-

2191 4779 2428 4831 tationes
2459 4776 2660 4844 quibus
2688 4775 2948 4828 utebatur
2975 4774 3137 4827 Arius
3165 4773 3660 4844 adversusuChristi
3691 4773 3778 4825 di-

2191 4841 2500 4901 vinitatem.
2538 4847 2592 4898 lu
2631 4845 2822 4898 codice
2855 4843 3262 4915 tamenAllatii
3299 4856 3399 4915 pro
3431 4841 3533 4915 ὕλῃ
3569 4842 3779 4913 legitur

2190 4917 2400 4988 ὑλακῇ,
2441 4915 2492 4970 id
2527 4923 2612 4970 est
2646 4917 2886 4979 latratu,
2924 4913 3068 4984 quod
3107 4928 3215 4966 non
3254 4912 3448 4981 probo.

2265 5009 2392 5064 Pas.
2426 5008 2511 5062 Π.
2535 4999 2650 5060 Ὦν
2663 5006 3073 5075 μεσιτεύουσα
3091 5005 3276 5073 φύσις
3291 5002 3646 5072 μονογενής.
3672 5003 3747 5056 8e
3763 5036 3778 5045 -

2194 5083 2356 5142 uiane
2390 5077 2804 5146 intelligendum
2833 5083 2917 5130 est
2937 5117 2950 5134 .
2977 5077 3120 5146 quod
3158 5077 3261 5128 hoc
3290 5077 3409 5146 loco
3437 5078 3511 5126 ait
3535 5076 3778 5146 Alexan-

2193 5142 2934 5216 dcr.naturam'unigenitam
2959 5142 3188 5216 mediam
3220 5160 3344 5199 esse
3378 5145 3521 5197 inter
3555 5142 3776 5216 Patrem

2195 5220 2520 5287 ingenitum
2556 5225 2634 5287 et
2669 5213 2975 5287 creaturas.
3019 5213 3122 5287 Ubi
3167 5223 3422 5287 naturam
3462 5215 3633 5287 sumit
3677 5230 3778 5284 pro

2197 5283 2450 5356 persona.
2509 5286 2770 5353 lntelligit
2823 5286 2969 5356 enim
2997 5285 3185 5356 φύσιν
3231 5288 3290 5336 ἐν
3320 5283 3676 5356 inestinest,
3719 5293 3774 5337 ut

2196 5352 2360 5428 paulo
2399 5364 2525 5410 ante
2564 5352 2781 5410 locutus
2823 5364 2908 5410 est
2944 5352 3276 5410 Alexander.
3320 5352 3553 5428 Mediam
3590 5362 3776 5428 autem

2199 5421 2356 5481 vocat
2389 5434 2646 5480 naturam
2683 5427 3065 5494 unigenitam,
3104 5441 3212 5478 non
3254 5423 3402 5491 quod
3445 5421 3780 5494 Unigenitus

2197 5497 2425 5550 inferior
2455 5497 2526 5549 sit
2557 5495 2716 5550 Patre
2738 5533 2751 5558 ,
2785 5493 2878 5551 Sed
2931 5495 3076 5563 qttod
3115 5510 3211 5564 per
3241 5495 3395 5564 illum
3426 5495 3608 5564 ouinia
3647 5493 3779 5564 facit

2200 5567 2378 5630 l‘ater,
2427 5575 2485 5619 ut
2529 5566 2606 5619 ait
2648 5564 2892 5620 Joannes
2941 5560 3301 5634 cvangciista.
3353 5561 3545 5623 Unde.
3575 5560 3772 5627 διὀὖ.

2197 5638 2417 5707 proprie
2453 5637 2715 5707 tribuitur
2747 5635 2884 5707 Filio
2911 5675 2926 5696 ,
2966 5634 3428 5704 quemadmodum
3466 5639 3625 5687 notat
3672 5635 3773 5690 Ba-

2197 5705 2354 5763 silius
2393 5707 2447 5759 in
2485 5705 2622 5776 libro
2653 5706 2719 5759 de
2751 5706 2958 5776 Spiritu
2989 5716 3198 5776 sanctor.

2269 5777 2441 5843 Πάσῃ
2480 5774 2552 5842 τῇ
2593 5774 2855 5846 ferrarii
2901 5777 3101 5846 φύσει.
3145 5775 3323 5830 Malim
3366 5775 3612 5846 scribere
3670 5792 3764 5844 γε·

2198 5849 2353 5917 νητῇ,
2387 5844 2844 5914 quemadmodum
2901 5844 3098 5917 legisse
3150 5846 3362 5902 videtur
3406 5845 3763 5918 Epiphanius.
