4074 6454
404 575 603 624 tuentes
629 583 691 622 ne
715 573 1025 638 congregato
1054 565 1270 638 in_idem
1302 575 1453 638 tanta
1483 569 1710 623 concilio
1732 571 1988 635 pelleren-

403 651 508 694 tur.
542 635 864 693 Constrinxit
906 635 1076 701 igitur
1105 635 1371 691 Eustathii
1405 639 1569 694 verba
1600 641 1653 692 in
1685 641 1831 692 hunc
1872 654 1990 693 uio-

399 711 556 770 dum,
604 707 1076 778 seogcpaxtwsi’sv
1103 708 1202 776 τῆς
1241 708 1483 772 συνόδου,
1525 711 1670 778 quod
1701 717 1850 763 certe
1881 724 1990 763 non

400 779 672 849 displicet.
703 776 915 847 Reliqui
953 788 1131 849 tamen
1184 777 1508 848 interpretes
1544 776 1706 835 verba
1763 779 1854 832 illa
1888 779 1990 848 τῆς

401 846 622 904 συνόδου
657 846 1170 920 nuncupat-quem;
1227 849 1300 901 ita
1329 846 1697 920 acceperunt,
1724 849 1882 920 quasi
1933 846 1990 903 in

401 919 647 976 ablativo
680 919 934 973 absoluto
965 919 1143 988 posita
1173 926 1382 973 essent.

476 990 601 1044 Τῶν
649 989 718 1042 δὲ
743 986 1068 1056 προεδρὶῶν
1097 988 1528 1056 κρατήσαντες.
1566 989 1812 1045 Pessime
1841 990 1990 1045 hunc

400 1061 580 1116 locum
630 1068 912 1114 verterunt
967 1056 1502 1123 Christophorsonus
1543 1075 1608 1115 ac
1660 1061 1989 1116 Sirmuudus

397 1132 503 1186 hoc
538 1130 727 1185 modo:
772 1126 959 1182 Verum
993 1129 1082 1182 ubi
1125 1131 1451 1199 episcopatus
1492 1133 1592 1184 huc
1620 1133 1851 1199 illucque
1883 1132 1990 1183 cir-

395 1199 786 1270 cumcursando
820 1199 1001 1270 adepti
1028 1209 1173 1270 sunt.
1206 1197 1390 1269 Longe
1438 1203 1645 1256 rectius
1680 1197 1898 1270 Longus
1933 1207 1988 1254 et

397 1269 772 1325 Camerarius.
828 1268 964 1322 Nam
1015 1268 1364 1325 Camerarius
1413 1271 1632 1337 quidem
1669 1273 1743 1325 ita
1788 1268 1984 1324 vertit:

399 1340 471 1394 Et
499 1339 852 1408 praesidentia
879 1338 1086 1406 quidem
1135 1355 1242 1392 sua:
1282 1339 1418 1404 loca,
1451 1340 1706 1408 plurimos
1754 1341 1990 1394 assidui-

397 1421 506 1466 tate
536 1426 744 1463 summa
792 1409 1188 1481 prehensantes,
1244 1411 1544 1476 retinuere;
1587 1412 1804 1481 Langus
1856 1425 1987 1465 vero

393 1481 576 1534 adhuc
605 1481 810 1535 clarius
843 1480 1234 1544 interpretatus
1263 1492 1347 1536 est
1382 1482 1484 1534 hoc
1533 1480 1726 1537 modoi
1783 1481 1850 1533 Et
1873 1483 1986 1544 epi-

391 1551 695 1620 scopalibus
723 1551 835 1604 suis
862 1566 953 1616 per
987 1551 1322 1603 ambitionem
1357 1560 1406 1603 et
1433 1552 1986 1606 circumcursationem

390 1623 685 1674 maximam
737 1620 971 1683 retentis,
1018 1627 1154 1684 etc.,
1185 1621 1410 1690 optime.
1462 1620 1676 1675 Etenim
1713 1620 1985 1676 Eusebius

392 1691 829 1745 Ncomedlensis
856 1689 1148 1760 episcopus
1180 1689 1235 1744 et
1262 1691 1457 1760 reliqui
1487 1693 1702 1746 Arianae
1727 1691 1985 1747 factionis

390 1762 847 1833 antistitespcum
882 1760 1172 1833 formulam
1227 1760 1347 1815 fidei
1384 1775 1498 1816 sua:
1545 1762 1600 1815 in
1635 1762 1856 1833 synodo
1891 1761 1985 1815 Ni-

390 1845 563 1901 ctenai
594 1831 875 1898 explosam
915 1829 1202 1901 vidissent,
1221 1846 1401 1901 seque
1451 1829 1711 1901 tanquam
1770 1832 1985 1886 Arianae

391 1900 745 1970 blasphemiae
774 1902 1014 1970 fautores
1045 1900 1421 1967 deprehensos
1444 1900 1590 1966 esse,
1615 1903 1773 1957 veriti
1804 1918 1871 1960 ne
1896 1911 1986 1956 ut-

391 1969 531 2041 pote
573 1969 810 2025 haeretici
847 1969 1257 2040 episcopalibus
1289 1973 1406 2026 suis
1451 1981 1804 2034 emerentur.
1837 1973 1983 2026 Con-

390 2041 694 2112 stantinum
738 2041 1041 2112 principem
1093 2041 1476 2105 obsecrarunt,
1537 2058 1693 2112 opem
1743 2044 1862 2110 ejus
1919 2057 1983 2096 ac

391 2109 716 2180 suifragium
742 2109 1112 2178 implorantes
1143 2127 1212 2164 ne
1241 2113 1414 2179 gradu
1468 2109 1979 2180 suo'dejicerentur.

391 2179 654 2252 Testatur
681 2181 786 2235 hoc
816 2181 1214 2252 Constantinus
1239 2181 1355 2252 ipse
1380 2184 1434 2236 in
1464 2179 1696 2252 epistola
1725 2183 1792 2237 ad
1821 2182 1985 2237 Nico-

391 2250 724 2319 mediensrs.
768 2265 928 2318 quam
961 2251 1126 2319 paulo
1181 2251 1322 2305 infra
1357 2250 1544 2307 retulit
1573 2251 1979 2308 Theodoretus.

390 2318 510 2374 Non
550 2329 728 2391 potest
781 2318 977 2391 aﬂ'erri’
999 2322 1265 2375 illustrior
1298 2323 1453 2391 locus
1481 2321 1547 2376 ad
1582 2325 1981 2391 expositionem

392 2389 684 2444 verborum
712 2389 1008 2446 Eustathii.
1045 2391 1192 2447 Idem
1223 2390 1370 2447 enim
1422 2392 1615 2448 dicunt
1655 2389 1984 2448 Eustathius

388 2467 446 2514 et
471 2459 888 2518 Constantinus.

461 2529 592 2586 Pac.
637 2532 727 2603 28.
764 2529 1072 2598 Ἀληθινοῦ
1104 2530 1291 2601 λόπὲου
1342 2531 1448 2586 τοῦ
1503 2533 1754 2600 Πατρός.
1813 2532 1984 2603 Magis

393 2599 571 2672 placet
603 2602 767 2657 lectio
797 2617 960 2672 quam
1009 2599 1268 2672 reperi‘iu
1301 2603 1494 2672 codice
1545 2599 1743 2672 Leonis
1799 2599 1983 2657 Allatii

389 2669 646 2742 έληθρνοῦ
671 2673 853 2740 γόνου.
887 2669 1020 2724 Nam
1053 2669 1118 2724 ex
1147 2687 1213 2726 eo
1245 2672 1388 2742 quod
1429 2671 1600 2725 Filius
1630 2669 1870 2726 Verbum
1902 2683 1986 2728 est

391 2736 597 2805 Patris,
631 2736 737 2795 non
771 2742 1023 2808 sequitur
1058 2742 1233 2808 ipsum
1262 2736 1390 2797 esse
1411 2757 1475 2796 ex
1511 2742 1688 2796 Patris
1721 2743 1986 2798 substan-

392 2809 490 2879 tia.
525 2812 600 2864 Is:
635 2825 699 2864 eo
729 2825 858 2864 vero
895 2812 1040 2879 quod
1074 2809 1219 2867 fetus
1248 2824 1332 2866 est
1359 2811 1561 2878 Patris,
1595 2813 1886 2867 coniicitur
1915 2829 1984 2868 ex

389 2877 570 2936 Patris
601 2877 1115 2936 Substantiaortum
1140 2896 1282 2936 esse.

469 2950 612 3016 Τοὺς
659 2951 991 3014 δοκοῦντας
1025 2950 1268 3017 ὀλίγους
1311 2950 1672 3017 Ἀρειανούς.
1697 2950 1982 3006 Postrema

389 3034 494 3074 vos
519 3019 674 3076 deest
705 3021 758 3074 in
783 3021 973 3074 codice
997 3019 1197 3075 Leonis
1230 3021 1408 3072 Allatii
1431 3031 1485 3074 et
1511 3021 1564 3074 in
1601 3022 1841 3076 editione
1881 3022 1984 3075 Ba-

389 3090 602 3144 siliensi
623 3133 639 3154 ,
674 3106 772 3144 nec
800 3091 1032 3160 habetur
1063 3091 1205 3160 apud
1228 3089 1622 3160 Nicephorum,
1655 3107 1754 3146 nec
1779 3092 1832 3145 in
1867 3093 1986 3146 vul-

389 3160 533 3284 gatis
597 3159 932 3241 editionihns
996 3159 1305 3241 Athanasii.
1381 3159 1722 3230 Epiphanius
1802 3171 1984 3217 tamen

431 3231 772 3284 cholasticus
795 3244 915 3283 eam
940 3239 1208 3284 agnoscit.

431 3231 772 3284 cholasticus
795 3244 915 3283 eam
940 3231 1208 3297 agnoscit.

473 3299 730 3368 Ἐξῆλθο
763 3297 892 3367 γὰρ,
920 3299 1096 3368 φησὶ,
1129 3298 1297 3353 πᾶσα
1320 3299 1360 3366 ή
1389 3298 1664 3368 δύναμις.
1706 3298 1762 3353 In
1794 3301 1986 3358 codice

387 3369 591 3426 Leonis
615 3368 796 3442 Allatii
828 3369 1102 3442 scriptum
1142 3377 1245 3432 est,
1278 3371 1391 3442 καὶ
1411 3368 1598 3442 ἐξῆλθε
1634 3371 1786 3424 πᾶσα
1825 3373 1859 3442 ή
1888 3371 1986 3442 δύο

387 3457 577 3510 ναμις.
608 3439 786 3508 Atque
827 3439 900 3510 ita
941 3439 1139 3510 legitur
1176 3440 1319 3508 apud
1351 3437 1734 3510 Nicephorum.
1772 3437 1986 3510 Inedi-

389 3508 541 3564 tione
593 3518 776 3564 autem
818 3508 1136 3581 ABasilieusi
1193 3509 1412 3581 legitur,
1471 3509 1568 3581 xui.
1623 3509 1838 3581 ὲξῆλρεῄ
1881 3511 1981 3581 μὲν

387 3582 563 3641 πᾶσα.
592 3578 872 3648 quomodo
909 3582 1072 3632 etiam
1108 3577 1406 3648 prieferunt
1437 3579 1686 3648 vulgatae
1707 3577 1984 3636 editiones

387 3646 700 3706 Athanasii.
728 3647 805 3702 lta
837 3663 1057 3718 quoque
1079 3649 1206 3717 legit
1233 3647 1568 3717 Epiphanius
1599 3646 1983 3706 Scholasticus

387 3729 450 3774 ut
472 3736 538 3774 ex
569 3719 970 3787 versione-ejus
1004 3727 1248 3786 apparet.

472 3779 894 3856 Ἀντιλήπτωο
913 3779 1090 3856 ἡμῶν
1121 3790 1152 3840 ό
1215 3787 1360 3852 Θεὸς
1400 3786 1625 3840 Ἰακώϐ.
1657 3785 1783 3841 11ωο
1817 3790 1982 3845 Verba

387 3859 586 3914 desunt
615 3861 671 3914 in
702 3859 890 3912 codice
919 3857 1119 3912 Leonis
1151 3857 1331 3911 Allatii
1353 3865 1402 3910 et
1437 3859 1580 3927 apud
1615 3857 1980 3926 Epiphanium

387 3929 815 3984 Scholasticum.
854 3927 1136 3982 Habentur
1179 3936 1363 3982 tamen
1413 3928 1467 3981 iu
1531 3927 1760 3997 reliquis
1793 3943 1982 3983 exeni-

428 4001 656 4055 laribus.

386 4012 795 4138 ριῗὲνιὲῖλενος
832 4068 944 4138 γὰρ
991 4067 1299 4135 ἀληθινὸς,
1329 4067 1620 4135 ἀληθινός
1642 4067 1834 4122 ἐστιν.
1877 4067 1981 4122 De-

387 4137 548 4208 leuda
573 4137 657 4193 est
691 4156 789 4192 vox
825 4137 1078 4208 ἀληθινὸς
1108 4154 1229 4207 qua:
1266 4140 1450 4207 priore
1507 4139 1625 4191 loco
1667 4140 1843 4208 posita
1875 4148 1979 4194 est.

381 4207 548 4265 Cerle
578 4225 679 4263 nec
709 4210 763 4263 in
785 4207 973 4262 codice
988 4209 1192 4272 Allatii,
1214 4224 1314 4262 nec
1342 4209 1394 4260 in
1423 4208 1665 4261 editione
1692 4207 1979 4263 Basiliensi

384 4278 640 4334 habetur.
674 4277 730 4332 in
780 4279 1018 4347 vulgatis
1075 4293 1294 4348 quoque
1327 4277 1664 4348 editionibus
1694 4279 1979 4348 Athanasii

383 4363 451 4403 ac
480 4348 770 4418 Nicephori
801 4345 910 4402 non
946 4345 1161 4418 legitur.
1209 4345 1449 4400 Proinde
1498 4349 1670 4418 miror
1709 4346 1977 4402 Jacobum

385 4416 743 4473 Sirmundum
769 4434 889 4471 eam
923 4416 1244 4472 in‘editione
1273 4432 1374 4471 sua
1412 4416 1729 4472 retinuisse.

459 4489 588 4544 PAG.
634 4488 723 4543 29.
763 4489 1214 4557 Ἐννοουμένων
1239 4486 1487 4550 λέξεων.
1539 4485 1785 4542 Pessime
1831 4485 1979 4542 hunc

383 4558 566 4614 locum
617 4568 898 4613 verterunt
947 4557 1487 4627 Christophorsouus
1535 4566 1588 4611 et
1625 4557 1977 4622 Sirmundus,

381 4630 477 4694 qui
529 4629 800 4698 dictiones
833 4629 918 4698 pie
947 4629 1286 4696 excogitatas
1329 4627 1778 4695 interpretantur.
1813 4629 1976 4698 Atqui

379 4700 590 4756 Μίεκηί
623 4697 1032 4753 Patresnullas
1079 4713 1242 4751 voces
1295 4698 1694 4765 excogitarunt,
1743 4697 1837 4750 sed
1890 4700 1976 4752 usi

381 4779 515 4824 sunt
547 4770 777 4823 vocibus
797 4783 919 4837 quae
939 4768 1107 4821 autin
1135 4781 1291 4820 sacra
1320 4766 1605 4831 Scriptura
1634 4767 1968 4837 legebantur,

381 4849 480 4894 aut
509 4841 579 4894 ab
612 4835 853 4906 antiquis
883 4837 1198 4892 doctoribus
1223 4837 1440 4889 fuerant
1467 4835 1974 4904 usurpata-.Verum

381 4912 429 4966 si
455 4910 858 4978 lauannscriptos
879 4908 1099 4978 codices
1132 4907 1561 4978 consuluissent,
1594 4921 1779 4978 veram
1812 4907 1977 4976 hujus

381 4981 487 5037 loci
535 4975 865 5049 scripturam
921 4976 1430 5049 deprehendissent.
1474 4975 1636 5049 Certe
1684 4977 1739 5028 in
1787 4975 1977 5049 codice

378 5050 567 5107 Allatii
598 5045 736 5103 et'in
764 5045 1008 5102 editione
1060 5045 1346 5100 Basiliensi
1391 5046 1610 5115 legitur,
1641 5046 1971 5116 νοουμένων.

379 5121 458 5177 Ita
488 5134 706 5188 quoque
737 5116 932 5188 legitur
964 5118 1289 5188 inﬂvulgatis
1315 5116 1663 5188 editionihns
1685 5117 1974 5174 Athanasii

379 5207 446 5247 ac
465 5185 914 5256 NicephoriCSed
942 5196 994 5243 et
1019 5186 1358 5256 Epiphanius
1394 5185 1771 5240 Scholasticus
1796 5189 1870 5241 ita
1898 5191 1974 5242 lc-

380 5268 557 5332 gerat.
599 5257 692 5332 Sic
731 5262 878 5332 enim
929 5259 1116 5332 vertit;
1175 5257 1462 5332 Propterea
1494 5271 1559 5310 ea:
1603 5272 1704 5332 non
1761 5261 1972 5332 scriptis

379 5326 731 5394 Sermonibus,
759 5331 844 5399 pie
873 5337 1046 5382 tamen
1091 5328 1368 5380 intellectis
1414 5326 1658 5399 damnati
1688 5339 1830 5389 sunt.
1883 5330 1972 5382 lu-

380 5401 577 5469 telligit
601 5396 782 5453 autem
837 5400 1172 5469 Athanasius
1223 5411 1410 5452 vocem
1449 5396 1734 5469 opacos-tor
1767 5413 1890 5468 quae
1918 5401 1970 5454 in

378 5467 554 5526 sacris
602 5468 1172 5539 quideinScripturis
1231 5484 1338 5522 non
1381 5477 1580 5530 exstat,
1629 5467 1700 5539 ab
1727 5467 1973 5539 antiquis

379 5549 564 5595 tamen
607 5537 970 5609 scriptoribus
1002 5543 1175 5592 fuerat
1205 5547 1490 5608 usurpata,
1523 5546 1581 5592 ut
1607 5537 1768 5593 docet
1798 5537 1970 5595 Euse-

377 5611 506 5666 bius
536 5610 589 5662 in
623 5610 854 5678 cpistola
884 5609 952 5660 ad
983 5609 1368 5664 Caesariensem

449 5681 571 5751 Πρὸ
603 5677 755 5733 ἐτῶν
771 5679 950 5747 ἐγγύς
965 5695 1082 5751 {too
1105 5679 1342 5732 ἑκατόν.
1371 5680 1622 5747 lntelligit
1645 5677 1967 5751 Dionysium

377 5746 700 5821 episcopum
771 5746 921 5803 uibus
973 5746 1202 5821 Bootae,
1239 5757 1304 5821 _et
1357 5746 1594 5821 alterum
1644 5746 1966 5821 Dionysium

378 5819 702 5890 episcopum
741 5820 1126 5890 Alexandria);
1157 5819 1249 5887 qui
1289 5821 1348 5873 in.
1379 5820 1532 5875 libris
1583 5821 1700 5875 suis
1729 5819 1968 5875 damna-

382 5888 510 5948 rimt
545 5888 638 5948 eos
672 5891 763 5961 qui
803 5888 1000 5945 Filium
1046 5889 1141 5944 Dei
1191 5903 1330 5959 opus
1381 5899 1435 5954 et
1481 5897 1793 5948 creaturam
1843 5906 1965 5948 esse

1329 457 1414 520 IN
1449 456 1832 519 THEODOR.
1874 457 2076 518 HIST.
2124 460 2318 521 ECCL.
2357 464 2504 524 LIB.
2546 463 2596 525 Ι.

3541 467 3675 532 153i

2099 570 2367 638 dicerent,
2392 586 2451 628 ut
2477 581 2709 630 testatur
2728 575 3064 631 Athanasius
3092 573 3145 629 in
3174 574 3319 630 libro
3350 573 3423 630 De
3455 589 3677 633 senten-

2095 641 2168 695 tia
2194 641 2442 715 Dionysii
2497 647 2980 715 contra‘Ariams.
3009 645 3180 699 l’orro
3211 648 3279 700 ab
3310 649 3534 701 exordio
3564 665 3675 715 crt-

2095 712 2354 785 scopatus
2411 713 2648 784 Dionysii
2699 712 2928 768 Romani
2974 731 3150 784 usque
3200 717 3266 769 ad
3300 712 3674 785 pontiﬁcatum

2095 779 2339 854 Damasi,
2373 800 2484 854 quo
2525 779 2771 854 tempore
2812 779 3147 840 Athanasius
3186 779 3475 854 epistolam
3511 789 3674 843 istam

2094 853 2160 904 ad
2191 852 2355 922 Afros
2391 852 2786 922 scripsit.'anni
2821 864 3187 909 suntcentum
3219 852 3272 909 et
3305 859 3449 920 quod
3479 873 3678 911 excur-

2094 922 2190 996 rit.
2217 921 2352 996 Nam
2391 921 2681 996 Dionysius
2713 926 2904 979 sedere
2934 927 3104 992 empit
3125 940 3271 980 anno
3303 927 3509 980 Christi
3543 928 3672 982 26L

2093 991 2342 1064 Epistola
2389 991 2568 1049 autem
2603 996 2668 1049 ad
2704 995 2868 1050 Afros
2911 997 3112 1064 scripta
3151 1003 3234 1048 est
3283 1012 3430 1049 anno
3463 997 3673 1052 Christi

2092 1062 2198 1135 569
2231 1075 2344 1135 aut
2391 1067 2554 1133 paulo
2604 1075 2750 1126 ante.
2809 1077 2861 1119 ut
2910 1062 3099 1119 censet
3139 1065 3429 1135 Baronius.
3488 1067 3677 1135 Itaque

2094 1133 2198 1186 hoc
2231 1133 2350 1188 loco
2390 1134 2742 1190 scribendum
2782 1145 2915 1206 puto
2951 1135 3144 1188 ἑκατὸν
3173 1134 3340 1206 τριῶν
3375 1152 3472 1205 pro
3516 1133 3672 1208 τρίἀ-

2092 1220 2277 1257 κοντα.

2165 1273 2230 1326 Οἳ
2255 1273 2607 1340 ᾐτιάσαντο.
2641 1277 2698 1329 1η
2721 1275 2913 1330 codice
2935 1276 3130 1328 Leonis
3167 1276 3351 1329 Allatii
3377 1284 3432 1330 et
3465 1277 3520 1330 in
3551 1277 3672 1330 vul-

2090 1345 2232 1417 gatis
2264 1345 2602 1401 etlitionibus
2637 1347 2918 1399 Athanasii
2948 1355 3002 1417 et
3035 1345 3328 1417 Nicephori
3360 1346 3514 1400 deest
3545 1347 3674 1400 arti-

2091 1415 2251 1470 culus
2297 1417 2712 1485 postpositivus.
2746 1417 2919 1485 Quam
2963 1415 3251 1469 lectionem
3291 1418 3337 1471 si
3379 1417 3670 1471 admiseri-

2092 1498 2236 1548 tnns,
2265 1481 2645 1554 espug'endum
2675 1486 2780 1539 erit
2821 1481 2962 1556 ἦσαν
3001 1485 3145 1556 quod
3191 1488 3475 1556 praecedit.
3508 1486 3671 1542 Certe

2089 1556 2317 1624 verbum
2372 1556 2519 1610 istud
2568 1571 2674 1610 non
2731 1555 2965 1610 habetur
3006 1555 3148 1624 apud
3201 1556 3566 1610 Athanasium
3617 1565 3672 1610 et

2089 1622 2501 1695 Nicephorum:
2544 1641 2642 1678 nec
2692 1622 3053 1694 Epiphanius
3100 1624 3476 1680 Scholasticus
3535 1627 3669 1680 illud

2089 1701 2356 1765 agnoscit,
2395 1704 2451 1749 ut
2490 1712 2556 1750 ex
2589 1696 2707 1760 eius
2748 1696 3201 1765 interpretatione
3229 1696 3532 1765 colligitur.

2165 1768 2426 1835 Ἔγραψε
2460 1767 2558 1819 καὶ
2595 1766 2717 1831 τοῖς
2751 1765 2938 1831 ὶδιόις.
2985 1764 3153 1836 Magis
3184 1767 3356 1833 placet
3377 1764 3665 1833 scriptura

2087 1836 2293 1890 codicis
2311 1836 2588 1899 Allatiani,
2621 1837 2673 1890 in
2703 1836 2911 1905 quoﬁita
2935 1837 3133 1905 legitur
3157 1837 3243 1889 hic
3264 1837 3437 1896 locus,
3461 1835 3666 1903 ἔγραφε

2085 1906 2142 1959 δὲ
2167 1907 2390 1969 καὶτοῖς
2420 1907 2588 1969 ἰδίοις.
2617 1904 2776 1960 Certe
2806 1904 3146 1974 Epiphanius
3183 1906 3556 1962 Scholasticns
3609 1909 3663 1959 in

2087 1991 2187 2029 suo
2215 1977 2406 2030 codice
2437 1977 2509 2029 ita
2542 1977 2805 2044 scriptum
2841 1976 3143 2030 invenerat.
3166 1976 3260 2030 Sic
3286 1977 3431 2031 enim
3459 1975 3620 2031 vertit
3645 1993 3662 2030 :

2087 2044 2311 2115 Scripsit
2332 2057 2508 2101 autem
2535 2056 2584 2100 et
2610 2045 2808 2100 civibus
2837 2046 2971 2110 suis,
3003 2053 3112 2101 etc.

2673 2157 2742 2216 In
2771 2168 2929 2228 caput
2964 2158 3072 2217 IX.

2156 2251 2353 2317 Ζάλης
2409 2253 2765 2321 ἐνεπίμπλα.
2823 2252 2879 2307 1η
2935 2254 3144 2321 optima
3205 2253 3447 2307 editione
3506 2250 3668 2304 Basi-

2086 2323 2244 2378 liensi
2285 2324 2551 2392 scriptum
2592 2324 2773 2377 inveni
2808 2324 3095 2386 ἐνεπεπλα,
3135 2324 3358 2383 rectius.
3399 2322 3663 2392 ni_l'allor.

2155 2392 2318 2447 Μετὰ
2366 2390 2476 2457 τὰς
2553 2393 2989 2461 Ἀλεξανδρέων
3047 2393 3381 2461 προεδρίας.
3441 2390 3664 2446 Rectius
3749 2454 3752 2458 ,

2087 2464 2141 2517 in
2197 2478 2300 2516 ms.
2327 2461 2518 2533 codice
2559 2461 2772 2516 Henrici
2817 2461 3006 2516 Savilii
3050 2465 3244 2533 legitur
3291 2461 3662 2530 Ἀλεξάνδρου.

2084 2534 2264 2618 Atque
2294 2535 2374 2618 ita
2399 2532 2664 2618 scriptum
2694 2532 3116 2618 exliibct_editio
3145 2533 3484 2618 Basiliensis:

2157 2602 2285 2656 PAG.
2314 2603 2402 2656 51.
2433 2600 2596 2666 Μήτε
2617 2605 2989 2672 χειροθετεῖν.
3012 2602 3069 2657 In
3101 2603 3288 2655 codice
3312 2600 3590 2655 Saviliano
3610 2610 3663 2653 ct

2087 2674 2141 2727 in
2187 2673 2431 2726 editione
2461 2672 2745 2742 Basiliensi
2788 2674 2974 2740 legitur
3033 2676 3381 2742 χειροτονεῖν,
3421 2672 3492 2723 ita
3522 2686 3666 2742 quo-

2085 2758 2193 2813 que
2224 2743 2485 2797 scribitur
2515 2741 2657 2810 apud
2701 2742 2982 2796 Gelasium
3034 2741 3388 2813 Cyzicenum.
3437 2741 3548 2813 qui
3579 2749 3665 2792 ta-

2089 2811 2211 2867 men
2245 2814 2472 2866 alteram
2516 2828 2738 2880 otioque
2784 2811 3112 2880 scripturam
3163 2813 3410 2874 retinuit,
3458 2811 3552 2864 sed
3606 2820 3663 2863 et

2092 2881 2861 2953 Epiphanius_Scholastieus
2903 2883 3107 2953 legisse
3160 2881 3374 2953 videtur
3428 2895 3669 2953 χξφοτο-

2085 2949 2238 3005 νεῖειὀ
2271 2953 2352 3007 sic
2383 2951 2529 3006 enim
2569 2954 2770 3006 vertit:
2799 2949 3022 3004 Nullam
3065 2968 3185 3006 vero
3219 2949 3535 3004 omnimodis
3564 2949 3665 3002 ha-

2087 3023 2206 3077 bere.
2234 3031 2566 3091 potestatem,
2598 3038 2761 3091 neque
2790 3023 3036 3090 eligendi,
3079 3037 3241 3091 neque
3279 3021 3587 3091 ordinandi.

2155 3089 2581 3160 Μύστικωτέρᾳ
2652 3089 3000 3158 χειροτονίᾳ.
3080 3089 3161 3146 Ιη’
3213 3089 3667 3160 adnotationibus

2086 3164 2224 3217 meis
2258 3162 2326 3215 ad
2361 3162 2559 3215 librum
2593 3162 2825 3228 primum
2864 3161 3130 3226 Socratis,
3162 3176 3284 3230 cap.
3315 3165 3368 3223 υ,
3406 3161 3552 3230 hunc
3585 3159 3666 3230 lo-

2086 3247 2211 3286 cmu
2267 3231 2498 3301 exposui
2549 3231 2617 3284 de
2674 3231 3022 3286 ordinatione
3071 3228 3416 3301 episcopali._
3447 3228 3670 3301 Exstitit

2088 3309 2278 3370 postea
2304 3303 2390 3354 vir
2419 3300 2639 3370 doctus,
2681 3301 2773 3370 qui
2807 3301 2858 3353 in
2902 3302 3048 3355 notis
3080 3298 3147 3355 ad
3190 3298 3356 3353 vitam
3390 3299 3450 3352 Β.
3494 3298 3666 3370 Atha-

2086 3369 2228 3425 nasii
2275 3384 2443 3440 quam
2489 3369 2700 3424 Gallico
2750 3384 3008 3425 sermone
3051 3371 3297 3438 scripsit.
3345 3369 3666 3440 observavit

2087 3437 2420 3511 χειροτονίαν
2457 3440 2563 3495 hoc
2588 3441 2708 3493 loco
2742 3454 2851 3493 non
2894 3455 2992 3508 pro
3025 3437 3390 3502 ordinatione,
3433 3437 3528 3511 sed
3567 3453 3666 3511 pro

2085 3507 2326 3580 simplici
2368 3511 2748 3564 benedictione
2781 3507 3163 3580 accipiendam
3197 3526 3340 3565 esse.
3367 3510 3488 3580 _Ait
3520 3507 3668 3580 enim

2085 3577 2211 3634 tam
2253 3579 2612 3643 Orientalem,
2680 3594 2843 3648 quam
2898 3577 3309 3634 Occidentalem
3367 3577 3668 3648 Ecclesiam

2086 3650 2522 3704 reordinationes
2555 3647 2835 3716 nunquam
2878 3649 3180 3716 probasse:
3219 3649 3381 3712 idque
3414 3647 3670 3714 pluribus

2085 3719 2419 3774 testimoniis
2461 3719 2643 3772 allatis
2696 3730 2945 3772 astruere
2971 3727 3222 3771 conatur.
3263 3717 3482 3769 Memini
3524 3731 3666 3782 quo-

2084 3805 2192 3857 que
2227 3792 2296 3842 ah
2338 3788 2552 3842 erudito
2607 3787 2845 3857 quodam
2893 3789 3146 3857 tthIOgo
3196 3787 3248 3840 id
3301 3785 3430 3838 mihi
3487 3799 3668 3857 quon-

2085 3855 2210 3913 dam
2247 3866 2566 3928 suggestum
2595 3855 2787 3928 fuisse.
2820 3857 3020 3910 Verum
3056 3855 3196 3910 hanc
3226 3870 3414 3908 corum
3445 3855 3666 3928 exposi-

2086 3930 2288 3982 tionem
2316 3922 2504 3982 inultis
2531 3927 2597 3981 de
2628 3926 2814 3980 causis
2842 3931 3077 3996 probare
3110 3941 3215 3980 non
3251 3938 3500 3994 possum.
3541 3922 3665 3996 Pri-

2086 4013 2235 4051 mum
2268 3998 2360 4066 qui
2392 3996 2696 4067 χειροτονίᾳ
2732 3997 2806 4050 nil
2839 3993 2984 4050 aliud
3020 3993 3293 4065 signiﬁcat
3322 4007 3500 4067 (illaut
3521 3993 3668 4046 ordi-

2085 4063 2619 4121 nationém.'Deinde
2658 4063 3243 4136 μυστικωτέρᾳίεειιίε
3285 4063 3530 4136 ostendit
3569 4078 3664 4136 or-

2084 4138 2390 4192 dinationis
2421 4133 2825 4190 sacramentum
2867 4133 3248 4205 hic'tntelligi.
3281 4135 3475 4205 Neque
3517 4133 3663 4185 enim

2091 4207 2324 4275 simplex
2358 4206 2666 4260 benedictio
2688 4214 2835 4275 recte
2865 4207 3091 4275 mystica
3115 4204 3413 4258 diceretur.
3439 4204 3666 4275 Compa-

2085 4272 2443 4345 rant'quippe
2491 4276 2671 4330 sancti
2712 4274 2901 4345 Patres
2923 4272 3334 4329 ordinationem
3367 4272 3663 4345 episcopo-

2082 4359 2205 4400 rum
2258 4343 2390 4413 quin
2433 4345 2573 4399 facta
2620 4352 2738 4400 erat
2777 4360 2807 4398 a
2851 4344 3092 4407 Melet-io.
3141 4361 3266 4399 cum
3318 4343 3664 4396 ordinatione

2083 4415 2322 4484 legitima
2351 4431 2516 4484 quam
2553 4416 2670 4469 fieri
2697 4415 2892 4482 jubent
2941 4416 3010 4470 ab
3041 4414 3376 4470 Alexandro.
3413 4413 3478 4465 Et
3525 4413 3664 4464 hanc

2081 4485 2242 4553 longe
2274 4484 2627 4539 sacratiorem
2658 4501 2781 4540 esse
2817 4486 3008 4540 dicunt
3037 4487 3387 4540 ordinaaione
3416 4484 3504 4535 illa
3539 4498 3664 4548 qua:

2081 4564 2415 4625 praesumpta
2452 4556 2640 4625 fuerat
2668 4570 2708 4625 a_
2745 4555 2978 4611 Mcletio.
3009 4554 3296 4609 Postremo
3327 4553 3524 4625 falsum
3575 4564 3662 4604 cst

2079 4623 2228 4693 quod
2257 4623 2514 4678 asserunt
2543 4624 2644 4677 viri
2677 4623 3006 4685 doctissimi,
3033 4625 3330 4682 Ecclesiam
3389 4623 3499 4675 illis
3524 4632 3664 4673 lem-

2083 4696 2314 4763 poribus
2344 4711 2453 4748 non
2485 4695 2751 4764 probasse
2790 4696 3230 4751 reordiuationes
3272 4693 3660 4764 episcoporum

2079 4761 2146 4836 ac
2185 4761 2656 4836 presbyterorum.
2705 4764 2869 4836 Certe
2902 4765 3248 4836 Marcellinus
3282 4761 3569 4836 presbyter
3606 4761 3659 4836 in

2081 4831 2266 4910 libello
2294 4831 2519 4904 precum
2547 4849 2710 4910 quem
2737 4835 2937 4910 obtulit
2974 4833 3286 4910 Theodosio
3319 4831 3661 4910 imperatori,

2077 4903 2552 4958 diserte’testatur
2584 4903 2933 4958 Theodorum
2967 4904 3300 4959 catholicum
3337 4903 3661 4971 episcopum

2080 4975 2234 5043 urbis
2295 4973 2592 5043 Ogyrinchi
2661 4977 3010 5028 reordinasse
3075 4969 3447 5043 presbyteros
3489 4969 3665 5035 partis

2078 5042 2298 5114 Meletii.
2337 5040 2429 5097 Sic
2473 5045 2631 5114 enim
2660 5045 2852 5097 scribit
2891 5061 3011 5114 pug.
3057 5040 3126 5098 85
3163 5062 3175 5097 :
3214 5040 3353 5097 Sane
3378 5040 3515 5114 hinc
3553 5043 3664 5090 rutt

2077 5130 2131 5167 se
2178 5113 2500 5167 catholicum
2551 5113 2736 5178 rideri,
2787 5121 2928 5181 quod
2964 5110 3019 5166 Et
3070 5115 3180 5181 ipse
3220 5110 3479 5182 quosdam
3521 5124 3666 5161 nunc

2074 5183 2403 5255 presbyteros
2435 5199 2526 5240 seu
2566 5183 2822 5238 diaconos
2861 5185 3125 5252 Apollonii
3167 5185 3493 5255 facitisuasu
3526 5193 3660 5246 quo-

2075 5254 2200 5307 dam
2233 5253 2435 5312 taicos.
2474 5263 2522 5307 et
2554 5270 2640 5307 eos
2674 5255 2862 5309 iterum
2905 5255 3139 5317 ordinat,
3178 5267 3232 5309 tu
3269 5253 3514 5309 rideatur
3546 5261 3660 5299 tur.
3719 5290 3724 5298 .

2073 5324 2307 5393 pissimie
2334 5324 2490 5378 istius
2513 5324 2867 5395 ordinationis
2895 5327 3051 5378 vicem
3074 5325 3268 5395 referre
3293 5337 3447 5395 quam
3467 5334 3658 5395 passus

2072 5390 2172 5448 est.
2215 5395 2540 5450 'l‘heodorus
2591 5394 2758 5464 igitur
2784 5396 3093 5450 catholicus
3133 5390 3269 5447 cum
3306 5390 3660 5464 'Melctiams

2075 5466 2425 5535 presbyteros
2457 5462 2659 5535 iterum
2678 5465 2979 5535 ordinavit.
3009 5466 3060 5517 iu
3089 5480 3154 5519 eo
3187 5473 3412 5535 secutus
3443 5462 3658 5535 videtur

2075 5529 2366 5589 decretum
2402 5535 2598 5604 synodi
2641 5533 2897 5590 Nicaeum.
2937 5535 3093 5588 Adde
3122 5531 3267 5604 quod
3303 5531 3506 5604 Nicaeni
3553 5529 3660 5604 Pa.

2075 5613 2189 5660 tres
2223 5606 2276 5658 in
2310 5602 2521 5659 canone
2547 5614 2704 5660 sexto
2726 5605 2931 5660 diserte
2961 5602 3252 5666 definiunt,
3272 5618 3369 5658 eos
3401 5602 3492 5670 qui
3517 5602 3660 5656 citra

2071 5689 2403 5748 consensum
2435 5673 2838 5748 Metropolitani
2871 5675 3113 5748 ordinati
3147 5674 3353 5748 fuerint
3382 5673 3660 5748 episcopi$

2071 5745 2360 5814 episcopos
2393 5746 2681 5800 habendos
2720 5761 2830 5799 nou
2863 5760 3008 5800 esse.
3044 5746 3181 5799 Cum
3216 5744 3380 5814 igitur
3410 5744 3658 5814 episcopi

2070 5811 2478 5884 piirtis'bleletii
2509 5816 2720 5884 absque
2751 5830 3026 5872 consensu
3073 5811 3370 5884 Alexandri
3407 5813 3500 5884 qui
3540 5827 3654 5861 ine—

2080 5885 2446 5955 tropolitanus
2481 5897 2599 5941 erat
2630 5883 2796 5944 totius
2837 5884 3083 5961 Acgypti,
3118 5883 3360 5943 ordinati
3401 5883 3658 5946 fuissent.
