4074 6424
261 388 407 457 1565

258 506 404 561 enim
421 502 682 571 baptisati
693 505 994 576 sancti,etc.
1010 501 1144 560 Nam
1160 504 1495 576 τελεωθῆναι
1513 515 1597 562 est
1613 504 1862 575 baptiza-

260 581 338 645 ri,
371 577 634 646 utmonui
659 576 714 632 in
732 575 1200 632 Adnotationibus
1226 575 1571 640 Euscbianis,
1596 576 1859 646 pag.253.

351 644 614 713 Ἀδόλως
636 646 1072 716 γινωσκομένη.
1097 646 1334 701 Primam
1365 661 1554 702 vocem
1585 644 1864 704 Getieven-

261 735 354 773 ses
387 719 712 787 typographi
749 718 1165 788 adjeceruntiex
1211 717 1700 788 Cbristophorsoni
1737 732 1860 771 ver-

259 790 422 842 sione
458 795 512 841 et
539 803 608 843 es
638 790 780 843 libro
804 787 1114 843 Athanasii.
1155 787 1210 842 In
1251 787 1469 844 cunctis
1528 798 1711 842 tamen
1763 803 1862 840 no-

261 860 397 913 stris
425 860 833 925 exemplaribus
899 874 1008 913 non
1073 857 1340 925 habetur,
1373 875 1475 915 nec
1505 861 1563 914 in
1610 859 1861 914 versione

264 929 560 1000 Epiphanii
587 929 939 987 Seholastici.

344 998 510 1066 Τινὲς
549 1001 664 1068 μὲν
701 1002 899 1069 αὐτὴν
932 1000 1049 1069 τὴν
1095 999 1166 1053 ὲν
1212 1001 1452 1067 Νικαίᾳ.
1514 1000 1573 1054 In
1622 1002 1860 1070 vulgatis

268 1072 560 1128 Athanasii
593 1073 931 1126 editionibus
968 1072 1056 1124 hic
1081 1070 1234 1126 locus
1276 1073 1434 1125 aliter
1468 1071 1668 1140 legitur
1710 1090 1723 1125 :
1763 1073 1858 1127 sed

263 1160 334 1199 ex
376 1139 726 1196 Theodoreto
754 1141 1132 1196 emendandus
1165 1149 1269 1196 est.
1308 1140 1427 1197 Duo
1466 1143 1611 1197 enim
1656 1157 1858 1211 genera

264 1215 603 1270 Arianorum
660 1213 752 1267 hic
810 1211 1130 1281 perstringit
1187 1212 1560 1276 Athanasius,
1622 1211 1857 1282 quorum

266 1284 367 1337 alii
404 1298 593 1338 vocem
642 1282 929 1352 ὁμοούσιον
991 1283 1212 1351 penitus
1265 1283 1613 1353 rejiciebaut,
1644 1281 1857 1337 Filium

266 1354 365 1408 Dei
400 1370 466 1409 ex
499 1353 672 1408 nihilo
701 1363 950 1408 creatum
986 1360 1346 1421 asserentes;
1383 1354 1475 1407 alii
1508 1369 1636 1409 vero
1662 1355 1862 1408 admit-

264 1426 459 1479 tebant
500 1424 717 1486 quidem
760 1423 820 1477 τὸ
870 1423 1180 1493 ὁμτιούσιον,
1219 1425 1312 1479 sed
1360 1439 1646 1494 perperam
1691 1426 1862 1478 inter.

266 1497 651 1564 pretabantur,
713 1509 817 1550 nec
875 1492 1142 1564 Spiritum
1200 1492 1474 1564 sanctum
1516 1492 1681 1550 Deum
1737 1510 1861 1550 esse

266 1563 568 1621 credebant
625 1583 641 1620 :
703 1565 1013 1635 cujusmodi
1065 1574 1225 1620 erant
1272 1563 1674 1620 Ma¢edoniaui.
1710 1564 1855 1620 Idem

266 1644 507 1691 testatur
532 1634 834 1706 Gregorius
862 1634 1245 1690 Nazianzenus
1269 1637 1322 1690 in
1347 1636 1598 1692 oratione
1632 1635 1852 1690 funebri

267 1707 337 1762 de
394 1707 649 1761 laudibus
703 1707 1012 1777 Athanasii,
1075 1706 1312 1777 loquens
1370 1707 1439 1763 de
1491 1707 1676 1762 libello
1732 1706 1855 1762 fidei

266 1793 431 1849 quem
463 1778 788 1849 scripsitad
823 1776 1111 1849 Iovianum
1144 1776 1284 1849 Aug.

339 1847 472 1903 Pco.
528 1847 652 1903 ιδι.
701 1846 848 1902 ’Υπό
913 1846 1281 1916 τριακοσίων
1340 1847 1489 1904 δέκα
1544 1847 1643 1902 καὶ
1704 1847 1858 1902 ὀκτὼ

265 1918 638 1974 ἐπισκόπων.
677 1919 734 1973 In
765 1918 1001 1989 vulgatis
1047 1918 1387 1976 editionibus
1414 1919 1705 1974 Athanasii
1753 1935 1857 1973 nu-

269 2004 458 2045 merus
500 1991 889 2059 episcoporum
942 2004 1050 2043 non
1097 1989 1349 2045 habetur.
1396 1989 1557 2046 Certe
1590 2005 1856 2045 numerus

265 2059 361 2131 ille
400 2069 770 2115 trecentorum
822 2062 1010 2115 decem
1064 2067 1121 2114 et
1176 2068 1304 2117 octo
1339 2062 1724 2131 episc0porum
1760 2061 1852 2129 qui

265 2129 459 2186 Nicaeae
504 2131 558 2185 in
621 2146 789 2185 unum
848 2141 1245 2195 convenerunt,
1300 2132 1428 2186 licet
1486 2129 1557 2187 ab
1606 2131 1854 2200 antiquis

263 2200 815 2273 Patribustraditus
868 2201 1213 2271 reperiatur,
1284 2202 1429 2273 apud
1486 2203 1851 2273 Athanasium

264 2280 472 2344 tamen,
512 2272 558 2327 si
605 2273 745 2344 bene
779 2273 1024 2344 memini,
1062 2272 1334 2342 nusquam
1381 2274 1595 2344 integer
1614 2272 1851 2344 _l_egitur.

263 2341 400 2396 Nam
433 2344 488 2396 in
519 2343 750 2414 epistola
776 2343 843 2397 ad
876 2341 1198 2408 Soiitarios,
1218 2358 1338 2414 pag.
1372 2341 1588 2405 854,ait
1614 2341 1851 2398 Nicaeam

263 2414 591 2470 convenisse
613 2412 903 2484 episcopos
934 2413 1056 2483 plus
1078 2414 1262 2470 minus
1287 2412 1588 2471 trecentos.

857 2527 926 2584 In
961 2541 1121 2601 caput
1154 2529 1264 2586 IV.

337 2623 470 2698 PAQ.
502 2623 646 2698 i55._
672 2623 1078 2698 ’EGsBalwasr.
1118 2624 1364 2681 Pessime
1392 2625 1851 2698 Christophorso-

265 2710 370 2749 aus
431 2696 580 2750 hunc
633 2694 817 2749 locum
882 2695 1275 2765 interpretatus
1330 2703 1414 2752 est
1471 2697 1575 2752 hoc
1617 2694 1848 2755 'modo:

263 2765 506 2835 Cogni:io
547 2765 888 2835 imperatoris
925 2782 1084 2835 quam
1114 2766 1179 2821 de
1213 2767 1368 2822 rebus
1399 2767 1593 2822 divinis
1635 2769 1853 2825 imbibe-

262 2846 369 2890 rat.
393 2835 559 2906 Atqui
584 2851 693 2889 non
716 2837 822 2890 hoc
841 2835 980 2890 dicit
1008 2836 1420 2903 Theodoretus;
1442 2837 1538 2894 sed
1560 2836 1851 2895 Iovianum

263 2906 827 2980 acceptis_Athauasii
870 2907 1088 2980 litteris,
1134 2908 1313 2980 legem
1375 2910 1570 2964 tulisse
1618 2925 1725 2980 qua
1755 2908 1852 2965 Ni-

261 2976 417 3033 czena
458 2977 592 3033 ﬁdes
622 2976 1071 3033 confirmabatur.
1114 2976 1352 3045 Si'quis
1398 2986 1583 3034 tamen
1624 2976 1848 3037 sensum

257 3048 747 3123 Christopborsoni
802 3047 958 3123 sequi
1010 3049 1290 3123 maluerit,
1346 3064 1458 3104 non
1513 3065 1849 3123 magnopere

260 3117 583 3193 repugnabo
617 3138 633 3173 .-
668 3119 972 3193 praesertim
995 3133 1120 3193 cum
1155 3117 1419 3193 Jovianus
1444 3117 1849 3193 nullanulla—gem

259 3188 455 3263 tulerit
501 3188 570 3245 de
630 3188 895 3263 religione
915 3189 1079 3263 .___sed
1133 3190 1441 3263 unicuique
1482 3191 1699 3263 colendi
1732 3188 1849 3263 'pro

259 3261 495 3332 arbitrio
523 3275 625 3332 suo
654 3258 897 3332 numinis
917 3258 1152 3332 liberam
1185 3258 1471 3332 reliquerit
1505 3258 1846 3331 facultatem,

260 3339 323 3387 ut
357 3330 517 3386 docet
547 3329 886 3387 Themistius
914 3330 969 3385 iu
999 3332 1251 3387 oratione
1275 3329 1341 3386 ad
1368 3331 1682 3389 Iovianum.

333 3401 440 3457 Kal
492 3402 684 3470 νόμον
735 3400 945 3469 ἕτερον
988 3399 1237 3469 ἔγραψε.
1290 3400 1418 3458 Haec
1464 3410 1551 3458 est
1604 3405 1850 3460 secunda

257 3469 588 3544 constitutio
608 3469 948 3544 .lovianipro
973 3471 1486 3544 Ecclesiis.APrima
1525 3475 1672 3528 enim
1722 3476 1846 3544 ejus

258 3543 585 3598 constitutio
617 3542 796 3598 fuerat
822 3542 889 3596 de
922 3543 1196 3612 episcopis
1237 3542 1305 3596 ab
1327 3544 1526 3597 exsilio
1577 3542 1848 3599 revocan-

256 3613 368 3677 dis,
414 3612 571 3686 etin
608 3611 969 3686 sedessuas
1003 3611 1386 3683 restituendis,
1436 3622 1496 3669 ut
1542 3614 1747 3686 legitur
1791 3616 1849 3670 in

254 3698 380 3754 cap.
418 3685 454 3739 2
482 3683 646 3753 hujus
681 3682 827 3739 libri.

336 3752 406 3808 re
437 3752 839 3824 τριτημόριον.
869 3752 972 3807 Hic
1002 3752 1160 3808 locus
1189 3768 1356 3822 prava
1399 3754 1849 3824 interpunctione

254 3824 605 3897 deformatus
622 3832 727 3897 est.
749 3823 841 3897 Sic
863 3825 1028 3897 igitur
1051 3840 1177 3881 eum
1199 3823 1647 3897 distinguendum
1671 3834 1805 3897 puto
1831 3846 1846 3882 :

252 3895 371 3959 Τὰς
425 3895 723 3966 εἰσφορὰς,
778 3894 899 3965 τῆςί
933 3896 1345 3949 Κωνσταντίνου
1382 3894 1726 3963 ’συντάξεώς
1787 3896 1849 3951 τὸ

254 3967 638 4039 τριτημόριρν,
668 3972 998 4039 elc.,_qu_a_m
1041 3966 1453 4024 distinctionem
1490 3969 1611 4039 ipse
1643 3967 1849 4025 confir~

253 4036 375 4092 mat
400 4037 777 4093 'fheodoretus
811 4036 867 4092 in
901 4037 999 4091 lib.
1033 4052 1072 4102 ι,
1105 4051 1225 4108 cap.
1257 4052 1317 4096 ιι.

864 4146 933 4203 In
975 4160 1133 4220 caput
1181 4149 1247 4205 V.

328 4242 463 4300 Pro.
498 4242 619 4299 156.
664 4243 998 4314 Αὺξενείου
1026 4244 1159 4314 γάρ.
1199 4243 1418 4299 Nullum
1457 4244 1550 4300 hic
1590 4244 1847 4303 ordinem

249 4325 569 4385 temporum
628 4321 812 4371 servat
862 4313 1264 4385 Theodoretus,
1321 4331 1447 4371 nam
1507 4331 1633 4371 cum
1687 4332 1775 4373 res
1818 4332 1851 4372 a

251 4384 653 4459 Valentiniano
691 4385 831 4456 Aug.
855 4385 911 4439 in
936 4384 1180 4459 Ecclesia
1213 4394 1400 4459 gestas
1429 4386 1615 4444 dicere
1657 4403 1850 4459 aggre-

250 4458 461 4520 diatur,
521 4457 615 4527 qui
671 4470 904 4525 regnare
956 4456 1127 4526 coepit
1194 4456 1343 4511 anno
1408 4459 1608 4512 natalis
1660 4456 1849 4513 Domi-

251 4527 371 4582 nici
403 4527 527 4591 564,
574 4527 642 4582 ab
689 4527 945 4582 Auxentii
990 4538 1167 4583 morte
1199 4538 1252 4583 et
1291 4528 1572 4584 Ambrosii
1619 4530 1848 4584 ordina-

252 4600 413 4652 tione
440 4613 535 4654 eas
569 4596 805 4660 orditur,
841 4612 963 4666 quae
995 4597 1137 4653 facta
1171 4607 1255 4654 est
1302 4613 1449 4653 anno
1484 4598 1688 4655 Christi
1741 4599 1850 4653 574

251 4670 447 4740 decem
505 4668 667 4740 annis
717 4666 946 4738 integris
999 4677 1123 4737 post
1158 4669 1448 4724 exordium
1497 4669 1846 4740 principatus

255 4738 650 4795 Valentiniani.

342 4809 659 4880 Ἠμετέρας
712 4807 1150 4880 ίὺποκλίνωμεν
1210 4808 1505 4878 κεφαλάς.
1580 4807 1848 4867 Solebant

251 4880 390 4937 olim
411 4878 743 4951 _christiani
767 4878 1188 4951 occurrentibus
1218 4881 1494 4950 episcopis
1526 4892 1692 4951 caput
1717 4882 1848 4937 sub-

251 4951 503 5013 mittere,
534 4957 595 5005 ut
625 4950 692 5004 ab
733 4950 801 5004 iis
824 4949 1264 5004 benedictionem
1303 4949 1637 5020 accipereut.
1674 4951 1849 5020 Cujus

250 5022 433 5077 moris
460 5022 630 5075 multa
657 5030 959 5091 supersunt
981 5020 1212 5090 vestigia
1251 5021 1303 5075 in
1358 5029 1609 5077 veterum
1665 5022 1847 5079 libris.

251 5092 448 5148 Primo
479 5092 624 5145 enim
657 5091 899 5146 Hilarius
945 5091 999 5145 in
1040 5091 1183 5145 libro
1214 5101 1408 5146 contra
1455 5091 1844 5148 Constantium

252 5167 334 5233 ita
395 5162 590 5218 scribit
647 5179 661 5216 :
722 5161 918 5233 Oscula
972 5160 1268 5217 sacerdotes
1322 5163 1545 5232 excipis,
1624 5182 1726 5233 quo
1799 5174 1849 5219 et

251 5232 508 5291 Christus
536 5240 614 5287 est
649 5232 894 5300 proditus
919 5247 937 5284 :
968 5240 1125 5300 caput
1167 5234 1518 5288 benedictioni
1549 5232 1846 5297 submittis,

248 5312 316 5360 ut
348 5304 504 5373 ﬁdem
537 5303 728 5356 calces.
765 5300 1010 5358 Convivia
1041 5301 1303 5373 dignaris,
1332 5319 1398 5358 ea:
1427 5321 1529 5372 quo
1570 5303 1749 5360 Iudas
1778 5304 1849 5359 ad

245 5372 615 5447 proditionem
642 5389 883 5444 egressus
922 5382 1029 5447 es_t._
1054 5372 1279 5429 Censum
1320 5377 1846 5447 capitum‘remittis,

249 5444 784 5517 quemCItristusgne
805 5444 1067 5517 seandalo
1090 5454 1244 5506 esset.
1278 5446 1521 5517 exsolvit.
1549 5444 1851 5517 Philostor-

252 5514 385 5587 gius
418 5515 472 5570 in
504 5515 748 5570 Historia
773 5514 1136 5587 ecclesiastica
1170 5517 1365 5571 scribit
1392 5516 1688 5571 Leontium
1727 5515 1847 5587 ’[ιί-

257 5585 454 5659 poleos
475 5588 795 5656 episcopum
825 5602 945 5638 cum
979 5586 1177 5659 reliqui
1210 5586 1691 5659 omnes_epi_scopi
1735 5585 1849 5659 Eu~

260 5656 472 5715 Sciriam
505 5660 827 5728 Augustam,
853 5671 1080 5711 uxorem
1119 5656 1469 5728 imperatoris
1506 5656 1843 5721 Constantii,

261 5729 511 5792 adirent,
567 5727 799 5798 eamque
853 5741 918 5781 es
975 5740 1125 5798 more
1177 5727 1516 5798 adorarent,
1560 5743 1845 5798 nunquam

263 5799 465 5857 adduci
514 5796 758 5866 potuisse
804 5806 862 5852 ut
903 5810 1023 5851 eam
1079 5796 1364 5862 inviseret,
1405 5799 1511 5852 nisi
1556 5812 1619 5853 ea
1653 5796 1847 5853 condi-

265 5870 419 5926 tione
443 5877 499 5924 ιιι
528 5867 769 5938 Augusta
804 5867 1039 5924 venienti
1081 5866 1184 5937 ipsi
1217 5877 1557 5941 assurgeret,
1587 5879 1639 5926 et
1678 5880 1843 5943 caput

1258 394 1342 457 IN
1371 392 1756 455 TEIIODOR.
1786 392 1970 454 HIST
2032 394 2238 456 ECCL.
2269 396 2418 457 LIB.
2443 398 2541 459 IV.

3455 398 3552 463 565

1966 507 2337 567 submitteret,
2364 508 2653 576 postulans
2676 515 2734 563 ut
2757 509 3198 565 hcnediceretur.
3216 509 3397 567 Verba
3429 510 3547 566 Phi-

1967 576 2406 652 lostorgiireiert
2441 576 2643 652 Sttidas
2681 580 2745 652 in,
2770 579 3020 652 Leontio.
3057 581 3246 635 Simile
3276 591 3361 652 est
3400 582 3547 652 quod

1965 648 2159 724 scribit
2181 646 2401 724 blandus
2430 648 2705 724 diaconus
2735 651 2788 704 in
2822 649 2945 705 Vita
2966 651 3259 724 Porphyrii
3283 646 3559 724 Cazensis

1963 719 2229 792 episcopi,
2286 718 2586 773 Eudoxiam
2623 725 2927 790 Augustam
2989 718 3126 792 ipsis
3157 718 3235 777 'in
3280 722 3548 776 Palatiqu

1962 790 2312 863 venientibus
2337 805 2443 843 non
2478 795 2645 847 semel
2677 790 3020 853 occurrisse.
3051 803 3107 847 et
3133 793 3370 862 priorem
3402 795 3554 863 ipsus

1934 861 2261 925 'Salutasse,
2295 868 2463 930 atque
2508 868 2567 913 ut
2596 862 2851 917 sederent
2889 861 3145 930 jussisse,
3195 871 3250 916 ct
3289 861 3555 918 inclinato

1962 931 2143 1004 capite
2181 932 2494 1004 postulasse
2530 939 2588 985 ut
2616 932 3027 1004 benedicerent.
3053 933 3198 987 Idem
3233 949 3455 1004 quoque
3484 936 3552 989 de

1961 1002 2150 1056 eadem
2212 1001 2458 1070 Augusta
2513 1010 2749 1057 testatur
2811 1003 3155 1059 Sozomenus
3197 1001 3261 1059 ini
3297 1001 3389 1057 lib'.
3428 1018 3550 1069 vm,

1963 1086 2085 1141 cap.
2139 1073 2229 1139 15,
2280 1075 2373 1128 ubi
2423 1073 2491 1143 de
2540 1074 2836 1129 Ammonio
2886 1075 3132 1143 loquitur
3178 1086 3229 1129 et
3284 1075 3551 1130 fratribus

1963 1143 2252 1213 monachis
2317 1144 2408 1212 qui
2470 1141 2645 1213 Longi
2701 1141 3044 1200 dicebantur.
3113 1145 3428 1206 Palladius,
3491 1148 3547 1200 in

1963 1212 2185 1288 dialogo
2233 1214 2301 1288 de
2346 1213 2489 1288 Vita
2518 1212 2750 1268 Joannis
2796 1214 3321 1288 Chrysostomiﬂubi
3368 1214 3436 1288 de
3482 1232 3550 1270 eo

1964 1282 2295 1357 loquiturjn
2334 1284 2589 1357 exsilium
2625 1282 3031 1357 proficisce'nte,
3063 1288 3140 1341 ait
3174 1286 3323 1339 illum
3361 1284 3548 1357 Olym~

1964 1353 2109 1426 piadi
2135 1363 2191 1410 et
2221 1354 2497 1426 Pentadius
2527 1371 2590 1410 ac
2622 1356 2857 1411 Salvinaz
2888 1357 3114 1422 dixisse,
3150 1364 3211 1411 ut
3231 1353 3548 1426 quicunque

1964 1423 2084 1478 sine
2116 1426 2324 1480 ambitu
2350 1425 3001 1497 eligereturepiscopus,
3026 1430 3076 1483 ei
3109 1423 3287 1497 capita
3315 1423 3549 1482 submit-

1967 1502 2147 1567 tcrent
2172 1496 2400 1565 perinde
2429 1495 2502 1567 ac
2518 1497 2643 1567 ipsi.
2671 1495 2836 1567 Nefas
2870 1499 2959 1553 hic
2991 1495 3231 1553 arbitror
3271 1500 3548 1567 praeterire

1962 1564 2232 1639 insignem
2264 1564 2704 1639 locumiJo'annis
2732 1566 3112 1639 Chrysostomi
3136 1584 3202 1623 ex
3239 1564 3462 1622 humilia
3488 1569 3544 1630 3,

1962 1637 2028 1691 ad
2046 1637 2313 1709 populum
2340 1638 2768 1702 Antiochenum,
2794 1637 2889 1693 ubi
2919 1639 2986 1695 de
3009 1640 3269 1694 Flaviano
3289 1641 3548 1709 episcOpo

1964 1707 2058 1780 qui
2100 1708 2180 1780 _ad
2239 1709 2563 1763 comitatum
2619 1709 2884 1780 principis
2942 1710 3221 1778 profectus
3275 1707 3413 1770 erat,
3469 1711 3546 1763 ita

1961 1777 2211 1846 loquitur
2236 1797 2260 1851 _:
2301 1780 2519 1850 ’Ἄρχων
2550 1777 2671 1851 ἐστὶ
2708 1777 3014 1845 καϊαύτὸς,
3046 1781 3142 1851 καὶ
3170 1781 3353 1851 ἄχρων
3402 1779 3548 1833 ὲκεί-

1960 1864 2051 1923 you
2083 1848 2437 1923 σεμνᾴτεροξςς
2455 1851 2568 1923 Καὶ
2594 1850 2704 1922 γὰρ
2729 1851 2901 1922 αὐτὴν
2924 1853 3027 1923 τὴν
3055 1848 3348 1922 eumnam
3375 1867 3547 1923 κεφᾳ-

1960 1917 2061 1994 λὴιζ
2111 1921 2166 1994 oi
2217 1917 2356 1994 lego}
2408 1920 2563 1994 νόμῳ.
2607 1917 2742 1985 ’τάῖς
2791 1917 2993 1975 τοῦτοιί
3040 1917 3315 1994 λξρέροντεξ
3359 1921 3548 1994 χερσὶν

1961 1989 2282 2062 ὑπέτᾳξενξ
2318 1990 2395 2046 De
2425 1989 2638 2062 eodem
2697 2007 2852 2048 more
2903 1989 3152 2062 loquitur
3191 1989 3391 2047 auctor'
3424 1989 3548 2046 vitae

1960 2060 2137 2133 sancti
2162 2060 2436 2132 Fulgentii
2473 2080 2487 2116 :
2523 2062 2920 2133 Altercantibus
2961 2060 3203 2118 omnibus
3227 2063 3342 2133 quis
3371 2063 3545 2131 primo

1958 2132 2221 2205 salutaret
2245 2131 2630 2205 agnoscendus,
2659 2134 2778 2205 quis
2814 2133 3138 2189 benedicenti
3165 2131 3320 2201 caput
3346 2149 3547 2205 suppo-

1960 2212 2125 2257 neret.
2156 2201 2401 2271 Denique
2436 2201 2683 2259 incertus
2708 2213 2902 2259 auctor
2929 2204 3298 2271 Quwstionum
3345 2201 3545 2258 Veteris

1957 2283 2007 2327 et
2039 2271 2180 2345 Novi
2219 2273 2569 2345 Testamenti,
2595 2283 2788 2345 quast.
2825 2275 2948 2330 109.
2992 2275 3178 2330 Nostri
3224 2283 3406 2328 autem
3453 2289 3547 2329 sa-

1957 2343 2211 2415 cerdotes
2255 2360 2423 2414 super
2464 2343 2670 2401 multos
2700 2345 2949 2415 quotidie
2997 2361 3194 2400 nomen
3244 2345 3458 2399 Domini
3491 2351 3548 2399 et

1955 2414 2125 2468 verba
2160 2414 2564 2486 benedictionis
2608 2414 2919 2486 imponunt.
2961 2416 3067 2471 Sed
3102 2416 3155 2470 in
3189 2418 3381 2486 paucis
3413 2415 3547 2469 elle-

1958 2493 2082 2540 ctus
2108 2492 2216 2556 est.
2250 2485 2348 2542 Est
2389 2486 2589 2542 iterum
2649 2485 2869 2556 quando
2918 2485 3278 2542 meliores'se
3318 2486 3546 2542 benedi‘

1957 2563 2111 2610 cunt.
2145 2555 2409 2622 Quamvis
2432 2557 2580 2612 enim
2608 2555 2735 2628 quis
2766 2566 2993 2628 sanctus
3025 2557 3543 2628 sit,_c1|rvattamen

1956 2636 2121 2695 caput
2152 2627 2219 2682 ad
2256 2625 2693 2683 benedictionem
2723 2627 3069 2684 sumendam.
3112 2625 3399 2683 Postremo
3435 2625 3547 2681 Ilo-

1954 2701 2256 2768 norius‘et
2303 2698 2726 2754 Valentinianus
2768 2698 3027 2768 Augusti,
3069 2698 3139 2754 de
3187 2698 3548 2754 accusatione

1953 2767 2221 2838 episcopi,
2266 2768 2572 2840 presbyteri
2614 2770 2699 2824 vel
2743 2767 2962 2824 diac'oni
3002 2771 3075 2823 ita
3121 2770 3436 2826 rescribunt
3474 2768 3544 2823 ad

1952 2853 2144 2893 verum
2198 2839 2516 2906 praefectum
2558 2840 2853 2909 praetorio:
2885 2840 3153 2894 Audemus
3185 2841 3400 2909 quidem‘
3434 2854 3547 2893 ser-

1953 2924 2163 2982 monem
2192 2908 2368 2982 [acere
2408 2908 2571 2982 solito
2588 2911 2708 2979 plus
2733 2911 2922 2965 timore
2958 2912 3122 2982 capti,
3156 2908 3222 2965 de
3263 2910 3465 2982 sanctis
3493 2918 3544 2964 et

1953 2979 2338 3034 uenerabilibus
2361 2980 2745 3047 sacerdotibus,
2778 2987 2830 3035 et
2859 2979 3106 3035 secundis
3147 2980 3542 3044 sacerdotibus,

1952 3050 2031 3104 vel
2063 3052 2226 3105 etiam
2252 3049 2450 3105 Levitis
2473 3066 2494 3114 ;
2515 3060 2565 3105 et
2589 3068 2678 3106 eos
2711 3069 2830 3105 cum
2860 3054 3006 3107 omni
3037 3053 3225 3108 timore
3265 3052 3543 3107 nominare

1951 3119 2141 3191 quibus
2167 3124 2339 3177 onmis
2366 3130 2510 3177 terra
2535 3132 2692 3191 caput
2714 3122 2964 3179 inclinat.

2509 3233 2575 3290 In
2605 3246 2763 3304 caput
2800 3233 2972 3292 VIII.

2028 3329 2159 3385 Pas.
2202 3328 2324 3384 158.
2354 3328 2802 3401 Αῄῠτρκράτορες
2828 3328 3124 3401 μέγιστοι.
3168 3327 3539 3401 Baronius__in

1956 3401 2256 3455 Annalibus
2297 3399 2671 3455 ecclesiasticis
2700 3398 2851 3455 hanc
2893 3398 3185 3469 epistolam
3209 3417 3318 3455 non
3361 3415 3390 3454 a
3440 3398 3545 3455 Va-

1952 3471 2259 3527 lentiniano
2289 3470 2642 3539 imperatore,
2679 3479 2739 3527 ut
2772 3472 2968 3528 scribit
3001 3470 3404 3535 Theodoretus,
3448 3470 3543 3526 sed

1952 3556 1982 3596 a
2031 3540 2809 3611 Valentepotius__scriptam
2859 3558 2984 3598 esse
3034 3542 3336 3611 egistimat,
3399 3556 3547 3595 anno

1952 3611 2159 3667 Christi
2175 3608 2322 3681 @65.’
2353 3626 2464 3681 quo
2491 3608 2913 3669 Valentinianus
2957 3620 3012 3667 et
3048 3609 3252 3668 Valens
3283 3608 3545 3668 causules

1957 3681 2130 3754 fuere.
2169 3680 2302 3749 Sed,
2335 3680 2471 3751 pace
2501 3681 2628 3754 ejus
2663 3681 2926 3754 dixerim,
2970 3683 3264 3754 dupliciter
3314 3682 3543 3754 fallitur,

1952 3758 2069 3806 tum
2108 3750 2163 3805 in
2187 3750 2353 3825 anno
2383 3766 2492 3825 quo
2522 3752 2747 3825 scripta
2769 3759 2855 3808 est
2903 3753 3017 3825 haec
3042 3750 3299 3825 epistola,
3325 3759 3441 3825 tum
3487 3753 3543 3825 in

1952 3837 2020 3879 eo
2056 3820 2204 3894 quod
2232 3820 2452 3877 Valenti
2486 3838 2606 3877 eam
2638 3820 2910 3894 assignat.
2944 3820 3247 3894 Namficmn
3283 3822 3349 3894 in
3379 3822 3542 3894 titulo

1952 3895 2052 3975 qui
2075 3888 2336 3975 epistolae
2359 3894 2619 3975 prmlixus
2639 3888 2892 3975 est,'una
2920 3910 3045 3949 cum
3078 3893 3468 3949 Valentiniano
3488 3888 3545 3949 et.

1953 3962 2526 4035 ValenteGratianus
2564 3978 2797 4035 quoque,
2831 3964 3114 4035 Augustus
3166 3973 3537 4033 nuncupetur,

1953 4035 2147 4106 procul
2180 4034 2347 4089 dubio
2373 4042 2500 4089 ante
2534 4050 2740 4089 annum
2775 4034 2979 4091 Christi
3013 4036 3137 4091 567.
3174 4035 3287 4090 haec
3308 4036 3542 4104 epistola

1954 4106 2124 4162 scribi
2173 4120 2282 4159 non
2334 4106 2533 4176 potuit.
2577 4106 2655 4160 Eo
2702 4106 2849 4160 enim
2894 4122 3040 4161 anno
3078 4106 3382 4163 Gratianus
3421 4108 3540 4159 Au-

1994 4184 2153 4231 nstus
2200 4185 2556 4245 nuncupatus
2602 4184 2709 4238 est,
2767 4185 2826 4231 ut
2868 4185 3091 4234 constat
3150 4194 3216 4233 ex
3252 4178 3545 4231 Ammiano

2013 4246 2299 4319 arcellino,
2336 4254 2391 4301 et
2421 4262 2487 4301 ex
2519 4246 2699 4303 Fastis
2729 4246 2903 4319 Idalii,
2947 4247 3217 4319 Lupicino
3248 4256 3303 4303 et
3342 4246 3545 4301 Iovino

1955 4333 2105 4388 coss.
2155 4317 2491 4388 Argumenta
2530 4333 2664 4373 vero
2703 4318 2908 4388 quibus
2953 4317 3226 4374 Bai-quius
3261 4319 3454 4373 nititur
3485 4326 3546 4371 ut

1956 4386 2174 4444 Valenti
2209 4386 2337 4459 eam
2361 4388 2652 4457 epistolam
2689 4386 2956 4459 aSSiguet,
2992 4388 3387 4445 refutationem
3431 4403 3541 4443 non

1955 4468 2259 4515 merentur.
2306 4455 2552 4513 Primum
2602 4461 2748 4515 enim
2799 4455 2896 4523 ait,
2950 4459 3195 4517 Valentis
3238 4474 3438 4515 nomen
3486 4460 3540 4512 in

1955 4531 2118 4585 titulo
2150 4529 2317 4597 huius
2359 4529 2608 4603 epistolae
2658 4531 2898 4601 praeponi
2931 4549 2945 4586 :
2980 4532 3129 4603 quod
3173 4538 3257 4587 est
3302 4529 3541 4603 falsissi—

1956 4616 2126 4663 mum,
2178 4607 2240 4655 ut
2293 4615 2358 4652 ex
2396 4597 2786 4655 'Theodor'eto'
2817 4597 3031 4663 nostro,
3079 4611 3132 4656 et
3178 4616 3242 4656 ex
3290 4600 3545 4656 versione

1955 4670 2248 4742 Epiphanii
2285 4668 2615 4725 Scholastici
2636 4680 2893 4742 apparet.
2924 4672 3130 4727 Deinde
3170 4671 3317 4741 quod
3352 4670 3429 4724 ait
3448 4685 3541 4742 res

1952 4741 2174 4798 Asiana;
2225 4742 2535 4797 diteceseos
2592 4741 2730 4794 nihil
2782 4741 2850 4797 ad
2917 4742 3360 4797 Valentinianum
3413 4741 3545 4795 atti-

1954 4814 2166 4875 nuisse,
2210 4827 2389 4882 neque
2434 4811 2488 4866 id
2519 4826 2708 4867 verum
2726 4820 2845 4882 est.
2884 4812 3102 4869 Etenim
3145 4829 3212 4869 ex
3250 4812 3544 4866 Ammiano

1954 4884 2276 4938 Marcellino
2336 4882 2666 4943 didicimus,
2722 4881 3169 4938 Valentinianum
3234 4883 3543 4946 seniorem,

1953 4956 2084 5010 licet
2127 4953 2341 5008 Valenti
2391 4952 2549 5007 fratri
2594 4952 2844 5025 Qrientis
2888 4955 3196 5025 imperium
3233 4953 3541 5016 tribuisset,

1954 5033 2155 5080 cuncta
2181 5035 2360 5080 tamen
2400 5038 2499 5093 pro
2524 5023 2754 5078 arbitrio
2789 5040 2888 5081 suo
2914 5023 3041 5081 esse
3073 5023 3454 5089 moderatum;
3490 5030 3546 5077 et

1954 5096 2239 5151 Valentem
2296 5097 2471 5149 instar
2525 5094 2870 5164 apparitoris,
2924 5103 2985 5149 ut
3034 5094 3308 5147 Ammiani
3366 5094 3542 5148 nostri

1954 5167 2137 5222 verbis
2169 5177 2311 5231 utar,
2349 5165 2396 5218 ei
2433 5166 2768 5235 morigerum
2802 5180 3022 5235 semper
3053 5165 3247 5220 fuisse.
3297 5164 3545 5235 Denique

1994 5237 2101 5293 uod
2124 5235 2279 5291 addit
2303 5233 2602 5300 Baronius,
2643 5233 3092 5290 Valentiniuuum
3127 5245 3259 5289 tunc.
3289 5233 3543 5290 fuisse’in

2005 5308 2172 5373 alliis,
2210 5322 2319 5360 non
2363 5314 2546 5377 autem
2596 5305 2649 5359 in
2694 5305 2931 5377 lllyrico,
2974 5306 3150 5377 fateor
3201 5304 3253 5359 id
3295 5304 3541 5377 quidem.

1953 5378 2141 5448 Neque
2180 5377 2328 5448 enim
2366 5374 2790 5431 Valentinianus
2834 5378 3043 5433 relictis
3083 5375 3375 5448 Galliisgin
3415 5374 3544 5448 illy-

1957 5445 2130 5504 ricum
2158 5447 2439 5517 profectus
2466 5456 2552 5502 est
2582 5448 2687 5501 nisi
2718 5463 2864 5502 anno
2891 5448 3094 5517 Christi
3122 5447 3249 5509 574,
3275 5445 3547 5502 Gratiano

1952 5529 2008 5576 et
2049 5516 2269 5589 Equitio
2314 5533 2484 5582 coss.,
2524 5526 2583 5571 ut
2632 5517 2794 5574 docet
2839 5518 2983 5572 idem
3027 5516 3401 5573 Marcellinus.
3437 5517 3549 5571 Sed

1955 5590 2093 5645 nihil
2120 5588 2338 5655 'obstat,
2383 5589 2683 5659 quominus
2724 5589 2780 5643 in
2822 5589 3018 5644 Galliis
3059 5589 3299 5657 positus,
3336 5588 3546 5659 legatos

1952 5659 2279 5731 lllyriciana:
2337 5657 2533 5731 synsdi
2585 5658 2652 5731 ad
2704 5675 2764 5714 se
2796 5661 3022 5731 missos
3076 5660 3343 5731 audierit.
3371 5657 3545 5714 Porro

1954 5729 2120 5801 hujus
2156 5729 2406 5801 epistola:
2438 5729 2807 5801 Valentiniani
2842 5729 2908 5801 ad
2940 5731 3232 5801 episc0pos
3256 5730 3399 5783 Asia:
3428 5744 3541 5801 me-

1953 5796 2119 5856 minit
2147 5796 2313 5855 etiam
2335 5799 2701 5872 Theophanes
2736 5800 2790 5856 in
2829 5796 3395 5872 Chronico,'eamquc
3425 5796 3542 5853 edi-

1959 5881 2103 5928 ctum
2132 5871 2388 5943 appellat.
2498 5871 2505 5872 ⁷
2698 5896 2703 5902 -
