4194 6432
400 417 407 423 ,
426 416 435 423 ,
460 410 921 423 __——-—_

404 445 549 451 ——'—‘
600 444 653 449 —
914 447 951 455 α.
974 443 1058 452 ι--ι
1272 428 1863 444 ’ψ’-*κβ*
1894 427 1923 436 τ·-
2066 425 2221 432 -ᾼή-
2298 424 2427 429 νθκκν
2466 422 2775 432 --σ
2822 422 2893 427 .-.-.-
2918 422 2951 426 γμ
2968 423 3015 427 κρῒ
3198 422 3221 428 -

1296 686 1829 839 PRAEF

1296 682 2367 839 PREFATIO.

293 1232 588 1287 nunquam
610 1233 711 1287 ego
744 1233 830 1271 me
867 1215 932 1269 ad
962 1212 1227 1269 edendam
1258 1213 1502 1282 aliquam
1534 1217 1743 1280 partem
1777 1220 2005 1276 operum
2040 1203 2372 1258 Theodoreti
2423 1197 2953 1258 accommodassem,
2999 1203 3058 1247 ut
3100 1195 3193 1262 qui
3237 1193 3470 1250 minime

155 1326 538 1396 aignorarem
571 1330 836 1391 quantum
865 1320 916 1372 in
954 1319 1169 1372 creteris
1206 1317 1463 1386 partibus
1501 1313 1770 1372 Schulzii.
1804 1313 1910 1365 viri
1948 1311 2285 1372 doctissimi,
2323 1309 2605 1378 diligentia
2632 1307 3002 1371 elaborasset,
3047 1319 3325 1373 quamque
3354 1319 3466 1356 non

179 1407 381 1500 :modo
408 1430 664 1498 iniquum
693 1429 786 1488 sit,
811 1427 903 1480 scd
939 1425 1105 1479 etiam
1142 1423 1358 1477 diﬂicile
1397 1425 1450 1476 in
1483 1423 1694 1475 alienos
1722 1419 1939 1472 labores
1976 1414 2161 1468 studia
2193 1411 2503 1482 propellere
2534 1427 2633 1466 sua
2654 1453 2669 1476 ,
2699 1411 2804 1464 nisi
2827 1408 3244 1479 obsequendum
3275 1406 3469 1461 fuisset

175 1544 182 1574 ι
216 1533 412 1588 studio
440 1534 679 1598 librarii,
704 1533 796 1586 cui
839 1533 1044 1601 saepius
1076 1533 1219 1585 idem
1249 1529 1512 1599 ﬂagitanti
1538 1544 1738 1596 negare
1764 1521 2130 1578 nihilominus
2164 1517 2368 1570 durum
2402 1514 2692 1569 videbatur
2735 1527 2899 1582 quam
2935 1512 3040 1581 ipsi
3075 1510 3337 1565 Schulzio
3367 1509 3470 1562 ali-

149 1607 326 1716 é—qua
356 1639 548 1691 oneris
585 1647 741 1706 parte
790 1637 960 1690 levari
991 1635 1260 1705 cupienti.
1303 1635 1398 1688 Illo
1430 1633 1648 1704 quidem
1693 1641 1943 1702 tempore
1991 1628 2233 1681 rationes
2271 1625 2517 1679 libraria:
2562 1622 2921 1692 postulabant
2954 1629 3034 1684 ut,
3078 1636 3189 1689 quo
3229 1618 3470 1674 celerius

149 1701 380 1819 l"fortine
405 1741 514 1793 hoc
545 1755 687 1810 Opus
718 1740 1112 1803 conficeretur,
1148 1739 1274 1792 bina
1308 1739 1590 1791 volumina
1626 1738 2035 1792 cxcudcrentnr
2058 1755 2072 1803 ;
2099 1751 2209 1808 qua
2236 1735 2290 1787 in
2325 1751 2383 1787 re
2403 1734 2508 1786 etsi
2549 1732 2742 1785 multis
2775 1731 2953 1799 iisque
2977 1727 3147 1797 justis
3185 1727 3250 1782 de
3284 1726 3468 1782 causis

143 1837 194 1875 “7
215 1844 500 1896 tentabant
534 1844 637 1897 hoc
659 1843 933 1914 quidquid
961 1851 1082 1897 erat
1122 1842 1308 1896 oneris
1350 1842 1562 1894 amoliri
1595 1843 1645 1894 in
1667 1843 1948 1911 aliumque
1983 1860 2065 1896 me
2094 1845 2207 1896 sive
2235 1841 2539 1894 doctiorem
2570 1840 2686 1894 sive
2721 1839 2903 1891 minus
2934 1837 3260 1907 impeditum
3291 1833 3470 1903 conji-

215 1963 362 2012 cere,
392 1957 576 2002 tatucn
605 1950 681 2002 ita
709 1949 1259 2014 instabatlibrarius,
1304 1948 1680 2002 amicissimus
1715 1949 1847 2001 mihi
1883 1949 2199 2017 optimeque
2234 1948 2299 2000 de
2325 1961 2408 2000 me
2440 1946 2691 2005 meritus,
2726 1953 2782 1997 ut
2807 1943 3106 2011 inciperem
3140 1942 3339 2001 vereri.
3375 1958 3463 2004 ne,

216 2066 342 2104 cum
392 2069 651 2122 negarem
691 2053 841 2121 justa
883 2060 936 2106 et
989 2053 1253 2122 praeclara
1291 2051 1526 2121 petenti,
1563 2050 1632 2104 ab
1675 2067 1740 2104 eo
1787 2051 1869 2104 vel
1916 2053 2290 2106 benivolentia
2341 2052 2424 2105 vel
2462 2049 2707 2106 studium
2761 2050 2996 2103 honesta
3045 2048 3165 2118 ejus
3215 2046 3467 2100 instituta

218 2157 525 2223 adjuvattdi
575 2156 1012 2211 desideraretur.
1050 2155 1326 2211 Consensi
1381 2156 1566 2226 igitur,
1613 2165 1688 2217 et,
1725 2173 2044 2226 quanquam
2083 2165 2205 2225 post
2242 2156 2354 2209 haec
2393 2158 2483 2208 illa
2538 2156 2843 2209 necessitas
2892 2154 3076 2223 operis
3125 2151 3468 2206 accelerandi

216 2265 436 2316 sublata
481 2263 608 2336 fuit,
641 2278 938 2332 aggressus
971 2279 1128 2328 sum;
1166 2263 1314 2332 quod
1353 2279 1460 2333 qua
1497 2263 1582 2316 via
1619 2273 1715 2315 aut
1746 2265 1956 2318 ratione
1994 2265 2237 2326 fecerim,
2291 2264 2511 2316 animus
2539 2270 2622 2316 est
2658 2262 2821 2330 paqu
2856 2259 3138 2328 copiosius
3163 2257 3466 2314 declarare.

287 2367 534 2421 Primum
584 2368 806 2436 quidem
854 2369 1032 2422 locum
1072 2368 1263 2421 hocin
1299 2368 1582 2422 volumine
1636 2376 1785 2422 tenet
1837 2368 2273 2423 commentarius
2323 2366 2650 2421 Theodoreti
2708 2366 2759 2418 itt
2795 2379 2988 2417 omnes
3032 2363 3184 2416 Pauli
3232 2363 3468 2432 apostoli

220 2473 520 2543 Epistolas,
549 2474 1054 2527 excellentissimus
1091 2475 1180 2527 ille
1216 2473 1461 2542 quidem,
1504 2488 1612 2542 quo
1647 2474 1722 2526 nil
1757 2474 1950 2526 melius
1974 2482 2086 2525 tota
2119 2463 2422 2542 antiquitas
2460 2472 2624 2525 habet
2651 2479 2775 2539 post
2800 2469 3280 2540 Chrysostomum,
3307 2482 3468 2536 quem

221 2581 300 2635 vel
338 2580 616 2634 brevitate
657 2580 828 2631 vincit
861 2589 914 2632 ct
941 2578 1181 2648 quodam
1212 2580 1368 2648 quasi
1397 2579 1639 2644 delectu,
1679 2594 1995 2648 quanquam
2034 2578 2204 2631 multa
2255 2577 2320 2630 de
2355 2592 2456 2632 suo
2491 2575 2667 2639 addit,
2692 2575 2855 2645 digna
2895 2574 3141 2645 profecto
3182 2589 3303 2644 qua:
3337 2574 3466 2628 dili-

220 2689 440 2760 gentius
489 2687 862 2740 excutiantur.
898 2684 1079 2754 Neque
1110 2686 1280 2749 enim,
1311 2686 1356 2739 si
1388 2700 1418 2738 a
1448 2684 1685 2756 Gagnaao
1725 2684 1930 2753 (Sc/toi.
1973 2687 2026 2737 in
2057 2700 2235 2737 omnes
2282 2684 2337 2737 d.
2373 2682 2536 2735 Pauli
2576 2682 2772 2751 Epist.)
2810 2692 2863 2735 et
2908 2681 3253 2736 Bellosobrio
3285 2677 3465 2749 (Οὐκ.

219 2798 344 2848 hist.
379 2795 503 2846 crit.
538 2803 586 2846 et
609 2793 799 2859 philos.
828 2793 879 2844 in
910 2789 979 2845 N.
1009 2789 1097 2861 Τ.)
1131 2793 1508 2859 discesserim,
1535 2793 1629 2863 qui
1657 2793 1906 2863 quredam
1931 2789 1997 2843 de
2026 2797 2218 2844 nostro
2249 2797 2507 2856 excerpta
2539 2787 2762 2849 dedere,
2793 2801 3123 2856 quemquam
3152 2795 3468 2840 nostrorum

218 2907 586 2971 interpretum
621 2899 880 2968 cognovi,
909 2899 1001 2966 qui
1045 2899 1167 2967 ejus
1215 2901 1708 2968 interpretationes
1746 2909 2044 2964 usurpasse
2082 2893 2385 2954 videretur,
2421 2900 2478 2942 ut
2526 2892 2607 2945 vel
2656 2891 2736 2944 sic
2786 2889 3018 2944 audeam
3053 2889 3342 2958 spondere,
3376 2889 3468 2958 qui

220 3011 332 3064 bzec
368 3007 700 3062 Theodoreti
737 3005 955 3059 scholia
985 3003 1283 3073 diligenter
1338 3005 1700 3065 contulerint,
1739 3019 1898 3072 quant
1939 3001 2170 3070 plurima
2224 3007 2570 3067 reperturus,
2614 3012 2735 3065 qua:
2772 3011 2837 3050 ne
2881 2997 2934 3048 in
2976 3003 3208 3049 mentem
3248 2995 3469 3064 quidem

219 3114 478 3170 venerint
520 3113 882 3179 interpretum
924 3110 1104 3177 vulgo.
1162 3108 1281 3162 Jam
1323 3110 1373 3161 in
1430 3110 1552 3164 istis
1598 3110 1828 3163 scholiis
1875 3106 2128 3170 edendis,
2166 3121 2286 3175 qum
2325 3106 2538 3174 primus
2574 3103 2761 3157 Graece
2814 3103 3119 3172 protulerat
3143 3102 3470 3159 Sirmondus

221 3217 410 3271 nescio
448 3231 560 3285 quo
601 3214 792 3268 codice
824 3230 956 3269 usus
986 3213 1151 3282 (solet
1183 3217 1328 3266 enim
1363 3215 1420 3266 in
1453 3215 1534 3266 his
1565 3214 1731 3267 rebus
1764 3211 2063 3267 narrandis
2103 3210 2466 3280 negligentior
2501 3210 2667 3280 esse),
2717 3210 2797 3262 usi
2836 3224 3026 3263 sumus
3064 3209 3283 3264 duobus
3313 3209 3459 3264 codi-

220 3321 398 3380 cibus,
429 3331 543 3369 uno
579 3316 922 3384 Augustano,
966 3315 1140 3367 altero
1168 3314 1450 3368 Bavarico.
1491 3315 1580 3367 Ille
1606 3315 1849 3382 quidem,
1883 3331 1913 3368 a
1942 3316 2203 3384 Bcugelio
2230 3332 2447 3385 quoque
2471 3317 2525 3369 in
2559 3316 2626 3369 N.
2662 3315 2724 3368 Τ.
2763 3316 3010 3369 editione
3035 3317 3345 3380 adhibitus,
3375 3317 3469 3386 qui

219 3438 343 3476 eum
370 3421 758 3490 Augustanum
786 3418 1041 3488 quintqu
1078 3420 1398 3489 appellavit,
1431 3430 1486 3473 ut
1512 3418 1855 3474 Wetstenius
1885 3421 2412 3491 quinquagesimum
2435 3431 2688 3490 quartum
2724 3422 2776 3474 in
2802 3420 2954 3474 Pauli
2981 3420 3272 3490 Epistolas,
3302 3437 3470 3476 mem-

221 3529 533 3581 branaceus
569 3535 651 3577 est
682 3524 1104 3578 accuratissime
1132 3525 1398 3594 scriptus,
1435 3534 1821 3580 sescentorum
1862 3527 1994 3592 fere,
2027 3537 2085 3582 ut
2107 3529 2328 3595 Opinor,
2359 3545 2657 3596 annorum,
2699 3529 2948 3598 ejusdem
2981 3531 3270 3600 scriptura:
3307 3546 3470 3600 quam

223 3631 534 3684 Bandinius
565 3643 740 3697 nuper
775 3629 864 3682 aeri
903 3627 1262 3683 incidendam
1286 3630 1500 3682 curavit
1525 3631 1635 3684 tab.
1674 3632 1692 3682 l
1729 3631 1973 3702 (ἔσταιοθὲ
2005 3635 2160 3690 codd.
2189 3651 2316 3688 nisa.
2345 3633 2601 3688 Biblioth.
2640 3633 2890 3688 Medicae:
2915 3633 3310 3699 Laurentinum,
3339 3652 3473 3690 con-

221 3742 470 3808 tinetque
503 3744 752 3791 catenam
788 3736 840 3788 in
877 3733 1176 3804 Epistolam
1219 3735 1375 3788 Pauli
1404 3738 1469 3790 ad
1495 3735 1778 3791 Romanos
1804 3738 1927 3790 itide
1966 3757 1992 3790 a
2045 3755 2206 3791 versu
2255 3741 2495 3808 septimo
2526 3740 2727 3809 capitis
2778 3740 3020 3809 septitni,
3059 3741 3409 3809 conjunctam
3442 3757 3474 3795 e

220 3842 645 3900 commentariis
672 3840 1110 3894 clarissimorum
1144 3841 1532 3909 interpretum,
1559 3844 1722 3894 etiam
1761 3858 1952 3896 eorum
1985 3860 2220 3912 quorum
2253 3842 2560 3914 fragmenta
2604 3845 2853 3898 nondum
2901 3845 3050 3898 edita
3092 3854 3472 3914 reperiuntur,

224 3952 394 4007 veluti
426 3949 682 4019 Origenis
712 3957 768 4002 et
787 3941 1061 4002 Theodori
1096 3945 1496 4016 Mopsuesteni,
1529 3962 1651 4016 quae
1677 3947 1966 4017 diligenter
1993 3949 2230 4005 describi
2266 3950 2610 4014 curavimus,
2647 3950 2862 4005 edenda
2896 3953 3176 4015 fortassis,
3211 3953 3255 4007 si
3279 3969 3474 4006 eorum

218 4056 456 4124 cupidos
487 4056 722 4106 lectores
755 4052 1152 4106 invenerimus.
1189 4051 1251 4104 In
1290 4051 1376 4104 his
1408 4050 1579 4120 igitur
1605 4066 1726 4120 qua:
1755 4049 2087 4108 Theodoreti
2121 4056 2331 4109 scholia
2365 4055 2682 4121 exstabant,
2711 4069 2838 4108 cum
2877 4054 3272 4109 Sirmondiano
3307 4044 3470 4111 'textu

221 4171 488 4218 accurate
521 4162 878 4222 contulimus,
918 4160 1085 4213 nullis
1122 4158 1534 4228 praetermissis,
1564 4159 1670 4213 nisi
1707 4174 1828 4228 qua:
1856 4161 1937 4213 vcl
1973 4177 2036 4213 ev
2073 4161 2196 4214 aliis
2229 4159 2564 4215 Theodoreti
2600 4160 2755 4216 libris
2787 4160 2956 4216 ducta
2995 4170 3184 4216 essent
3217 4163 3300 4218 vel
3337 4161 3473 4216 nihil

222 4267 568 4324 diversitatis
593 4267 648 4320 in
683 4265 915 4335 legendo
943 4264 1222 4320 offerrent.

282 4400 497 4454 Prmter
530 4399 695 4461 hunc,
721 4411 881 4465 quem
906 4396 1230 4464 amplissimi
1263 4404 1486 4450 senatus
1527 4397 1844 4466 reipublicze
1870 4402 2202 4469 Augustana:
2230 4402 2530 4456 liberalitas
2553 4403 2848 4465 concessit,
2877 4402 3043 4454 alium
3081 4404 3461 4470 usurpandum

223 4509 373 4560 misit
409 4506 476 4559 ad
498 4519 598 4558 nos
630 4519 660 4557 e
682 4503 1012 4556 bibliotheca
1052 4501 1396 4556 serenissimi
1429 4506 1688 4559 electoris
1712 4504 1956 4560 Bavaria:
1983 4507 2294 4562 incredibili
2326 4508 2670 4562 humanitate
2707 4509 3209 4576 lilieralissimoque
3249 4510 3470 4578 ingenio

225 4615 304 4668 vir
341 4612 498 4666 Felix
543 4608 791 4664 Andreas
823 4606 1108 4673 (Eﬂelius,
1155 4608 1247 4662 isti
1277 4608 1627 4664 bibliotheca:
1666 4613 1974 4681 praefectus.
2013 4613 2114 4678 Qui
2153 4615 2310 4677 liber,
2340 4616 2444 4670 etsi
2491 4614 2732 4668 novitius
2758 4621 2861 4676 est,
2901 4615 3099 4668 similis
3137 4615 3277 4683 ejus,
3309 4631 3468 4684 quem

225 4724 277 4774 in
305 4719 643 4774 bibliotheca
673 4715 819 4785 regis
851 4713 1100 4768 Francia:
1129 4723 1352 4770 exstare
1385 4714 1520 4770 dicit
1557 4715 1715 4772 Rich.
1764 4717 1952 4774 Simon
1996 4722 2164 4790 (Hist.
2209 4724 2332 4777 crit.
2373 4723 2864 4776 Commentaturum
2895 4725 2947 4775 in
2999 4721 3071 4776 Ν.
3102 4724 3162 4777 Τ.
3205 4741 3255 4792 p.
3294 4724 3466 4793 59.3.),

225 4834 431 4885 sreculo
472 4844 565 4882 xvi
609 4827 854 4895 scriptus
898 4827 966 4879 ab
1012 4826 1233 4881 homine
1273 4825 1544 4888 Graeculo,
1577 4828 1721 4895 quod
1752 4827 1853 4881 nisi
1898 4826 2010 4896 ipsa
2068 4843 2263 4880 manus
2297 4839 2349 4881 et
2396 4828 2609 4890 charta,
2642 4838 2792 4882 certe
2823 4829 2986 4882 verba
3013 4827 3354 4881 declararent
3389 4830 3470 4884 sic

227 4936 400 5005 pesita
447 4933 519 4986 ad
560 4933 765 4985 calcem
809 4929 1105 4984 voluminis
1138 4948 1150 4984 :
1187 4930 1352 4992 Τέλος
1382 4929 1572 5000 εἴληφε
1604 4931 1764 5002 τῆσδε
1803 4933 1883 4999 τῆς

1806 4933 1898 4999 τῆς
1937 4932 2118 5001 βίϐλου
2165 4931 2329 5001 ἃς)μέ
2362 4933 2418 4984 ἐν
2453 4935 2581 5002 μηνὶ
2613 4932 2956 5003 φευρουαρίῳ
2999 4933 3106 4985 κε’·
3144 4933 3282 5003 αὕτη
3319 4933 3462 5004 ﬁgi-

225 5042 346 5103 ὅλος
370 5039 660 5108 ὲγεγρὰφη
695 5036 782 5089 διὰ
802 5036 981 5107 χειρὸς
1011 5034 1144 5104 ἐμοῦ
1163 5037 1370 5107 Πέτρου
1402 5037 1715 5106 Καρνεάδου
1738 5040 1800 5090 ὲκ
1829 5038 2034 5100 πόλεως
2077 5037 2400 5108 Ἐπιδαύρου
2425 5039 2524 5110 τὴν
2546 5037 2640 5092 νῦν
2670 5040 3148 5110 ἐπονομαζομένην
3181 5039 3470 5108 Μονεμσαο

229 5146 362 5209 εἰςιν,
398 5145 644 5211 itemque
679 5142 866 5195 multis
897 5141 1094 5194 calami
1121 5142 1291 5205 vitiis,
1328 5145 1632 5210 prmsertim
1672 5144 1857 5213 quoad
1897 5144 2370 5214 orthographiam,
2405 5143 2478 5196 ita
2509 5145 2852 5213 inquinatus,
2894 5152 2953 5196 ut
2981 5159 3126 5212 sarpe
3156 5144 3276 5198 sine
3302 5158 3470 5198 sensu

230 5251 390 5304 verba
428 5251 482 5302 in
526 5248 776 5301 chartam
809 5247 1058 5316 conjecta
1083 5257 1415 5317 appareant;
1456 5257 1639 5302 tamen
1673 5251 2024 5303 vehementer
2064 5249 2286 5318 profuit.
2323 5248 2458 5300 Nam
2495 5258 2549 5302 et
2584 5249 2830 5316 integros
2861 5246 3191 5301 continebat
3217 5244 3470 5300 Theodo-

228 5360 325 5412 reti
350 5354 782 5411 commentarios
810 5369 934 5408 cum
962 5355 1153 5423 paucis
1177 5354 1411 5415 lacunis,
1443 5363 1492 5409 et
1516 5357 1792 5426 elegantes
1823 5355 2086 5410 lectiones
2118 5354 2381 5410 offerebat
2412 5371 2521 5408 non
2553 5355 2715 5409 modo
2754 5355 2806 5407 in
2855 5353 2990 5422 ipsis
3031 5351 3466 5414 commentariis,

226 5465 277 5518 in
309 5463 519 5533 quibus
550 5475 663 5514 non
701 5473 829 5512 raro
858 5473 981 5512 cum
1015 5456 1234 5513 llerveti
1273 5458 1607 5513 lectionibus
1651 5461 1946 5523 consentit,
1982 5461 2079 5515 sed
2106 5460 2268 5515 etiam
2313 5460 2368 5514 in
2397 5467 2550 5515 textu
2581 5458 2757 5523 Pauli,
2794 5458 2887 5527 qui
2926 5472 3069 5526 saepe
3097 5455 3374 5524 discrepat
3401 5455 3470 5505 ali

224 5585 284 5624 eo
308 5582 477 5640 quem
513 5563 846 5620 Sirmondus
869 5562 1064 5631 edidit,
1096 5565 1270 5617 multo
1297 5564 1466 5619 etiam
1493 5567 1668 5636 magis
1701 5582 1729 5619 a
1767 5576 1988 5637 recepta
2025 5569 2299 5634 lectione;
2331 5580 2387 5622 ut
2421 5568 2594 5623 lCor.
2624 5585 2678 5633 ι,
2716 5569 2807 5634 53,
2843 5569 2898 5622 in
2931 5565 3277 5618 παντάπασιν
3299 5562 3468 5633 (quod

229 5677 383 5730 facile
417 5670 866 5744 praetulerim,"
889 5669 1017 5725 Cor.
1055 5670 1223 5737 ",10,
1262 5671 1352 5726 ubi
1381 5672 1471 5726 illa
1509 5665 1554 5737 ᾧ
1579 5673 1885 5742 κεχάρισμαι

1814 5691 1910 5742 μαι
1941 5674 2142 5728 absunt
2174 5682 2235 5728 ut
2270 5675 2497 5728 verbum
2525 5673 2839 5746 περισσεύει
2869 5689 2918 5728 c.
2953 5687 3034 5738 ιιι,
3060 5671 3114 5734 9,
3147 5681 3202 5725 et
3236 5669 3313 5731 ei;
3345 5676 3469 5720 ante

230 5788 437 5844 aivta;
467 5780 629 5835 Rom.
674 5794 724 5840 v,
763 5778 827 5831 12
869 5796 884 5832 :
925 5793 1088 5848 quam
1121 5779 1550 5850 discrepantiam
1581 5795 1688 5834 non
1733 5781 2050 5850 pmttituerit
2100 5781 2292 5834 harmn
2328 5796 2515 5835 rerum
2565 5781 2932 5851 intelligentes
2963 5795 3085 5834 eum
3132 5782 3463 5832 ceterarum

549 5875 822 5932 PATROL.’
873 5873 986 5932 Gtt.
1040 5875 1336 5936 LXXXI].

3124 5871 3152 5929 1
