4194 6432
745 469 763 530 1
786 468 809 534 ι
1906 458 2113 519 JOAN.
2158 461 2330 521 AUG.
2377 462 2758 521 NOESSELT
3936 464 3993 525 l2

745 578 1046 629 lectionum
1085 574 1222 629 silva
1253 568 1598 635 contulisse;
1657 583 1880 640 operam
1929 571 2152 641 quidem
2199 569 2452 623 dedimus
2492 587 2559 626 ne
2591 571 2892 641 quidquam
2954 581 3150 643 przeter
3199 572 3492 631 manifesta
3530 574 3810 632 scribendi
3860 580 3986 631 vitia

745 678 1282 748 praetermitteretur.

816 782 1005 851 Neque
1040 796 1169 836 vero
1201 781 1570 849 negleximus,
1608 795 1731 849 qua
1759 779 2067 835 Gentianus
2099 780 2365 834 llervetus
2403 779 2490 835 his
2524 782 2939 839 commentariis
2971 797 3001 836 a
3034 799 3093 839 se
3123 784 3316 839 Latine
3348 787 3633 841 conversis
3660 794 3824 859 atque
3859 786 3984 841 Flo-

744 890 933 941 rentia:
961 904 1088 941 anu.
1117 886 1255 941 1559.
1287 885 1447 941 editis
1479 884 1831 953 adjunxerat.
1858 884 1995 939 Nam
2027 900 2153 939 cum
2182 884 2487 954 accepisset
2526 902 2555 938 a
2595 886 2853 941 Marcello
2899 887 3159 952 Cerviuo,
3193 890 3461 944 cardinali
3502 889 3721 945 Sancta:
3766 890 3983 953 Crucis.

743 995 935 1046 horum
967 992 1496 1046 commentariorum
1532 991 1930 1061 apographum,
1965 990 2361 1060 statuissetque
2388 990 2442 1043 in
2472 999 2624 1045 textu
2653 992 2806 1046 Pauli
2835 994 3192 1063 exprimendo
3214 997 3370 1065 sequi
3404 998 3788 1051 auctoritatem
3832 1006 3980 1052 vete-

738 1098 814 1149 ris
851 1096 1058 1150 Latinae
1100 1095 1578 1165 interpretationis
1612 1113 1623 1147 :
1662 1094 2109 1162 quotiescunque
2142 1093 2379 1148 vidisset
2404 1097 2472 1149 ah
2504 1097 2597 1151 illa
2636 1097 2930 1154 lectionem
2977 1098 3315 1155 Theodoreti
3354 1101 3601 1156 Graecam
3642 1102 3983 1171 discrepare,

738 1200 804 1249 ad
838 1200 1160 1267 marginem,
1192 1212 1304 1267 quo
1334 1196 1501 1251 modo
1529 1195 1831 1263 reperisset
1860 1196 1913 1247 in
1942 1193 2309 1260 Theodoreto,
2361 1196 2589 1252 notavit.
2626 1200 2687 1255 In
2730 1201 2818 1256 his
2850 1199 3073 1256 Herveti
3122 1209 3254 1257 sunt
3301 1217 3411 1256 non
3466 1217 3638 1278 pauca
3687 1217 3718 1254 a
3762 1203 3984 1272 vulgato

736 1302 888 1356 Pauli
924 1314 976 1356 et
1000 1300 1331 1356 Theodoreti
1359 1307 1510 1354 textu
1539 1298 1949 1359 dissentientia,
1982 1306 2318 1367 quaenotare
2342 1306 2397 1354 et
2417 1304 2733 1358 examinare
2755 1303 3051 1374 profuerit,
3088 1306 3259 1360 veluti
3286 1305 3378 1359 illa
3408 1324 3423 1360 :
3455 1304 3566 1359 Kal.
3590 1305 3699 1358 τῶν
3726 1306 3981 1358 τοιούτων

733 1394 832 1461 esi
859 1412 971 1461 ἐστῖ
1012 1408 1169 1477 νόμος
1202 1405 1381 1460 Galat.
1415 1422 1467 1469 v,
1503 1405 1593 1470 25,
1626 1420 1747 1475 quae
1779 1405 1941 1459 lectio
1972 1405 2125 1458 nullo
2149 1404 2203 1457 in
2231 1404 2422 1461 codice
2442 1406 2551 1461 alio
2581 1408 2875 1479 reperitur,
2908 1424 3224 1480 quanquam
3256 1406 3562 1480 probabilis
3597 1407 3768 1465 videri
3795 1416 3978 1480 potest

734 1524 788 1569 et
829 1516 979 1568 l'auli
1015 1516 1135 1567 loco
1168 1512 1187 1565 ι
1228 1507 1370 1566 Tim.
1399 1527 1438 1575 I,
1471 1512 1503 1566 9
1529 1514 1583 1565 in
1609 1510 1804 1580 primis
1839 1519 2232 1565 consentanea.

805 1638 910 1692 Sed
942 1638 1199 1707 quoniam
1234 1637 1405 1690 Graeci
1438 1644 1679 1690 veterum
1707 1638 2065 1704 interpretum
2115 1636 2447 1705 Graecorum,
2480 1641 2534 1696 in
2569 1640 2655 1697 bis
2680 1640 3037 1708 Theodoreti,
3075 1644 3375 1699 sententias
3402 1644 3670 1714 eollcgere
3711 1644 3767 1698 in
3808 1644 3967 1698 libris

732 1750 819 1814 iis,
846 1764 986 1817 quos
1019 1746 1339 1801 Latinorum
1376 1745 1652 1799 recentior
1682 1745 2025 1799 consuetudo
2056 1743 2382 1798 Catenarum
2405 1749 2631 1803 nomine
2659 1749 2957 1819 appellavit
2987 1768 3001 1805 :
3033 1758 3261 1820 propter
3282 1766 3345 1806 ea
3391 1750 3709 1806 institutum
3735 1768 3765 1806 a
3805 1753 3969 1808 nobis

729 1870 832 1918 εει,
861 1863 1058 1923 utquzn
1089 1852 1163 1907 ibi
1196 1862 1392 1922 sparsa
1421 1858 1610 1904 essent
1641 1848 1977 1905 Theodoreti
2006 1850 2307 1922 fragmenta
2331 1849 2735 1907 conferremus.
2768 1850 3098 1922 Quanquam
3124 1867 3192 1907 ex
3228 1868 3294 1906 eo
3325 1866 3542 1923 genere,
3578 1863 3776 1923 prmter
3807 1854 3970 1907 codi-

727 1977 865 2025 cem,
912 1973 1070 2028 quem
1096 1972 1265 2026 supra
1303 1955 1682 2020 laudavimus,
1716 1955 2122 2024 Augustanum,
2170 1957 2307 2016 nihil
2340 1956 2502 2011 nobis
2533 1963 2736 2024 praesto
2766 1955 2891 2021 fuit,
2925 1971 3087 2025 quam
3113 1965 3371 2027 excerpta
3392 1971 3478 2024 ea,
3511 1974 3632 2028 quae
3655 1959 3757 2013 sub
3783 1958 3965 2014 Theo-

726 2064 865 2127 duli,
909 2064 1098 2117 nescio
1141 2062 1303 2131 cujus
1337 2060 1581 2123 nomine,
1621 2058 1816 2114 Latine
1842 2059 1989 2114 edita
2019 2068 2146 2115 sunt
2187 2060 2240 2113 in
2293 2058 2871 2131 Orthodox03raphis,
2920 2062 3163 2131 itemque
3212 2062 3264 2116 in
3314 2061 3768 2128 Commentariis,
3803 2081 3968 2135 quos,

727 2172 873 2223 haud
906 2170 1022 2224 scio
1052 2183 1119 2223 an
1147 2182 1251 2221 non
1286 2169 1421 2222 satis
1445 2166 1604 2231 bene,
1644 2166 1825 2222 solent
1850 2164 2187 2220 (Ecumenio
2218 2166 2485 2222 tribuere.
2518 2164 2626 2221 Sed
2657 2166 2748 2220 illa
2774 2167 2977 2237 oppido
3006 2181 3182 2237 pauca
3219 2168 3464 2236 fuerunt,
3487 2172 3651 2225 etiam
3688 2170 3755 2225 ad
3799 2187 3966 2226 unam

724 2274 882 2328 Pauli
914 2274 980 2328 ad
1014 2272 1292 2327 llomanos
1323 2270 1621 2341 Epistolam
1672 2269 2045 2341 pertinentia;
2088 2284 2190 2325 nec
2240 2270 2537 2327 admodum
2577 2270 2750 2343 adjuti
2783 2270 2992 2329 fuimus
3032 2273 3355 2329 (Ecumcnii
3391 2288 3576 2345 opere,
3610 2275 3662 2328 in
3695 2291 3824 2346 quo,
3860 2279 3969 2331 etsi

723 2390 853 2438 sunt
883 2381 1118 2450 plurima
1171 2394 1201 2433 c
1237 2375 1571 2432 Theodoreti
1600 2375 1828 2431 scholiis
1851 2390 1921 2430 ne
1950 2382 2142 2429 notata
2169 2376 2393 2447 quidem
2429 2377 2609 2448 ipsius
2642 2376 2890 2443 nomine,
2922 2378 3104 2435 rarius
3140 2388 3321 2434 tamen
3353 2379 3662 2435 afferuntur
3706 2397 3736 2437 e
3780 2381 3966 2438 Theo-

723 2491 914 2541 doreto
940 2495 1217 2556 excerpta,
1248 2498 1392 2555 saepe
1415 2483 1580 2538 etiam
1621 2482 1763 2537 male
1808 2480 2051 2535 additum
2073 2489 2159 2536 est
2186 2481 2310 2551 ejus
2340 2496 2540 2536 nomen
2581 2482 2651 2538 iis
2682 2496 2807 2553 quas
2847 2482 2919 2538 ab
2952 2482 3186 2537 aliorum
3240 2484 3601 2553 interpretum
3637 2489 3966 2542 auctoritate

725 2592 1180 2661 proficiscuntur,
1218 2587 1521 2657 praesertim
1548 2587 1603 2640 in
1635 2584 1929 2638 ὑποθέσεσι
1953 2584 2315 2655 epistolarum
2350 2584 2703 2640 Paulinarum
2735 2586 2803 2642 ad
2828 2585 3237 2642 Theodoretum
3272 2589 3423 2643 nullo
3446 2591 3609 2644 modo
3636 2589 3964 2657 referendis,

723 2699 778 2753 id
810 2698 952 2767 quod
992 2692 1370 2748 commentarii
1409 2692 1527 2761 ejus
1556 2690 1847 2760 perspicue
1880 2689 2099 2744 docent.
2129 2688 2451 2745 Uberiorem
2479 2701 2715 2761 segetem
2740 2691 3040 2747 lectionum
3075 2692 3275 2746 obtulit
3308 2693 3375 2746 ad
3410 2703 3618 2747 textum
3644 2692 3798 2749 Pauli
3829 2709 3968 2750 con-

720 2806 1063 2861 stitucndum
1106 2810 1428 2856 cancrorum
1464 2798 1793 2853 Theodoreti
1830 2798 2096 2852 librorum
2125 2794 2368 2856 collatio,
2425 2794 2480 2847 in
2511 2794 2715 2863 quibus
2766 2809 2911 2863 saepe
2955 2795 3094 2848 alias
3120 2796 3383 2849 lectiones
3422 2796 3643 2849 exhibet
3694 2811 3857 2867 quam
3906 2800 3963 2852 in

719 2924 883 2979 opere
915 2908 1036 2976 ipso
1066 2904 1593 2958 commentariorum
1621 2899 1689 2954 ad
1717 2901 1871 2955 Pauli
1900 2899 2203 2971 Epistulas,
2229 2898 2527 2954 identidem
2556 2901 2734 2970 magis
2762 2914 2888 2953 cum
2913 2900 3050 2969 ipsis
3080 2900 3625 2968 interpretationibus
3656 2901 3774 2957 suis
3793 2916 3962 2973 quant

720 3030 847 3069 cum
886 3011 1135 3084 apposito
1166 3008 1319 3062 Pauli
1352 3017 1501 3063 textu
1534 3007 1966 3062 consentientes.
2001 3006 2066 3057 Et
2097 3019 2388 3074 speramus
2431 3007 2654 3077 quidem
2706 3020 2807 3059 nos
2847 3014 3064 3074 gratum
3104 3004 3305 3060 fecisse
3352 3006 3614 3062 studiosis
3649 3008 3857 3064 criseos
3898 3009 3965 3062 li-

720 3126 943 3179 brorum
973 3117 1108 3173 Novi
1140 3114 1509 3179 Testamenti,
1536 3113 1683 3183 quod
1715 3126 1778 3166 ea
1811 3112 2117 3183 colligenda
2136 3110 2829 3178 suisquelocisinserenda
2855 3110 3256 3173 curaverimus,
3287 3111 3588 3178 praesertim
3622 3125 3749 3165 cum
3782 3112 3960 3167 anim-

719 3227 1155 3283 advertissemus
1188 3224 1290 3278 hos
1323 3223 1475 3274 locos
1512 3233 1543 3272 a
1591 3216 1765 3272 Millio
1800 3215 2215 3286 Wetstenioque
2251 3230 2360 3268 non
2410 3215 2575 3269 modo
2615 3216 3081 3285 negligentissime
3112 3229 3405 3280 excussos,
3440 3214 3535 3270 sed
3562 3215 3726 3270 etiam
3756 3220 3825 3271 ab
3857 3217 3961 3271 hoc

720 3334 985 3389 lectiones
1012 3339 1274 3398 tanquam
1308 3323 1640 3381 Theodoreti
1676 3326 1908 3395 positas,
1941 3338 1971 3377 a
1999 3322 2203 3393 quibus
2228 3334 2395 3391 quam
2424 3320 2660 3374 maxime
2700 3317 2980 3373 abhorret.
3023 3316 3127 3371 Sed
3156 3333 3281 3371 cutn
3313 3318 3492 3373 serius
3512 3319 3673 3374 nobis
3712 3320 3765 3374 in
3806 3333 3964 3374 men—

723 3451 830 3495 tem
861 3428 1104 3491 venisset
1132 3434 1280 3487 illam
1314 3430 1567 3486 lectionis
1606 3430 1929 3483 varietatem
1972 3426 2268 3496 diligenter
2296 3437 2617 3494 congerere,
2659 3437 2825 3491 quam
2874 3420 3263 3476 commentarii
3310 3422 3365 3474 in
3403 3419 3703 3491 Epistulam
3746 3422 3813 3474 ad
3852 3419 3962 3475 Ro-

724 3559 919 3598 manos
942 3549 1129 3597 essent
1152 3535 1483 3609 typographi
1519 3533 1715 3588 formis
1749 3531 2010 3601 exscripti
2038 3551 2051 3586 :
2087 3546 2208 3601 quze
2241 3529 2309 3582 ad
2341 3528 2489 3581 illam
2537 3525 2828 3595 epistolam
2874 3525 3156 3593 pertinent
3189 3538 3314 3577 cum
3362 3524 3450 3590 iis,
3478 3540 3603 3595 quae
3653 3524 3792 3579 forte
3827 3525 3957 3579 alibi

719 3650 969 3720 neglecta
997 3645 1227 3707 fuerint,
1267 3641 1335 3695 ad
1365 3640 1574 3695 calcem
1602 3639 1785 3708 quinti
1807 3637 2104 3692 voluminis
2134 3648 2259 3689 cum
2294 3630 2459 3687 simili
2494 3629 2793 3683 lectionum
2836 3635 3022 3696 segete
3043 3625 3387 3696 subjicienda
3410 3627 3750 3682 curabimus.
3780 3627 3957 3683 Caete-

720 3770 841 3808 rum
870 3768 972 3807 nos
1006 3766 1134 3820 spes
1172 3745 1365 3802 fefellit
1408 3760 1437 3798 a
1477 3742 1783 3799 Wetstenio
1833 3740 1979 3796 facta
2030 3738 2359 3810 (Prolegom.
2388 3733 2457 3787 ad
2491 3731 2566 3786 N.
2602 3731 2663 3786 Τ.
2703 3740 2836 3786 tom.
2868 3731 2913 3799 1,
2955 3748 3011 3801 p.
3059 3731 3171 3801 72),
3208 3731 3301 3800 qui
3341 3745 3400 3784 se
3434 3731 3795 3800 profitebatur
3836 3730 3957 3785 Sir-

720 3857 906 3915 mondi
939 3853 1346 3910 Theodoretum
1380 3848 1686 3904 contulisse
1711 3861 1838 3901 eum
1878 3844 2167 3899 codicibus
2194 3838 2630 3896 Basileensibus.
2663 3832 2851 3906 Neque
2884 3837 3026 3891 enim
3064 3837 3226 3905 hujus
3248 3837 3464 3906 generis
3491 3837 3791 3905 quidquam
3816 3837 3956 3890 vidi-

718 3980 842 4019 mus
869 3965 922 4017 in
960 3958 1350 4016 Wetsteniano
1380 3970 1571 4024 opere,
1603 3968 1705 4007 nec
1755 3952 1812 4005 in
1854 3950 2173 4004 narratione
2205 3948 2271 4002 de
2303 3947 2591 4002 codicibus
2626 3945 2690 3998 N.
2734 3944 2798 3999 T.
2828 3945 2999 3997 alium
3036 3944 3402 3999 Basileensem
3433 3954 3828 3997 commemorat
3860 3959 3957 3997 or-

718 4080 908 4127 natum
941 4066 1164 4122 scholiis
1187 4061 1759 4130 Theodoreti,pr:eter
1799 4072 1924 4112 eum
1978 4072 2139 4126 quem
2185 4055 2481 4123 septimum
2520 4051 2663 4105 inter
2691 4048 2914 4104 codices
2957 4050 3009 4102 iu
3065 4047 3221 4102 Pauli
3257 4047 3538 4117 Epistolas
3587 4049 3957 4117 appellaverat

718 4177 875 4246 (tom.
913 4171 977 4235 ll,
1006 4186 1058 4241 p.
1091 4171 1171 4239 ιι),
1205 4182 1235 4221 e
1266 4180 1378 4235 quo
1400 4162 1531 4234 quid
1561 4164 1629 4215 ad
1656 4159 2059 4215 Theodoretum
2091 4157 2477 4229 castigandum
2505 4156 2593 4210 vel
2615 4153 3017 4209 restituendum
3042 4152 3258 4207 duxerit
3291 4154 3636 4223 ignoramus,
3670 4154 3805 4206 nihil
3833 4155 3955 4223 qui-

717 4280 840 4333 dem
879 4276 1001 4346 ejus
1040 4274 1117 4327 rei
1142 4271 1385 4326 oblatum
1420 4267 1546 4323 fuit.

790 4400 849 4453 In
879 4396 1257 4453 ecclesiastica
1294 4390 1627 4447 Theodoreti
1652 4388 1917 4453 Historia,
1951 4404 2073 4458 quae
2124 4396 2249 4458 post
2283 4387 2387 4441 ista
2431 4386 2641 4441 scholia
2674 4388 2729 4440 in
2781 4386 2886 4439 hoc
2921 4386 3197 4439 volumine
3237 4387 3505 4454 sequitur,
3552 4386 3686 4438 nihil
3734 4386 3954 4454 qui..’em

718 4506 956 4579 praesidii
990 4504 1090 4557 fuit
1113 4520 1142 4559 e
1171 4501 1457 4555 codicibus
1487 4498 1735 4568 scriptis,
1764 4506 1964 4566 praeter
1996 4495 2359 4564 fragmentum
2393 4493 2674 4561 pertinens
2726 4489 2792 4542 ad
2832 4490 2958 4541 libri
3002 4505 3075 4555 iv,
3113 4505 3161 4543 c.
3200 4490 3264 4541 10
3290 4508 3318 4543 e
3342 4490 3534 4542 codice
3578 4489 3813 4558 quodam
3841 4491 3953 4541 Λιι-

718 4624 951 4684 gustano
986 4609 1079 4677 qui
1121 4604 1440 4661 continebat
1467 4605 1692 4657 cinnum
1726 4603 1878 4655 illum
1910 4600 2149 4654 Joannis
2186 4596 2511 4653 Damasceni
2542 4595 2610 4648 de
2651 4592 2956 4647 haeresibus
2993 4593 3199 4647 editum
3238 4608 3267 4645 a
3301 4592 3573 4646 tiotelerio
3612 4590 3810 4647 Eccles.
3858 4590 3952 4645 Gr.

720 4713 1047 4771 Monu’meut.
1076 4720 1118 4766 t.
1145 4712 1183 4775 I,
1213 4712 1395 4781 cujus,
1431 4710 1475 4765 si
1502 4709 1705 4779 placet,
1737 4715 1923 4761 notam
1949 4706 2199 4760 conferas
2233 4719 2286 4772 p.
2318 4702 2454 4769 786;
2485 4701 2581 4756 sed
2614 4710 2797 4754 tamen
2821 4714 3014 4754 omnes
3040 4700 3152 4753 fere
3178 4698 3355 4753 editos
3383 4699 3551 4751 lihros
3580 4700 3955 4757 tractavimus,

722 4832 779 4876 ut
803 4821 887 4874 vel
914 4820 1181 4872 hactenus
1213 4831 1500 4886 speremus
1530 4813 1828 4869 editionem
1866 4816 2114 4865 nostram
2157 4819 2418 4878 praestare
2453 4808 2689 4871 caeteris,
2745 4804 2892 4875 quod
2936 4806 3223 4874 diligenter
3255 4805 3655 4857 contulerimus
3683 4804 3952 4872 quidquid

721 4924 1157 4993 discrepantium
1192 4921 1491 4974 lectionum
1518 4919 1572 4971 in
1595 4918 1683 4973 his
1710 4919 1865 4971 libris
1899 4918 2199 4985 reperitur,
2232 4929 2356 4967 cum
2393 4913 2600 4967 nemini
2630 4928 2846 4977 eorum,
2882 4927 3119 4980 quorum
3151 4911 3337 4963 studio
3369 4910 3693 4962 Theodoreti
3725 4910 3955 4962 historia

720 5029 950 5100 prodiit,
979 5027 1034 5080 in
1064 5035 1301 5081 mentem
1330 5026 1576 5080 venisset
1611 5024 1929 5078 universam
1967 5022 2109 5075 hanc
2136 5021 2327 5073 silvam
2374 5035 2693 5090 congerere.
2734 5019 2839 5073 Sed
2871 5017 3130 5086 quoniam
3170 5017 3438 5084 profucrit
3467 5017 3791 5085 cognovisse
3822 5014 3956 5083 quid

719 5136 956 5205 quisque
988 5134 1306 5203 praestiterit
1334 5134 1388 5186 in
1420 5131 1753 5187 edendohoc
1778 5129 2110 5184 Theodoreti
2141 5143 2326 5196 opere,
2354 5142 2576 5197 quoque
2594 5125 2756 5179 modo
2781 5133 2992 5179 textum
3022 5122 3396 5183 constituerit,
3426 5121 3602 5175 visum
3629 5131 3713 5174 est
3740 5135 3957 5173 omnem

721 5246 1021 5299 editionum
1056 5242 1341 5295 historiam
1375 5254 1659 5294 enarrare.

793 5353 930 5408 Cum
955 5368 1019 5406 ex
1052 5365 1219 5419 opere
1244 5348 1576 5403 Theodoreti
1610 5346 1742 5400 nihil
1767 5345 1976 5399 editum
2005 5349 2155 5396 esset
2184 5346 2379 5409 praeter
2412 5338 2719 5407 fragmenta
2748 5352 2831 5399 ea,
2874 5350 2998 5405 quae
3026 5333 3093 5387 ab
3125 5333 3432 5402 Epiphanio
3463 5330 3809 5385 Scholastico
3839 5345 3957 5383 sm:

723 5458 1058 5514 Cassiodoro
1091 5457 1360 5509 translata
1386 5460 1575 5508 essent
1610 5453 1665 5505 in
1698 5450 1999 5504 Historiam
2031 5446 2386 5513 tripertitam,
2423 5440 2622 5496 Beatus
2653 5440 2955 5495 Rhenanus
2978 5453 3101 5491 cum
3129 5437 3424 5491 editionem
3461 5436 3581 5503 ejus
3612 5447 3808 5486 novam
3832 5446 3955 5485 sus-

724 5566 962 5634 cepisset
1000 5563 1231 5617 Basileaz
1268 5561 1429 5623 1525,
1491 5560 1777 5629 repetitam
1808 5572 1939 5611 ann.
1976 5554 2135 5616 15:28,
2171 5558 2370 5605 nactus
2401 5546 2651 5601 codicem
2705 5544 3039 5599 Theodoreti
3092 5541 3363 5606 Graecum,
3395 5540 3488 5610 qui
3538 5554 3569 5593 c
3620 5537 3958 5592 bibliotheca

725 5666 953 5721 Joannis
982 5664 1269 5735 Bagusini,
1310 5664 1612 5717 cardinalis
1645 5666 1698 5716 in
1758 5660 2151 5716 bibliothecam
2187 5655 2618 5710 Prazdicatorum
2646 5652 3043 5707 Basileensium
3098 5647 3420 5711 transierat,
3452 5663 3517 5701 ex
3548 5646 3643 5700 illo
3694 5644 3959 5714 epistolas

733 5773 1067 5845 synodorum
1117 5780 1172 5826 ct
1207 5771 1602 5839 imperatorum
1634 5766 1857 5821 Grzccas
1881 5761 2230 5832 interspersit
2260 5760 2431 5814 textui
2464 5758 2717 5812 Historia:
2743 5758 3051 5826 tripartitar.
3081 5753 3122 5807 Ε
3150 5770 3262 5825 quo
3290 5751 3481 5807 eodem
3510 5752 3659 5805 fonte
3686 5764 3957 5803 nesctoun

730 5878 943 5932 fluxerit
982 5875 1154 5947 prima
1186 5874 1349 5930 editio
1386 5876 1574 5930 Grzet'a
1608 5872 1785 5928 omnis
1840 5870 2082 5925 historia.-
2115 5865 2471 5931 Theodoreti,
2528 5880 2649 5936 quae
2675 5879 2734 5921 se
2787 5877 3050 5919 excusant
3084 5861 3139 5915 in
3172 5859 3279 5915 line
3323 5856 3612 5929 profitetur
3638 5854 3862 5909 Basileic
3902 5852 3960 5908 in
