4194 6432
209 400 271 468 i7
1628 404 2036 467 ΡΒίΕΡΑΤΙΟ.
3400 406 3463 462 18

208 524 353 573 not!
392 528 590 572 errore
626 514 862 587 quodam
902 515 955 570 in
995 514 1103 571 illis
1136 514 1422 571 variorum
1465 517 1654 588 posite
1688 515 1909 574 Valesio
1956 520 2185 576 reddita:
2233 522 2474 584 fuerint,
2522 536 2837 592 quanquam
2880 535 3125 577 errorem
3163 520 3284 593 ipse
3320 520 3463 578 Rea-

209 620 441 691 dingius
474 618 837 689 prodiderat;
873 626 931 673 ut
958 617 1095 674 nihil
1126 618 1305 674 dicam
1343 618 1743 677 Taurinensem
1770 622 2075 678 litterarum
2112 625 2304 681 formis
2340 634 2391 681 et
2428 626 2577 681 vitiis
2609 641 2904 697 operarum
2941 625 3260 681 Britannica
3296 628 3455 698 longe

207 728 555 783 deteriorem
592 742 739 784 esse.

280 830 363 885 Ει
396 831 491 887 his
526 832 692 901 igitur
720 830 877 887 libris
910 846 1009 901 per
1059 832 1431 904 typOgraphos
1464 833 1629 891 editis
1685 836 2009 893 universam
2063 838 2357 893 varietatis
2413 839 2608 894 silvam
2665 838 3056 903 adhibuimus,
3114 854 3226 894 non
3281 840 3461 910 negli-

210 946 406 1007 gentes
440 952 598 1003 eam,
634 952 797 1007 qnam
836 935 1142 1004 Eusebius,
1178 937 1520 995 Athanasius
1546 982 1560 1006 ,
1597 938 1876 1006 Hilarius,
1914 940 2295 1014 Epiphanius,
2336 941 2627 1009 Socrates,
2666 944 3013 998 Sozomenus
3038 987 3050 1007 ,
3083 943 3461 1015 Niceplmrus,

211 1044 459 1111 itemque
494 1042 739 1112 scriptor
772 1041 1032 1097 Historia:
1060 1044 1352 1113 tripartita:
1381 1044 1686 1099 oﬂerehant
1722 1045 1777 1099 in
1824 1045 1961 1100 locis
1992 1048 2064 1102 iis
2087 1087 2101 1110 ,
2140 1048 2229 1101 ubi
2266 1047 2348 1100 vel
2387 1055 2646 1116 excerpta
2684 1064 2712 1099 e
2758 1048 3113 1102 Theodoreto
3165 1047 3455 1113 dederant,

211 1148 294 1201 vel
329 1148 543 1218 scripta
579 1148 801 1217 publica
838 1164 867 1201 a
898 1155 1092 1204 nostro
1122 1164 1339 1220 quoque
1369 1150 1737 1220 promulgata.
1790 1144 2120 1219 Quanquam
2170 1150 2222 1202 in
2256 1150 2341 1203 his
2387 1149 2532 1203 hunc
2575 1150 2851 1203 tenuimus
2885 1151 3145 1214 modum,
3184 1158 3273 1213 ut,
3320 1165 3462 1219 quo-

211 1254 362 1306 niam
396 1252 808 1310 Theodoretum
840 1257 1153 1327 exprimere
1187 1256 1509 1313 volebamus
1538 1265 1593 1312 et
1622 1257 1829 1327 scripta
1873 1254 2095 1325 publica
2126 1253 2258 1307 talia
2282 1294 2295 1317 ,
2324 1255 2511 1322 qualia
2544 1255 2590 1308 is
2628 1269 2739 1308 suae
2772 1253 3018 1308 historia:
3052 1255 3463 1316 immiscuerat,

208 1372 306 1411 eas
341 1356 459 1413 fere
494 1359 762 1415 lectiones
794 1362 1341 1430 praetermitteremus
1365 1402 1379 1425 ,
1412 1363 1617 1433 quibus
1649 1358 1981 1417 Theodoreti
2032 1358 2343 1427 exemplum
2395 1358 2688 1414 videbatur
2733 1374 2763 1412 a
2814 1358 3037 1413 cmteris
3085 1359 3456 1429 discrepasse.

214 1459 310 1514 Csi
345 1476 547 1516 sumus
579 1462 745 1516 etiam
778 1464 1302 1531 emendationibus,
1344 1482 1486 1537 quas
1523 1464 1716 1521 Joach.
1763 1465 2119 1520 Camerarius
2164 1470 2477 1518 tentaterat
2520 1462 2585 1516 ad
2633 1463 2937 1533 marginem
2982 1462 3467 1533 interpretationis

212 1566 431 1621 Latinae
474 1566 734 1622 Historia:
762 1569 1090 1625 Theodoreti
1127 1587 1249 1641 qua:
1282 1571 1510 1627 Basileze
1544 1572 1680 1626 1536
1715 1579 1881 1642 atque
1914 1572 2079 1626 etiam
2116 1571 2247 1625 alibi
2280 1572 2428 1625 edita
2466 1568 2601 1627 fuit.
2646 1568 2748 1625 Sed
2785 1579 2984 1640 praeter
3021 1584 3184 1639 quam
3224 1569 3279 1623 in
3322 1569 3468 1623 notis

212 1675 280 1728 ad
314 1682 533 1729 textum
568 1676 1020 1731 constituendum
1055 1678 1461 1748 pertinentibus
1484 1718 1499 1741 .
1533 1679 1684 1749 parci
1723 1678 1930 1733 fuimus
1966 1677 2019 1732 in
2054 1678 2269 1733 caeteris
2293 1720 2305 1743 ,
2346 1692 2414 1733 ne
2466 1678 2764 1732 voluminis
2818 1677 3014 1730 molem
3067 1687 3255 1731 nostra
3303 1675 3462 1742 culpa

213 1792 589 1847 surgeremus,
625 1780 963 1849 omninoque
992 1796 1160 1835 omne
1194 1781 1440 1836 studium
1477 1782 1542 1835 ad
1586 1782 1888 1852 Scriptura:
1924 1783 2298 1853 integritatem
2333 1790 2386 1837 et
2421 1798 2628 1853 paucos
2678 1783 2732 1836 in
2774 1782 2967 1853 primis
3007 1780 3278 1835 obscuros
3317 1780 3468 1832 locos

217 1882 538 1935 retulimus.
570 1881 629 1937 ln
660 1883 862 1953 quibus
893 1884 994 1938 hoc
1034 1902 1203 1939 unum
1242 1887 1431 1942 licebit
1466 1889 1663 1943 addere
1692 1910 1702 1942 :
1742 1889 2107 1944 subdubitare
2144 1904 2247 1942 nos
2279 1888 2345 1942 ad
2383 1887 2527 1942 Hist.
2566 1887 2714 1941 Eccl.
2759 1886 2857 1941 lib.
2901 1903 2975 1952 tv,
3024 1902 3072 1942 c.
3103 1885 3136 1941 9
3159 1926 3172 1950 ,
3206 1893 3323 1939 not.
3359 1883 3427 1937 10
3450 1926 3465 1948 ,

214 1988 362 2041 sitne
412 1986 488 2041 ibi
546 1996 750 2043 nostra:
810 1989 1148 2058 praeferenda
1203 1992 1521 2061 conjectura
1576 1992 1831 2048 Cntt‘lerii
1894 1991 2072 2063 (Not.
2108 1994 2177 2048 ad
2213 1992 2359 2048 Eccl.
2394 1990 2565 2046 (ἶνα-ε.
2599 1990 2838 2045 Monum.
2898 1998 2938 2045 ι.
2980 1989 3025 2054 I,
3060 2005 3115 2059 p.
3151 1989 3322 2055 7l9),
3372 1987 3467 2057 qui

212 2108 437 2146 omnem
486 2092 591 2147 loci
647 2094 886 2149 mendosi
945 2096 1334 2151 obscuritatem
1394 2106 1573 2151 natam
1638 2108 1791 2167 putat
1849 2116 1914 2154 ex
1977 2099 2278 2169 archetypo
2334 2098 2585 2166 epistola:
2634 2094 2915 2169 synodica
2961 2093 3197 2157 Latino,
3249 2091 3303 2146 in
3356 2106 3466 2161 quo

214 2198 489 2263 scriptum
534 2197 735 2252 fuerit:
773 2197 1066 2268 Siquidem
1099 2201 1296 2267 [iterint
1328 2218 1391 2254 ex
1424 2205 1682 2271 episcopis
1724 2206 1811 2273 qui
1851 2204 1903 2257 in
1941 2218 2064 2257 FIDE
2099 2220 2201 2257 vusr
2238 2213 2360 2257 sunt
2395 2203 2550 2266 sani,
2603 2219 2702 2272 pro
2755 2217 2866 2272 quo
2919 2199 3146 2255 Grmcus
3193 2198 3468 2268 interpres

215 2304 359 2357 male
395 2304 628 2373 legerit:
668 2305 717 2356 in
750 2306 786 2372 ﬁ
812 2321 854 2358 ,ε
884 2307 985 2358 uti.

284 2483 345 2537 In
376 2482 659 2537 Philotimo
687 2500 785 2540 seu
831 2485 1087 2557 religiosa
1120 2483 1351 2542 historia
1384 2484 1711 2541 TheoJoreti
1758 2489 1891 2542 nihil
1938 2478 2243 2556 a.ljumenti
2280 2490 2577 2544 habuimus
2631 2504 2659 2542 a
2708 2489 2931 2559 scriptis
2980 2487 3215 2543 editisve
3268 2487 3463 2553 libris;

214 2606 342 2644 nam
378 2592 475 2644 illa
512 2592 751 2647 varietas
782 2591 1041 2648 editionis
1072 2590 1416 2648 Hervetianae
1444 2607 1567 2661 quae
1598 2592 1760 2648 istam
1796 2592 2085 2648 historiam
2142 2594 2211 2649 de
2276 2594 2468 2649 Graeco
2524 2593 2776 2647 Latinam
2828 2593 3067 2647 reddidit
3113 2591 3293 2646 Paris.
3329 2593 3467 2648 l55ti

208 2698 508 2765 quaternis
529 2738 543 2760 ,
576 2698 668 2750 vix
694 2696 862 2767 digna
891 2705 975 2752 est
1006 2698 1166 2766 cujus
1196 2698 1533 2781 mentionem
1568 2697 1855 2753 faciamus.
1891 2698 1998 2753 Sed
2031 2702 2079 2753 ei
2118 2700 2478 2768 adjunximus
2508 2715 2634 2753 cum
2677 2697 2914 2752 llerveto
2948 2694 3256 2751 Orationem
3289 2697 3466 2752 Theo-

211 2803 398 2857 doreti
436 2804 502 2857 de
536 2803 796 2858 charitate
825 2819 855 2858 a
885 2803 1180 2860 Sirmondo
1211 2805 1266 2859 in
1300 2812 1556 2875 quartum
1594 2813 1801 2859 tomum
1830 2807 2039 2875 rejecta
2065 2849 2079 2871 ,
2116 2821 2243 2861 cum
2274 2807 2441 2862 veluti
2475 2807 2726 2875 epil0gus
2765 2806 2838 2859 sit
2878 2805 3149 2875 religiosae
3193 2805 3461 2859 historiae.

214 2907 496 2976 Epistolas
535 2916 713 2961 tamen
737 2950 752 2973 ,
786 2923 926 2976 quas
957 2908 1178 2962 tertium
1212 2908 1488 2963 Sirmondi
1524 2908 1783 2963 volumen
1817 2911 2321 2981 complectebatur,
2362 2912 2545 2965 satius
2594 2910 2856 2964 duximus
2907 2911 3100 2979 quinto
3146 2920 3293 2963 tonio
3342 2926 3463 2963 ser-

212 3026 341 3067 vare
374 3021 670 3081 propterea
719 3013 865 3081 quod
916 3022 970 3067 et
1016 3015 1153 3068 alias
1185 3021 1367 3069 tomus
1416 3014 1493 3075 is,
1532 3028 1695 3083 quem
1730 3015 2041 3079 edidimus,
2076 3013 2371 3069 videbatur
2407 3015 2772 3083 amplitudine
2808 3028 2936 3077 sua,
2994 3022 3051 3066 ut
3104 3014 3195 3067 ille
3224 3014 3455 3083 quintus

212 3118 491 3184 parvitate
515 3157 532 3181 ,
565 3117 784 3170 modum
812 3116 1107 3183 excedere,
1138 3125 1191 3173 et
1219 3118 1577 3189 sperabamus
1611 3118 1726 3174 fore
1756 3128 1813 3172 ut
1863 3120 2316 3175 nancisceremur
2356 3121 2568 3184 aliquot
2600 3119 2736 3173 alias
2783 3118 3113 3175 Theodoreti
3144 3120 3406 3188 epistolas
3432 3163 3446 3185 ,

216 3221 420 3290 quibus
453 3220 573 3275 haec
601 3228 793 3275 nostra
821 3221 994 3277 editio
1030 3222 1349 3292 locupletari
1383 3222 1624 3293 quodam
1655 3222 1818 3277 modo
1845 3232 2052 3293 posset.

282 3327 535 3380 Omnino
564 3335 774 3380 textum
808 3326 1139 3381 Theodoreti
1172 3342 1202 3381 e
1232 3304 1554 3399 recensione
1584 3327 1971 3383 Sirmondiana
2002 3328 2401 3397 expressimus,
2454 3327 2557 3383 nisi
2591 3328 2647 3381 in
2678 3328 2817 3381 locis
2848 3328 2935 3387 iis,
2966 3342 3089 3396 quas
3117 3327 3197 3380 vel
3230 3327 3467 3397 ineptam

217 3433 517 3487 lectionem
566 3432 831 3487 haberent
873 3433 956 3487 vel
997 3433 1196 3495 talem,
1245 3448 1410 3503 quam
1454 3433 1894 3488 reclamantibus
1940 3432 2098 3489 libris
2132 3434 2411 3490 universis
2445 3431 2778 3489 Sirmondus
2815 3434 3095 3488 intulerat.
3131 3431 3273 3485 Nihil
3310 3431 3472 3502 quid-

215 3554 383 3609 quam
421 3538 533 3609 ipsi
566 3540 686 3593 sine
713 3538 872 3593 libris
900 3538 1197 3593 emendare
1228 3539 1347 3593 ausi
1380 3554 1573 3593 sumus
1610 3546 1809 3608 praeter
1841 3554 2005 3608 quam
2042 3540 2096 3593 in
2129 3542 2323 3609 paucis
2355 3540 2492 3594 locis
2546 3554 2667 3608 qua:
2695 3540 2991 3593 manifesto
3032 3539 3169 3593 vitio
3220 3539 3473 3593 laborare

218 3644 581 3699 videbantur.
617 3641 723 3697 Sed
758 3642 1073 3712 ubicunque
1101 3650 1281 3697 tamen
1304 3682 1318 3705 ,
1353 3641 1495 3710 quod
1532 3657 1752 3712 quaque
1785 3643 1851 3697 de
1884 3659 2055 3699 causa
2087 3644 2528 3705 discesserimus
2569 3660 2599 3699 a
2636 3644 2967 3709 Sirmondo,
2999 3646 3238 3699 lectores
3282 3646 3471 3698 admo-

218 3752 471 3809 nuimus.
492 3750 906 3820 Denique,eum
939 3749 995 3803 in
1026 3748 1269 3803 Historia
1305 3746 1634 3803 Theodoreti
1668 3748 2050 3803 ecclesiastica
2080 3762 2314 3817 quaeque
2350 3746 2463 3803 fere
2492 3749 2670 3803 editio
2706 3749 2870 3802 aliam
2899 3749 3169 3818 partiendi
3206 3750 3470 3802 rationem

218 3869 577 3931 sequeretur,
613 3867 829 3913 servata
864 3857 1084 3928 quidem
1119 3855 1505 3911 Sirmondiana
1535 3855 1601 3911 ad
1633 3855 1939 3925 marginem
1971 3852 2293 3913 curavimus
2322 3852 2500 3907 notari
2533 3867 2656 3907 eam
2690 3854 2743 3906 in
2783 3853 2965 3922 capita
2998 3855 3321 3908 divisionem
3354 3871 3473 3923 qua:

216 3967 269 4019 in
302 3966 533 4021 czrteris
565 3963 905 4018 editionibus
934 3962 1250 4025 obtinebat,
1286 3971 1343 4014 ut
1374 3976 1494 4031 qua:
1526 3959 1831 4015 secundum
1864 3958 1989 4012 illas
2021 3957 2190 4013 citata
2222 3966 2556 4021 occurrant,
2597 3956 2820 4013 facilius
2853 3961 3017 4012 etiam
3058 3960 3110 4013 in
3164 3970 3351 4013 nostra
3394 3977 3474 4013 re-

219 4070 538 4138 periantur.

284 4173 572 4227 Cmterum
593 4211 608 4235 ,
641 4181 699 4224 ut
727 4172 962 4225 maxima
993 4170 1116 4226 laus
1140 4169 1369 4225 debetur
1393 4167 1745 4223 curatoribus
1770 4167 2076 4238 bibliopolii
2104 4166 2568 4238 orphanotrophei
2604 4169 2808 4233 nostri,
2841 4170 2933 4240 qui
2964 4171 3134 4225 tantis
3165 4170 3479 4238 sumptibus

216 4288 267 4332 et
298 4277 604 4332 incredibli
642 4277 928 4348 diligentia
958 4291 1183 4347 operam
1210 4274 1479 4330 dederunt
1506 4280 1566 4327 ut
1594 4288 1757 4343 quam
1787 4271 2242 4328 emcndatissime
2276 4273 2723 4342 amplissimcque
2753 4274 3163 4328 escudercntur
3189 4282 3300 4326 tam
3330 4282 3479 4327 vasta

218 4381 565 4436 Theodoreti
592 4378 772 4449 Opera
793 4422 807 4445 ,
840 4389 1085 4449 tempore
1114 4394 1180 4433 eu
1210 4393 1320 4447 quo
1352 4376 1464 4431 fere
1496 4377 1681 4431 studia
1713 4374 2027 4431 Graecarum
2062 4376 2373 4429 litterarum
2402 4416 2415 4439 ,
2449 4374 2501 4427 in
2536 4376 2840 4447 primisque
2869 4385 3187 4432 sanctorum
3220 4376 3475 4435 Patrum,

217 4488 463 4555 frigere,
514 4493 670 4540 certe
718 4485 993 4539 rarissimi
1040 4497 1164 4539 esse
1210 4483 1405 4536 harum
1450 4495 1635 4534 rerum
1680 4488 1959 4549 emptores
2012 4479 2315 4532 videntur:
2368 4478 2443 4530 ita
2482 4495 2644 4548 spero
2682 4480 2801 4534 fore
2839 4488 2897 4534 ut
2931 4480 3130 4533 harum
3170 4480 3478 4535 litterarum

216 4598 478 4644 amantes
506 4597 567 4643 et
596 4586 831 4643 studiosi
861 4587 966 4641 viri
998 4586 1083 4641 vel
1120 4584 1603 4641 commendatione
1638 4597 1737 4637 sua
1771 4582 2229 4637 honestissimum
2287 4582 2431 4635 istud
2486 4583 2803 4637 institutum
2854 4583 3153 4653 adiuvent,
3202 4584 3483 4652 Deumque

216 4697 281 4751 0.
331 4695 410 4749 Μ.
456 4709 597 4763 rogo
643 4705 703 4749 ut
745 4694 1061 4764 quicunque
1102 4692 1189 4747 his
1221 4690 1379 4744 libris
1426 4689 1762 4743 Theodoreti
1797 4690 1881 4743 usi
1912 4686 2165 4752 fuerint,
2192 4703 2288 4743 eos
2320 4704 2486 4757 quam
2527 4689 2796 4756 plurimos
2826 4705 3016 4744 eorum
3051 4690 3261 4745 fructus
3290 4698 3355 4743 au
3385 4689 3482 4744 do-

216 4802 461 4855 ctrinam
495 4800 868 4869 pietatemque
898 4798 1144 4853 alendam
1173 4805 1337 4865 atque
1370 4794 1671 4865 augendam
1703 4807 1899 4863 capere
1926 4793 2137 4861 iubeat.

287 4927 519 4997 Scripsi
558 4925 713 4981 llalis
742 4927 830 4981 die
861 4925 930 4977 9.7
970 4924 1173 4994 Aprilis
1204 4937 1333 4976 ann.
1375 4920 1531 4973 l77l.

1593 5282 2159 5345 COROLLARIUM.

292 5432 436 5489 Cum
470 5428 544 5483 ad
579 5440 700 5481 eam
732 5432 938 5495 partem
977 5424 1308 5479 scholiurum
1346 5420 1671 5477 Theodoreti
1709 5419 1763 5472 in
1795 5415 2068 5485 Epistolas
2100 5412 2359 5469 Paulinus
2393 5415 2764 5483 pervenissent
2788 5456 2800 5477 ,
2836 5415 2922 5467 ubi
2961 5412 3164 5463 mentio
3204 5411 3345 5466 facta
3376 5422 3491 5467 erat

228 5540 336 5592 loci
376 5538 393 5591 1
427 5537 566 5591 Cor.
606 5549 700 5596 tu,
732 5532 833 5596 15,
870 5530 939 5586 de
968 5530 1089 5601 igne
1117 5530 1301 5586 omnia
1331 5537 1685 5600 spectatura,
1721 5522 2059 5592 alteriusque
2092 5519 2269 5576 Galat.
2306 5535 2341 5573 ll
2365 5559 2379 5583 ,
2415 5518 2508 5588 qui
2552 5517 2703 5573 Pauli
2750 5534 2873 5572 cum
2928 5516 3091 5571 Petro
3139 5516 3489 5586 disceptatio-

230 5657 357 5695 nem
410 5635 833 5707 complectitur,
881 5642 1045 5705 atque
1091 5632 1473 5688 observassem
1518 5627 2036 5700 interpretationem
2089 5625 2256 5696 hujus
2308 5640 2337 5679 e
2365 5622 2701 5679 Theodoreti
2730 5621 3149 5679 commentariis
3182 5621 3491 5685 excidisse,

235 5754 434 5799 contra
468 5745 527 5799 in
564 5742 658 5795 illo
688 5736 1101 5811 interpretando
1124 5753 1248 5793 esse
1276 5738 1368 5807 qui
1398 5735 1650 5791 dicerent
1673 5731 2084 5789 Theodoretum
2114 5728 2406 5801 quamdam
2439 5730 2599 5799 quasi
2629 5728 3089 5799 significationem
3120 5725 3262 5795 ignis
3286 5764 3301 5790 ,
3332 5740 3489 5791 quem

239 5850 636 5921 purgatorium
672 5847 981 5918 appellant,
1018 5845 1286 5916 repetisse
1317 5864 1326 5898 :
1362 5842 1651 5913 sperabam
1696 5856 1782 5897 me
1830 5840 2071 5905 interea,
2110 5835 2238 5891 dum
2287 5834 2723 5891 commentarius
2775 5833 2877 5889 istc
2927 5832 3248 5903 typographi
3297 5829 3491 5885 formis
