4194 6432
700 442 762 504 19
1854 441 2062 501 JOAN.
2100 440 2274 499 AUG.
2304 439 2684 498 NOESSELT
3871 431 3947 493 20

698 552 1135 611 exscriberetur,
1167 549 1371 618 aliquid
1405 559 1789 620 reperturum,
1822 553 1966 606 unde
2004 553 2149 605 ratio
2183 558 2237 605 et
2266 566 2447 605 causa!
2480 551 2643 619 hujus
2675 549 2788 602 sive
2814 548 3121 602 additionis
3169 549 3287 603 sive
3324 548 3684 602 detractionis
3725 549 3936 604 certius

712 657 1170 725 intelligerentur.
1202 652 1258 707 ln
1292 668 1403 724 quo
1432 656 1535 710 etsi
1572 672 1654 710 me
1692 671 1817 725 spes
1868 654 2093 717 fefellit,
2124 656 2268 708 dabo
2300 662 2482 706 tamen
2513 667 2635 721 qua:
2666 652 2771 705 nisi
2814 650 2880 704 ad
2913 665 3033 706 eam
3069 666 3183 705 rem
3214 649 3598 704 illustrandum
3632 648 3929 705 admodum

700 763 935 823 faciant,
967 768 1116 814 certe
1148 759 1393 813 excitare
1421 760 1561 813 alios
1592 760 1658 813 ad
1692 761 1920 815 meliora
1952 759 2251 830 quaarenda
2284 758 2521 828 pessint.

772 870 939 923 Vetus
994 879 1102 933 est,
1138 884 1450 938 quanquam
1482 885 1509 921 a
1554 867 1763 923 Latinis
1809 870 2017 925 Grzeeis
2078 868 2316 931 reddita,
2371 867 2597 936 querela
2648 867 3005 921 Graecorum:
3039 864 3402 919 adulteratam
3425 880 3548 919 esse
3571 880 3667 932 per
3714 863 3945 917 Latinos

700 976 922 1028 l'atrum
962 975 1278 1028 Grmcorum
1302 975 1717 1037 auctoritatem,
1745 976 2076 1045 collegitque
2110 976 2242 1028 talia
2275 974 2628 1042 querelarum
2662 973 2823 1042 plena
2861 972 2979 1025 loca
3002 952 3125 1025 ~Leo
3149 970 3385 1025 Allalius
3420 970 3491 1023 De
3519 970 3721 1024 Eccles.
3758 968 3939 1024 Occid.

698 1090 749 1133 ct
794 1080 1054 1134 Oriental.
1107 1090 1360 1148 perpetua
1418 1082 1776 1141 consensione,
1816 1081 1910 1134 lib.
1966 1097 2047 1144 ιιι,
2081 1095 2132 1133 c.
2162 1078 2257 1150 t,§
2317 1077 2369 1132 5.
2409 1076 2477 1132 Ut
2517 1077 2683 1133 unius
2735 1077 3064 1132 Theodoreti
3126 1090 3352 1131 causam
3413 1089 3739 1145 persequar,
3789 1074 3947 1128 nullo

701 1185 865 1239 modo
903 1184 1166 1239 credibile
1195 1193 1280 1239 est
1312 1186 1488 1238 locum
1518 1184 1570 1237 in
1602 1184 1845 1253 Epistola
1888 1184 1954 1238 ad
2004 1185 2226 1239 Galatas
2256 1183 2324 1237 ab
2354 1197 2422 1237 eo
2469 1184 2589 1238 sine
2612 1183 3070 1253 interpretatione
3095 1182 3278 1252 aliqua
3333 1180 3787 1251 prastermissum,
3818 1193 3943 1232 cum

706 1290 847 1341 haud
880 1289 1043 1344 dubie
1077 1288 1327 1343 habuerit
1354 1290 1530 1343 locum
1558 1292 1609 1342 in
1638 1291 1794 1344 libris
1826 1291 1942 1346 suis
1966 1300 2019 1345 et
2046 1305 2191 1360 sa‘pe
2212 1289 2343 1343 alibi
2365 1288 2528 1344 istius
2556 1287 2723 1343 verba
2745 1287 3055 1357 protulerit.
3079 1300 3256 1356 neque
3278 1285 3362 1339 vel
3396 1286 3443 1340 is
3471 1283 3712 1354 sitquasi
3735 1282 3949 1353 ignobi-

706 1394 773 1447 lis
806 1396 957 1448 locus
976 1395 1042 1447 ad
1062 1410 1218 1463 quem
1246 1395 1379 1448 nihil
1413 1396 1697 1450 commode
1726 1396 1829 1450 dici
1860 1401 2057 1467 possit,
2115 1398 2197 1451 vel
2220 1397 2292 1449 ita
2342 1397 2626 1467 negligens
2655 1394 3037 1451 Theodoretus
3059 1403 3116 1448 ut
3142 1396 3262 1464 ipsa
3292 1399 3477 1447 textus
3528 1405 3638 1445 non
3685 1390 3949 1444 illustrati

708 1497 871 1550 verba
908 1500 1308 1566 pra-terminat.
1360 1497 1496 1553 Tres
1527 1508 1656 1553 sunt
1687 1502 1911 1554 omnino
1938 1502 2157 1556 codices
2182 1501 2708 1556 commentariorum
2756 1500 3091 1555 Theodoreti
3124 1500 3180 1553 in
3216 1498 3371 1552 Pauli
3409 1497 3685 1567 Epistolas
3724 1495 3793 1551 ad
3837 1495 3945 1549 hoc

708 1620 879 1670 usque.
898 1614 1109 1674 tempus
1135 1614 1389 1660 accurate
1411 1606 1615 1659 collati.
1636 1604 1785 1662 Unus
1814 1608 1878 1669 is,
1900 1623 2059 1676 quem
2083 1606 2348 1661 llervetus
2368 1606 2419 1659 in
2461 1607 2912 1677 interpretatione
2933 1620 3032 1660 sua
3055 1613 3280 1660 secutus
3301 1611 3407 1669 est,
3431 1610 3741 1673 acceptum,
3764 1611 3821 1656 ut
3850 1601 3948 1663 ait.

708 1723 736 1761 a
764 1704 1299 1771 MareelloCcrvino,
1320 1709 1587 1763 cardinali
1623 1710 1838 1765 Sancta:
1872 1711 2087 1771 Crueis.
2111 1713 2205 1780 qui
2231 1722 2377 1782 post,
2414 1721 2702 1783 assumpto
2724 1712 2966 1767 Marcelli
2991 1711 3225 1767 secundi
3248 1710 3467 1765 nomine
3488 1750 3503 1771 ,
3534 1718 3799 1780 tanquam
3821 1724 3955 1779 pon-

710 1812 835 1867 tifex
859 1812 1151 1867 Ecclesiam
1174 1813 1471 1868 Romanam
1491 1816 1651 1867 rexit.
1670 1814 1838 1880 Quem
1858 1831 1981 1870 cum
2000 1818 2134 1871 satis
2156 1827 2367 1872 constet
2385 1833 2451 1871 eo
2470 1829 2713 1888 tempore
2740 1816 3088 1872 bibliothecae
3111 1815 3392 1870 Vaticana!
3418 1814 3736 1886 prafeetum
3761 1813 3951 1878 fuisse,

712 1921 1006 1988 multisque
1028 1935 1144 1973 eam
1175 1920 1350 1982 libris.
1384 1921 1620 1974 maxime
1646 1920 1874 1987 Graecis,
1909 1922 2297 1991 locupletasse,
2316 1939 2475 1978 usum
2502 1924 2554 1977 in
2588 1924 2777 1993 primis
2812 1937 2980 1991 opera
3014 1921 3294 1977 Gnilielmi
3323 1920 3536 1982 Sirleti.
3564 1934 3727 1990 quem
3745 1927 3801 1975 et
3830 1919 3952 1989 ipse

717 2026 979 2080 Hervetus
1034 2026 1087 2080 in
1146 2025 1474 2082 Praefatione
1521 2034 1785 2093 tanquam
1845 2028 1911 2081 de
1977 2027 2290 2083 locilCor.
2333 2044 2393 2083 ιιι
2464 2030 2732 2084 varietate
2782 2029 3171 2083 admonentem
3231 2038 3668 2091 commemorat,
3712 2042 3955 2096 cumque

717 2133 987 2190 liervetus
1018 2135 1261 2204 (epistol.
1313 2134 1555 2188 dedicat.
1602 2134 2082 2205 interpretationis
2130 2145 2491 2192 commentar.
2545 2135 2931 2208 Chrysostomi
2977 2136 3033 2189 in
3069 2132 3342 2204 Psalmos)
3390 2133 3716 2204 profiteatur
3761 2148 3820 2187 se
3861 2148 3957 2202 per

720 2240 786 2291 Al.
842 2241 1138 2293 Corvinum
1188 2240 1435 2295 codicem
1483 2240 1865 2311 Cbrysostomi
1916 2257 1945 2295 e
1992 2240 2335 2298 Ferrariensi
2384 2240 2872 2296 Dominicanorum
2922 2247 2977 2296 et
3033 2239 3406 2294 Caesenatensi
3456 2237 3954 2292 Franciscanorum

716 2347 1064 2403 bibliothecis
1093 2347 1432 2419 descriptum
1478 2348 1736 2401 habuisse
1774 2362 1787 2397 :
1823 2347 2125 2417 probabilis
2183 2347 2431 2417 suspicio
2480 2354 2566 2400 est
2611 2344 2945 2401 Theodoreti
2997 2344 3455 2406 commentarios,
3499 2359 3640 2413 quos
3679 2341 3956 2396 Heri-etus

720 2454 977 2516 habebat,
1021 2452 1191 2508 fuisse
1225 2470 1255 2508 e
1287 2452 1479 2513 codice
1522 2452 1714 2508 Italico
1745 2453 1984 2515 ductos.
2019 2453 2086 2508 de
2128 2453 2289 2521 cujus
2321 2452 2544 2522 generis
2584 2450 2744 2505 libris
2780 2450 2981 2506 deinde
3022 2450 3222 2505 dicam.
3249 2448 3388 2503 Tum
3431 2447 3790 2505 Sirmoudus.
3833 2464 3956 2499 rem

720 2561 931 2626 primus
955 2558 1280 2613 Theodoreti
1306 2558 1517 2614 scholia
1547 2558 1734 2614 Graeca
1763 2559 1971 2619 ederet,
2006 2574 2116 2613 non
2147 2558 2372 2629 quidem
2398 2557 2535 2612 dicit
2555 2571 2664 2627 quo
2694 2555 2767 2609 sit
2792 2554 2985 2610 codice
3010 2570 3167 2618 usus,
3201 2554 3295 2609 sed
3329 2569 3477 2615 cum,
3502 2553 3568 2607 de
3598 2551 3947 2623 professione

720 2683 815 2719 sua
845 2665 1027 2735 tPraef.
1071 2668 1137 2720 ad
1175 2676 1311 2721 tom.
1346 2668 1364 2720 1
1394 2665 1535 2735 Opp.
1576 2664 1953 2730 Theodoreti),
1993 2667 2047 2720 in
2087 2665 2278 2735 primis
2321 2661 2545 2715 codices
2582 2659 2929 2714 bibliotheca:
2976 2659 3143 2729 regia:
3194 2656 3535 2712 Parisiensis
3584 2655 3957 2716 consuluerit,

721 2770 808 2822 vix
844 2785 969 2824 eum
1000 2769 1239 2824 dubitari
1288 2779 1465 2838 potest
1523 2770 1725 2823 librum
1775 2771 2045 2839 scriptum
2098 2768 2420 2823 adhibuisse
2464 2764 2557 2833 qui
2603 2778 2748 2818 unus
2778 2770 3035 2833 superest
3068 2762 3124 2816 in
3154 2761 3248 2815 illa
3288 2759 3646 2825 bibliotheca,
3684 2773 3961 2829 quemque

722 2872 881 2927 Rich.
917 2873 1105 2928 Simon
1142 2874 1308 2943 (Hist.
1340 2875 1467 2928 erit.
1497 2881 1852 2929 commentat.
1890 2875 1942 2927 in
1974 2873 2038 2927 N.
2062 2873 2127 2926 T.
2162 2873 2289 2937 525)
2333 2869 2602 2925 noritium
2622 2868 2758 2922 dicit
2791 2883 3028 2938 eumque
3078 2868 3470 2929 cbartaceum,
3510 2865 3715 2921 factum
3761 2865 3828 2919 de
3855 2864 3964 2916 alio

723 2978 779 3032 in
807 2975 1067 3033 italia.Et
1099 2994 1226 3034 vero
1263 2978 1429 3034 etiam
1465 2978 1659 3034 Petrus
1691 2978 1926 3033 Allisius
1964 2978 2042 3046 (in
2074 2978 2223 3033 nolis
2255 2976 2322 3032 ad
2349 2974 2593 3029 Nectarii
2614 2975 2878 3044 confutet.
2903 2975 3111 3043 imperii
3144 2972 3305 3042 Papa:
3339 2974 3395 3027 in
3416 2971 3733 3033 Ecclesium,
3761 2988 3813 3041 p.
3840 2972 3961 3032 illi)

726 3098 784 3135 se
807 3082 1157 3151 expendisse,
1196 3082 1394 3152 inquit,
1430 3083 1581 3135 illum
1619 3083 1861 3137 codicem
1892 3099 2053 3152 quem
2087 3090 2311 3138 secutus
2340 3081 2410 3136 sit
2444 3082 2774 3137 Sirmoudus
2809 3083 2864 3136 in
2898 3082 3204 3136 omittendo
3245 3082 3370 3135 loco
3396 3080 3547 3135 Pauli
3586 3080 3653 3134 de
3685 3094 3785 3132 sua
3830 3093 3956 3131 cum

725 3186 889 3241 Petro
943 3188 1342 3254 controversia,
1378 3190 1471 3259 qui
1525 3188 1840 3259 descriptus
1889 3190 1982 3251 sit,
2039 3190 2091 3243 ni
2130 3189 2371 3253 fallatur,
2420 3208 2483 3246 ex
2535 3193 2766 3261 antiquo
2823 3191 3017 3247 codice
3067 3191 3389 3246 Florentino
3444 3190 3498 3243 in
3527 3203 3639 3259 quo
3691 3196 3803 3241 tota
3847 3185 3966 3239 lucc

727 3293 956 3363 περιοχὴ
1002 3309 1158 3347 erasa
1216 3292 1398 3348 fuerit.
1461 3291 1723 3348 Nostrum
1772 3310 1901 3348 vero
1953 3310 2191 3364 eumque
2249 3296 2573 3351 Bavaricum
2606 3296 2854 3353 codicem
2902 3297 2955 3349 in
2990 3312 3125 3367 quo,
3164 3297 3286 3349 loco
3341 3310 3407 3348 eo
3460 3295 3605 3348 ttude
3635 3292 3965 3347 exciderant

728 3402 936 3456 scholia
977 3400 1335 3464 Theodoreti,
1379 3418 1616 3456 vacuum
1660 3414 1777 3459 erat
1819 3405 2066 3457 relictum
2105 3406 2382 3474 spatium,
2425 3406 2504 3476 (in
2536 3406 2788 3474 Pracfat.)
2842 3407 3347 3460 demonstravimus
3396 3404 3665 3459 novitium
3715 3417 3872 3460 esse.
3909 3409 3969 3455 ut

729 3505 864 3559 satis
899 3513 1158 3574 appareat
1182 3508 1341 3560 valde
1372 3516 1663 3576 suspectos
1697 3523 1823 3563 esse
1860 3509 1995 3563 istos
2022 3508 2249 3563 codices
2265 3510 2333 3563 de
2364 3508 2485 3563 loco
2512 3525 2539 3562 a
2571 3510 2817 3564 librariis
2848 3510 3257 3565 recentioribus
3281 3510 3537 3565 consulto
3570 3509 3962 3579 praetermisso.

795 3635 912 3686 .lam
949 3633 1015 3689 de
1040 3635 1217 3688 altero
1257 3634 1352 3689 illo
1382 3633 1638 3689 adlCor.
1683 3651 1762 3694 Ill,
1798 3636 1986 3689 nullus
2030 3636 2211 3690 adhuc
2262 3644 2519 3707 repertus
2566 3644 2649 3691 est
2686 3638 2827 3691 liber
2872 3637 2967 3707 qui
3015 3637 3427 3692 Theodoretum
3474 3635 3551 3689 ibi
3601 3641 3863 3703 tanquam
3896 3634 3963 3687 de

729 3742 850 3809 igne
880 3739 1200 3809 purgatorio
1230 3739 1545 3810 loquentem
1585 3740 1903 3802 induceret,
1937 3749 2137 3810 praeter
2181 3743 2347 3796 breve
2396 3742 2545 3797 istud
2580 3742 2854 3797 sch'olium
2904 3744 2959 3797 in
2992 3742 3211 3813 (ἔπεηωί
3243 3741 3679 3803 commentariis,
3728 3740 3968 3809 itemque

729 3842 954 3898 Thema:
1008 3842 1300 3911 Aquinatis
1360 3843 1758 3905 testimonium,
1813 3844 1957 3915 quod
2019 3854 2311 3916 utrumque
2365 3848 2430 3901 ad
2484 3849 2637 3902 illum
2690 3848 2870 3903 locum
2924 3847 3507 3903 commemoravimus.
3563 3844 3667 3900 Sed
3721 3846 3961 3915 primum

730 3957 1036 4018 repugnant
1072 3948 1313 4013 codices,
1350 3947 1417 4003 de
1453 3947 1657 4017 quibus
1688 3956 1940 4013 constat,
1986 3964 2211 4011 omnes,
2249 3966 2349 4005 nec
2393 3953 2472 4007 illi
2512 3955 2578 4009 de
2606 3956 2701 4008 tali
2730 3954 3034 4009 emissione
3066 3953 3359 4022 suspecti,
3393 3967 3517 4006 cum
3545 3952 3734 4013 locus,
3764 3952 3809 4006 si
3846 3965 3973 4006 vere

729 4052 1065 4110 Theodoreti
1101 4062 1279 4121 esset,
1310 4053 1536 4110 favisset
1570 4054 1885 4110 Graecorum
1936 4054 2365 4111 Latinizantium
2400 4059 2704 4124 doctrinas;
2743 4073 2906 4129 porro
2940 4058 3187 4112 Thomas
3238 4060 3397 4128 longe
3444 4057 3609 4110 aliter
3647 4056 3965 4123 loquenti-ni

732 4162 866 4218 facit
906 4164 1311 4222 Theodoretum
1357 4178 1522 4234 quam
1569 4163 1825 4220 scholion
1881 4163 2025 4233 quod
2092 4171 2369 4234 repererat
2413 4163 2710 4232 Gagnrrus,
2753 4162 2991 4232 denique
3041 4161 3345 4222 Thomam,
3389 4160 3494 4214 nisi
3537 4160 3654 4228 ipse
3716 4156 3970 4212 fefellerit

732 4273 870 4327 alios
896 4272 998 4323 ista
1040 4270 1369 4323 auctoritate
1402 4271 1804 4331 commentitia,
1834 4268 1980 4338 quod
2015 4270 2084 4323 ab
2124 4271 2229 4324 isto
2263 4270 2486 4339 quidem
2544 4268 2947 4323 alienissimum
2994 4277 3145 4335 puto,
3182 4276 3360 4319 tamen
3398 4265 3466 4317 ab
3516 4264 3638 4317 aliis
3672 4263 3966 4331 deceptum

730 4374 906 4429 fuisse
938 4372 1267 4443 persuadent
1303 4373 1407 4426 alia
1441 4374 1754 4428 testimonia
1790 4372 2014 4427 Patrum
2039 4415 2053 4435 ,
2086 4376 2255 4428 veluti
2290 4374 2514 4443 tiyrilli,
2550 4390 2672 4443 quze
2722 4375 2813 4428 ille
2861 4375 2913 4428 in
2972 4371 3335 4427 defendendis
3392 4370 3653 4424 Romana:
3714 4367 3971 4422 Ecclesia:

732 4478 967 4533 decretis
999 4477 1127 4531 alibi
1162 4477 1316 4530 libris
1349 4478 1467 4532 suis
1503 4477 1800 4547 inspersit,
1837 4477 2100 4532 falsitatis
2132 4479 2291 4533 docte
2328 4488 2381 4533 et
2414 4482 2639 4549 copiose
2688 4481 2941 4535 convicta
2993 4494 3091 4547 per
3119 4475 3281 4532 Joan.
3322 4476 3651 4539 Launoium,
3704 4473 3966 4543 epistola~

732 4603 854 4640 rum
894 4586 1094 4644 librat.
1129 4586 1288 4654 epist.
1331 4586 1441 4639 1-3.
1486 4584 1806 4639 Barlaamus
1865 4586 2108 4655 quidem,
2160 4595 2253 4640 aut
2298 4586 2388 4653 qui

2314 4586 2621 4655 iuicunque
2686 4587 2756 4640 sit
2820 4592 3011 4642 auctor
3059 4584 3187 4636 libri
3241 4585 3379 4648 Περὶ
3437 4581 3539 4634 τοῦ
3574 4578 3970 4646 καθαιρτηρίευ

734 4690 916 4756 πυρὸς
957 4706 1116 4759 quem
1166 4688 1471 4745 Salmasius
1526 4689 1698 4744 edidit
1746 4691 1801 4744 iu
1853 4689 2157 4759 appendice
2180 4690 2245 4743 ad
2285 4693 2459 4766 libros
2518 4692 2588 4747 De
2651 4693 2887 4754 primatu
2921 4690 3124 4757 Paptr,
3182 4704 3235 4759 p.
3274 4686 3364 4749 8|,
3397 4686 3463 4740 de
3513 4687 3664 4739 illa‘a
3706 4683 3971 4736 Romanis

729 4797 936 4865 jactata
994 4796 1321 4849 auctoritate
1379 4793 1710 4847 Theodoreti
1762 4796 1909 4853 clare
1964 4796 2096 4850 dicit
2146 4814 2157 4849 ε
2206 4797 2385 4851 nam:

2316 4797 2424 4850 λῶν
2475 4798 2642 4852 ὅντων
2694 4796 2785 4870 τεῦ
2820 4796 3033 4849 ἐκείνου
3076 4794 3201 4864 nsp'
3234 4794 3363 4861 ἡμῖν
3412 4788 3879 4861 ευγγραμμάτων,
3916 4788 3972 4837 ἐν

732 4898 909 4951 οὐδενὶ
938 4898 1183 4965 φαίνεται
1219 4896 1435 4951 πώπῡτε
1472 4898 1727 4967 εἰρηκὼς.

805 5023 1171 5091 Quamobrem
1203 5040 1380 5094 neque
1406 5024 1495 5078 hic
1529 5024 1683 5078 locus
1712 5024 1901 5087 tribui,
1938 5039 2120 5093 neque
2162 5025 2249 5077 illc
2284 5024 2348 5077 ad
2398 5025 2624 5077 Galatas
2671 5025 2887 5077 detrahi
2940 5024 3175 5078 debebat
3228 5021 3580 5076 Theodorcto
3614 5026 3843 5074 nostro:
3883 5016 3976 5071 sed

734 5129 1007 5185 difﬁcilius
1037 5138 1121 5184 est
1144 5129 1349 5191 dicere,
1402 5129 1543 5181 unde
1595 5129 1722 5184 talis
1753 5124 2039 5198 corruptio
2072 5129 2351 5182 exstiterit
2395 5139 2491 5183 aut
2522 5146 2550 5183 a
2600 5145 2709 5199 quo
2750 5128 2911 5183 fuerit
2961 5136 3240 5197 suscepta.
3303 5124 3415 5179 Nos
3467 5123 3686 5194 quidem
3729 5138 3795 5177 eo
3826 5121 3978 5176 ducit

736 5236 1053 5305 conjectura
1083 5244 1293 5297 nostra,
1332 5242 1388 5287 ut
1408 5233 1793 5289 existimemus
1815 5243 2106 5304 utramque
2131 5233 2328 5289 factam
2366 5251 2491 5291 esse
2522 5252 2548 5289 a
2583 5238 2826 5291 librariis
2863 5234 3127 5289 Graeculis
3156 5234 3208 5286 in
3242 5231 3395 5285 ltalia
3429 5228 3693 5283 Romana:
3718 5227 3977 5283 Ecclesia:

738 5339 994 5407 addictis,
1033 5339 1086 5394 id
1118 5338 1263 5410 quod
1307 5339 1472 5395 etiam
1520 5338 1677 5393 Rich.
1716 5337 1925 5393 Simoni
1973 5340 2258 5394 videbatur
2292 5339 2356 5409 (l.
2384 5355 2433 5395 c.
2469 5357 2519 5411 p.
2553 5340 2679 5405 5‘23,
2703 5340 2772 5393 ‘24
2800 5348 2851 5393 et
2882 5339 2935 5393 ir.
2980 5337 3181 5391 Critica
3220 5335 3547 5389 bibliotheca:
3576 5332 3726 5388 Pim’i
3757 5342 3891 5387 tom.
3932 5333 3974 5397 Ι,

735 5464 791 5515 p.
826 5446 1052 5515 l70-7l)
1086 5448 1203 5515 qui,
1240 5460 1522 5515 magnum.
1555 5452 1703 5499 recte
1749 5454 1952 5499 monet.
1993 5446 2294 5501 discrimen
2328 5460 2451 5501 esse
2494 5444 2749 5497 codicum
2791 5442 2886 5513 qui
2938 5442 3006 5496 de
3039 5439 3261 5494 Oriente
3323 5438 3629 5495 afferuntur
3665 5452 3971 5506 eorumque

735 5550 829 5617 qui
856 5550 907 5603 in
945 5549 1294 5605 bibliothecis
1334 5547 1540 5604 Grecis
1595 5548 1760 5603 Italiae
1811 5558 2051 5617 exStant;
2090 5550 2235 5605 unde
2272 5550 2475 5604 factum
2520 5548 2592 5602 sit
2636 5556 2695 5599 ut
2750 5546 3069 5607 Gretserus,
3098 5544 3191 5614 qui
3227 5544 3414 5614 plures
3470 5544 3645 5596 libros
3698 5540 3918 5595 Graecos
3949 5557 3977 5593 a

737 5671 797 5710 so
826 5654 881 5709 in
922 5670 1091 5726 regno
1125 5653 1485 5724 Neapolitano
1523 5663 1769 5724 repertos
1820 5655 2233 5724 descripserat,
2270 5663 2565 5710 accusatus
2620 5653 2783 5707 fuerit
2834 5662 3095 5720 tanquam
3133 5651 3225 5719 qui
3278 5650 3447 5702 libros
3498 5648 3769 5700 vitiasset.
3806 5645 3978 5714 Cujus

740 5760 958 5827 generis
988 5758 1193 5815 SCilOiin
1233 5760 1396 5813 inulta
1436 5761 1487 5813 iu
1540 5760 1768 5815 coclibus
1803 5761 2154 5829 reperiuntur
2196 5763 2563 5819 (Lateuarum,
2598 5759 2764 5811 etiam
2802 5755 2867 5810 ad
2905 5757 3215 5810 doctrinam
3270 5753 3530 5808 Ecclesia:
3562 5752 3823 5806 Romamn
3862 5767 3981 5821 per-

742 5865 1011 5935 tinentia;
1037 5868 1213 5935 quale,
1250 5876 1305 5919 ut
1348 5867 1441 5921 hoc
1479 5878 1619 5931 utar,
1662 5865 1755 5918 ltnt
1799 5865 1928 5919 illud
1963 5862 2381 5942 Τιιερριιγιιιιςῐι.
2416 5879 2525 5936 quo
2576 5879 2706 5919 usus
2742 5871 2858 5918 erat
2913 5862 3197 5932 Philippus
3236 5857 3618 5917 .‘lelanchlhon
3666 5857 3716 5910 in
3752 5857 3971 5921 Αροιος.
