4194 6432
265 400 340 462 21
1456 397 1848 456 PHIEFATIO
1885 399 1984 456 AD
2010 398 2186 456 TUM.
2221 399 2332 457 IlI.
3470 397 3541 458 2?.

275 507 543 578 A.Conf.
568 521 674 565 art.
700 528 758 575 ι,
794 509 940 581 quod
978 517 1172 580 postea
1216 511 1482 578 expunxit
1536 514 1592 564 in
1623 509 1866 566 editione
1914 513 2189 581 Apologia:
2248 509 2472 574 Latina,
2526 507 2671 562 facta
2712 507 3040 578 Witeberga:
3093 508 3328 563 octonis.
3365 508 3538 578 Cujus

276 617 356 670 rei
388 617 471 671 sic
518 618 699 672 reddit
733 619 1002 673 rationem
1044 618 1122 687 (in
1143 614 1316 687 Epist.
1361 616 1427 670 ad
1459 615 1616 672 Joan.
1641 617 1954 678 Cratonem,
1977 613 2344 670 Consiliorum
2385 613 2526 666 Lall.
2564 621 2605 666 t.
2639 609 2703 679 ll,
2743 629 2795 682 p.
2834 613 2959 683 385)
2994 631 3006 666 :
3042 611 3106 665 In
3150 611 3539 681 Theophylario

275 715 742 787 (Ecolampadius
792 722 925 774 bona
957 722 1059 790 ﬁde
1095 720 1326 774 reddidit
1358 720 1513 774 verba
1542 721 1669 792 περὶ
1727 737 1930 790 μεταστ

1879 721 2224 791 ςτοιχὼσεως.
2265 738 2379 789 quae
2409 723 2605 774 invenit
2641 721 2695 773 in
2733 737 2829 774 suo
2860 720 3059 773 codice.
3093 719 3230 774 Tota
3275 720 3370 774 illa
3406 735 3535 773 seo—

275 824 455 876 tenlia
491 825 635 878 deest
665 828 718 878 in
766 835 948 880 nostra
988 827 1184 879 codice.
1230 824 1316 878 Ita
1361 825 1617 879 veteribus
1667 826 1818 878 libris
1870 827 2082 878 inserta:
2139 834 2262 879 sunt
2302 826 2667 892 corruptelis!
2705 833 2758 880 et
2790 839 2912 894 quae
2961 823 3036 877 ibi
3081 823 3282 877 similia
3331 821 3536 876 habet:

272 930 475 985 eadem
514 931 628 986 fere
663 933 859 1002 repetit
893 933 947 987 in
993 932 1250 1002 Epistolis
1291 933 1357 986 ad
1394 931 1864 1000 Hardenbergium
1897 947 1925 985 a
1962 931 2176 986 Pezelio
2205 932 2370 986 editis
2403 932 2547 1002 plag.
2580 929 2640 984 Ε.

1285 1100 1608 1166 Compendia
1633 1099 1924 1166 Scriptura!
1956 1100 2145 1168 quibus
2183 1101 2234 1151 in
2269 1101 2538 1152 codicibus

851 1173 1082 1226 citandis
1104 1174 1185 1226 uti
1207 1187 1414 1233 sumus,
1439 1171 1503 1222 de
1527 1171 1713 1236 quibus
1749 1171 2055 1237 ca'terisque
2079 1171 2250 1232 libris,
2285 1169 2421 1221 unde
2455 1169 2682 1221 varietas
2720 1168 2960 1220 lectionis

1238 1241 1399 1294 ducta
1431 1251 1530 1305 est,
1557 1241 1802 1308 pra'fatio
1837 1250 2022 1292 nostra
2045 1240 2309 1307 copiosius
2336 1248 2541 1291 narrat.

466 1377 524 1427 In
571 1375 828 1443 Epistolis
853 1375 1103 1431 Paulinis
1147 1377 1210 1427 A.
1253 1377 1655 1442 Augustanum,
1685 1373 1741 1425 Β.
1779 1373 2102 1429 Bavaricum
2137 1375 2367 1428 indicat.

461 1463 523 1514 In
556 1461 792 1517 Historia
825 1461 1157 1517 Theodoreti
1189 1461 1516 1516 Ecclesiast.

466 1551 636 1602 Allat.
666 1559 752 1604 est
778 1551 947 1605 codex
981 1549 1187 1613 Allatii,
1224 1550 1385 1617 cujus
1415 1557 1674 1617 excerpta
1701 1550 1768 1601 ad
1802 1563 1816 1600 ι
1845 1557 1899 1603 et
1936 1565 1972 1602 ιι
1999 1550 2202 1603 librum
2234 1550 2486 1608 Valesius
2520 1552 2776 1608 habebat.

463 1636 590 1691 Bas.
619 1637 714 1692 Gr.
757 1639 936 1692 Prima
975 1648 1059 1692 est
1085 1638 1256 1693 editio
1278 1636 1466 1691 Grznca
1499 1637 1832 1692 Basileensis
1858 1650 1908 1690 a.
1939 1637 2100 1690 1536.

459 1723 586 1778 Bas.
613 1723 732 1778 Lat.
772 1725 950 1779 Editio
974 1724 1114 1780 Hist.
1143 1725 1440 1794 tripartite:
1467 1725 1692 1779 Basileze
1743 1724 1909 1791 facta,
1938 1725 2028 1778 cui
2064 1727 2408 1796 interspersit
2443 1730 2638 1784 Beatus
2671 1730 2972 1785 Rhenanus
3015 1729 3235 1785 Grmcas

569 1813 834 1882 epistolas
866 1812 1204 1883 synodorum
1239 1828 1269 1867 e
1292 1810 1626 1867 Theodoreti
1662 1811 1727 1864 H.
1762 1811 1824 1864 Ε.

457 1901 702 1954 Casaub.
748 1900 931 1954 Codex
965 1899 1150 1955 .‘lterici
1181 1899 1492 1954 Casauboni
1528 1899 1691 1968 cujus
1724 1900 1877 1954 lectt.
1911 1904 1965 1956 in
1997 1902 2238 1958 editione
2270 1903 2408 1958 Hist.
2443 1905 2587 1960 Eccl.
2621 1905 2965 1962 Britannica.

455 1988 778 2057 Christoph.
812 1988 1106 2044 Lectiones
1139 1999 1267 2043 sunt
1303 1987 1799 2057 Christophorsoni
1827 2005 1894 2043 ex
1921 1990 2049 2045 edit.
2082 1991 2537 2051 Genevensimn.~

458 2077 631 2130 Savil.
666 2077 843 2132 Codex
881 2080 1072 2133 Sai'ilii
1104 2095 1214 2148 quo
1254 2095 1388 2134 usus
1422 2086 1505 2133 est
1544 2075 1826 2133 Valesius.

454 2166 604 2219 Scal.
636 2165 925 2221 Lectiones
950 2166 1065 2221 Jos.
1100 2167 1386 2236 Scaligeri,
1419 2181 1483 2219 ex
1513 2164 1757 2220 editione
1783 2165 2208 2222 Genevensium.

442 2254 633 2322 L-teph.
669 2269 763 2309 seu
805 2254 996 2324 Steph.
1039 2253 1077 2308 l.
1126 2254 1332 2309 Textus
1363 2251 1625 2343 editionis
1676 2250 2046 2323 Stephanicae.

457 2342 654 2411 Steph.
681 2341 741 2395 ll.
769 2341 1060 2397 Lectiones
1103 2343 1156 2396 in
1192 2342 1373 2397 libello
1401 2341 1467 2396 ad
1503 2341 1711 2395 calCem
1733 2341 1866 2396 edit.
1901 2341 2268 2414 Stephanicae.

808 2433 1017 2490 Cretera
1049 2433 1207 2488 facile
1240 2431 1647 2500 intelliguntur.
