4194 6432
654 337 716 400 31
1892 333 2261 396 GENTIANI
2309 331 2644 394 HERVETI
3836 325 3904 389 3’2

1417 661 3172 871 THEODOBETI

1706 1005 2853 1127 COMMENTARIUS

877 1269 1078 1423 IN
1191 1258 1838 1419 OMNES
1931 1255 2507 1415 PAULI
2638 1253 3695 1414 EPISTOLAS

672 465 3879 517 Μ

1667 1715 2244 1807 GENTIANI
2335 1708 2920 1809 HERVETI,

1106 1930 1414 1977 REMENSIS
1455 1928 1770 1986 CANONICI,
1821 1926 2251 1971 COMMENTARH
2298 1926 2365 1971 IN
2410 1920 2599 1967 PAULI
2655 1920 2990 1967 EPISTOLAS
3055 1919 3483 1978 INTERPRETIS,

1807 2086 2202 2147 PREFATIO
2245 2083 2347 2143 AD
2380 2082 2801 2143 LECTOREM.

681 2395 745 2462 Γ)
787 2394 917 2451 Cum
956 2402 1178 2448 reterem
1235 2391 1374 2447 Novi
1426 2394 1749 2448 Testamenti
1800 2397 2090 2452 versionem
2134 2406 2186 2451 et
2235 2398 2538 2469 longissimi
2597 2400 2847 2467 temporis
2889 2396 3288 2465 prcescriptione
3309 2396 3585 2459 munitam,
3617 2404 3666 2449 et
3700 2394 3916 2448 concilii

678 2485 975 2539 Tridentini
1015 2483 1334 2537 auctoritate
1359 2486 1732 2553 conﬁrmatam
1755 2502 1867 2541 esse
1896 2487 2146 2554 viderem,
2177 2488 2233 2542 in
2266 2484 2591 2540 traducendo
2630 2484 2953 2539 Theodoreto
2985 2500 3100 2537 eam
3131 2485 3275 2553 sequi
3333 2484 3460 2537 mihi
3487 2493 3730 2553 perpetuo
3758 2483 3927 2535 risum

673 2586 770 2628 est.
807 2573 906 2627 Sed
933 2575 1179 2644 quoniam
1204 2589 1579 2643 nonnunquam
1614 2590 1713 2627 usu
1742 2575 1997 2639 veniebat,
2033 2585 2092 2629 ut
2126 2576 2283 2629 aliter
2312 2575 2501 2643 legeret
2557 2573 2936 2638 Theodoretus,
2967 2573 3125 2626 aliter
3181 2582 3362 2625 nostra
3396 2572 3604 2627 haberet
3636 2570 3820 2629 editio,
3878 2578 3929 2621 et

677 2662 989 2731 quandoque
1025 2661 1204 2716 Grtcce
1235 2662 1375 2731 plus,
1419 2663 1733 2730 quandoque
1768 2663 1941 2716 minus
1972 2679 2126 2732 quam
2160 2662 2349 2716 Latine
2379 2662 2656 2732 legeretur,
2684 2660 2738 2713 id
2773 2660 2904 2714 mihi
2932 2662 3101 2714 nisum
3129 2670 3207 2714 est
3257 2661 3552 2714 notandum
3580 2661 3635 2712 in
3666 2660 3924 2727 margine.

680 2748 850 2802 Porro
878 2761 1054 2803 autem
1087 2751 1341 2819 quoniam
1373 2748 1560 2803 (ἔνατα
1585 2766 1703 2802 cum
1733 2748 1942 2803 Latinis
1972 2750 2271 2819 conferens,
2302 2750 2561 2804 nonnulla
2597 2766 2713 2819 qua:
2742 2759 2882 2803 recte
2912 2748 3111 2818 alioqui
3138 2765 3285 2802 rersa
3328 2758 3500 2813 erant,
3534 2749 3692 2802 aliter
3729 2746 3931 2815 signi/i-

680 2838 888 2889 cantius
910 2838 1016 2889 dici
1037 2839 1271 2903 potuisse
1310 2836 1776 2901 animavertebam,
1810 2838 1923 2905 ejus
1945 2855 2147 2909 quoque
2179 2839 2255 2892 rei
2285 2837 2558 2893 Lectorem
2598 2837 2989 2891 admonendum
3029 2852 3140 2889 esse
3170 2837 3373 2895 censui,
3405 2845 3455 2889 et
3498 2845 3557 2888 ut
3591 2837 3643 2888 in
3675 2851 3735 2887 ea
3769 2849 3823 2885 re
3852 2848 3931 2885 me

680 2924 907 2992 fideliter
934 2933 983 2977 et
1011 2925 1208 2993 integre
1236 2934 1501 2977 versatum
1535 2923 1865 2994 intelligeret,
1892 2934 1942 2976 et
1971 2924 2110 2994 quod
2142 2924 2323 2979 Graece
2375 2925 2618 2988 habetur,
2650 2935 2700 2979 et
2744 2923 3007 2994 quomodo
3052 2925 3181 2977 milii
3226 2923 3552 2976 commodius
3602 2923 3737 2976 verti
3781 2936 3932 2989 posse

681 3009 941 3073 rideatur,
966 3010 1233 3075 adnotari,
1268 3009 1321 3063 id
1355 3014 1554 3064 interea
1586 3011 1859 3066 doctorum
1888 3013 2118 3066 virorum
2139 3012 2346 3081 judicio
2379 3012 2694 3081 relinquens.
2724 3016 2838 3066 Hoc
2866 3020 3041 3064 autem
3078 3012 3177 3079 fuit
3203 3011 3501 3065 necessario
3523 3008 3846 3078 faciendum,
3872 3023 3934 3059 ne

681 3096 737 3149 id
765 3097 892 3149 mihi
912 3099 1156 3157 eveniret,
1188 3096 1326 3165 quod
1359 3098 1697 3167 aliquotaliis
1717 3099 1930 3151 minime
1953 3097 2347 3152 contemnendis
2395 3101 2595 3171 alioqui
2637 3100 3011 3169 interpretibus
3065 3099 3176 3168 qui,
3218 3097 3343 3150 dum
3396 3108 3613 3152 reterem
3656 3097 3935 3148 editionem

682 3194 929 3252 perpetuo
944 3194 1298 3253 sequerentur,
1323 3202 1413 3238 nec
1442 3186 1487 3238 si
1516 3185 1639 3253 quid
1662 3186 1839 3239 Cra’ce
1861 3186 2183 3251 discreparet
2202 3187 2255 3239 in
2273 3204 2332 3240 eo
2348 3204 2499 3256 quem
2523 3187 3011 3255 interpretabantur
3035 3194 3272 3248 auctore,
3298 3184 3567 3239 Lectorem
3595 3185 3934 3243 admonuere,

685 3275 850 3324 Pauli
888 3289 1036 3340 quem
1087 3271 1274 3324 Latine
1307 3272 1555 3325 habemus
1585 3273 1854 3326 contextui
1882 3274 2200 3327 dissimilem
2228 3276 2713 3343 interpretationem
2741 3290 3114 3343 nonnunquam
3138 3272 3494 3334 attulere:ut,
3521 3289 3621 3341 quo
3659 3272 3792 3323 nihil
3827 3286 3939 3322 esse

685 3367 852 3424 potest
889 3358 1194 3424 absurdius,
1232 3359 1380 3411 aliud
1412 3358 1619 3428 quidem
1650 3360 1842 3414 diceret
1872 3360 2102 3421 Paulus.
2134 3362 2235 3430 ipsi
2269 3378 2385 3415 vero
2421 3362 2571 3415 aliud
2592 3370 2929 3432 exponerent.
2978 3361 3172 3425 "abes,
3204 3358 3409 3421 Lector,
3442 3361 3542 3413 mei
3575 3361 3626 3412 in
3666 3358 3761 3411 hoc
3790 3374 3941 3421 Opere

688 3446 896 3499 consilii
937 3448 1217 3506 rationem.
1253 3465 1410 3515 quant
1451 3464 1597 3518 (equo
1632 3450 1811 3501 animo
1844 3450 2038 3518 accipe,
2070 3458 2117 3503 et
2153 3449 2476 3504 Theodoreto
2515 3461 2717 3515 nostro,
2759 3451 3025 3505 succincte
3058 3449 3287 3517 quidem,
3346 3447 3436 3501 sed
3471 3465 3572 3501 non
3607 3450 3781 3500 minus
3833 3446 3939 3503 ele-

688 3543 871 3600 ganter
898 3550 1053 3602 quam
1087 3536 1187 3598 pic,
1219 3533 1376 3585 Pauli
1396 3550 1605 3587 sensum
1640 3536 1954 3601 explicante,
1992 3546 2041 3590 et
2086 3539 2375 3591 sententias
2424 3540 2719 3601 sententiis,
2769 3538 2908 3609 quod
2947 3539 3000 3591 in
3060 3537 3233 3591 Paulo
3287 3538 3492 3591 ridetur
3548 3536 3938 3605 difficillimum,

692 3622 826 3672 miro
849 3622 1079 3689 artiﬁcio
1097 3630 1431 3675 connectente
1461 3625 1657 3691 fruere.
1692 3621 1825 3677 Cum
1857 3634 2034 3678 autem
2060 3640 2125 3678 ex
2149 3624 2263 3693 ejus
2296 3626 2515 3679 lectione
2550 3644 2655 3679 non
2683 3642 2894 3695 parum,
2945 3636 3002 3679 ut
3035 3641 3208 3693 spero.
3262 3626 3468 3694 fructus
3527 3625 3806 3688 acceperis,
3836 3638 3941 3675 mea

692 3719 863 3761 mento
889 3720 935 3762 te
952 3711 1057 3763 viro
1082 3711 1132 3762 in
1156 3711 1339 3775 primis
1366 3710 1662 3773 reverenda,
1681 3721 1728 3762 et
1746 3710 1811 3763 ad
1832 3712 2051 3779 fouenda
2072 3723 2118 3765 et
2136 3714 2490 3779 pramovenda
2514 3713 2789 3767 doctorum
2810 3714 3235 3766 virorumstudia
3256 3722 3401 3773 nato,
3429 3709 3686 3764 Marcello
3704 3709 3939 3767 Cercina.

690 3796 958 3849 cardinali
998 3797 1207 3851 Sancta:
1238 3795 1449 3858 Crucis,
1479 3813 1597 3850 eum
1628 3808 1901 3866 acceptum
1945 3799 2082 3868 ferre
2114 3800 2318 3865 debere,
2364 3802 2453 3869 qui
2496 3811 2543 3853 et
2586 3818 2703 3854 eum
2766 3798 2947 3853 Gra'ce
2992 3799 3453 3852 transcribendum
3495 3797 3717 3862 curarit,
3786 3812 3944 3865 eoque

696 3886 824 3938 mihi
882 3886 1170 3939 liberaliter
1210 3887 1617 3951 communicato,
1648 3898 1703 3939 ut
1729 3903 1844 3939 eum
1887 3885 2071 3941 Latine
2104 3898 2350 3941 verterem
2373 3899 2557 3941 auctor
2586 3889 2709 3958 fuit.
2746 3888 2877 3943 Cum
2913 3889 3010 3941 hoc
3050 3905 3177 3956 opus
3222 3889 3401 3941 rellem
3452 3888 3505 3939 in
3564 3886 3725 3939 lucem
3775 3884 3943 3949 edere,

698 3972 973 4027 admonuit
1005 3990 1084 4026 me
1113 3972 1403 4025 Guilelmus
1431 3972 1678 4034 Sirletus,
1715 3975 1793 4026 vir
1842 3971 2021 4027 (ἐι-(ιτα
2042 3984 2089 4027 et
2122 3974 2304 4027 Latine
2332 3976 2693 4037 doctissimus,
2733 3987 2781 4030 et
2807 3977 3088 4046 multiplici
3125 3994 3299 4030 rerum
3337 3976 3632 4045 cognitione
3668 3974 3942 4043 pra'ditm,

694 4059 984 4113 desiderari
1007 4060 1057 4112 in
1091 4064 1184 4112 hoc
1213 4061 1587 4113 commentario
1616 4059 1670 4113 id
1699 4060 1835 4129 quod
1861 4076 1924 4112 ea:
1976 4078 2035 4115 eo
2065 4063 2193 4115 citat
2221 4062 2373 4115 diuus
2411 4063 2639 4117 Thomas
2673 4066 2906 4132 Aquinas
2936 4067 2990 4117 in
3011 4064 3453 4132 opereAdvcrsns
3485 4076 3699 4117 errores
3730 4060 3949 4115 Gram-

698 4164 849 4221 rum,
883 4150 949 4201 ad
980 4148 1309 4213 probandum
1343 4148 1514 4219 ignem
1542 4150 1931 4218 purgatorium,
1959 4147 2237 4219 allegando
2264 4167 2377 4219 ejus
2415 4152 2567 4204 verba
2594 4154 2690 4205 hoc
2736 4153 2911 4205 modo.
2961 4172 2978 4201 ε
3007 4151 3362 4205 Theodoretus
3392 4151 3663 4217 episcopus
3704 4146 3947 4216 Cyri-usis

698 4250 855 4301 super
884 4235 1017 4287 illud
1037 4234 1063 4287 I
1086 4235 1208 4288 Cor.
1231 4233 1291 4288 Si
1318 4236 1467 4304 cujus
1485 4253 1613 4305 opus
1640 4238 1852 4298 arserit,
1879 4248 2010 4301 etc.,
2031 4238 2105 4289 sic
2132 4237 2257 4289 dicit
2278 4254 2295 4291 :
2313 4237 2454 4291 Dicit
2481 4239 2757 4307 Apostolus
2778 4238 2917 4309 quod
2943 4240 3236 4293 salvabitur
3262 4255 3353 4308 per
3373 4237 3744 4305 conflatorium
3783 4236 3951 4303 ignem

698 4334 1011 4393 purgantem
1056 4326 1312 4395 quidquid
1342 4326 1601 4379 interimit
1636 4341 1727 4394 per
1751 4327 2015 4379 cautelam
2053 4327 2337 4395 pra'terita:
2384 4328 2505 4380 ritcc
2534 4342 2598 4379 ea:
2626 4328 2832 4393 pulvere
2864 4328 3051 4381 saltem
3096 4328 3282 4396 pedum
3322 4326 3512 4379 terreni
3544 4340 3747 4387 sensus,
3779 4324 3832 4375 in
3850 4339 3950 4391 quo

701 4412 887 4464 tandm
921 4422 1095 4467 manet
1139 4413 1392 4484 quidquid
1425 4414 1766 4482 c0rpulentia:
1796 4423 1845 4468 et
1877 4415 2068 4467 terreni
2109 4413 2326 4481 affectus
2366 4413 2571 4466 inha'sit
2605 4424 2879 4482 purgetur,
2912 4431 3009 4477 pro
3040 4430 3141 4483 quo
3187 4425 3354 4466 mater
3394 4412 3636 4486 Ecclesia
3665 4411 3870 4464 hostias
3902 4419 3956 4463 et

700 4499 841 4552 dona
876 4502 1101 4568 paciﬁca
1146 4503 1323 4555 devote
1349 4503 1523 4570 offert,
1554 4512 1602 4555 et
1637 4504 1714 4556 sic
1743 4519 1834 4568 per
1860 4505 1954 4555 hoc
1984 4504 2210 4554 mundus
2240 4500 2521 4567 indeprius
2545 4502 2745 4563 exiens,
2777 4500 2991 4553 Domini
3016 4499 3252 4554 Sabaoth
3277 4499 3583 4567 purissimis
3631 4498 3797 4551 oculis
3849 4498 3949 4548 im-

702 4588 1001 4641 maculatus
1032 4591 1255 4645 assistit.
1280 4610 1296 4642 ι
1336 4590 1511 4658 Hujus
1543 4591 1638 4656 rei,
1672 4590 1851 4651 lector.
1875 4600 1920 4644 te
1954 4589 2340 4643 admonendum
2366 4605 2476 4644 esse
2505 4590 2706 4654 censui,
2738 4597 2794 4640 ut
2818 4588 2869 4640 id
2900 4589 2951 4641 in
2979 4598 3159 4641 nostro
3196 4587 3426 4654 defuisse
3451 4584 3739 4651 exemplari
3759 4584 3949 4636 intelli-

698 4692 815 4743 gas,
864 4692 953 4729 nec
981 4676 1138 4745 [idem
1160 4693 1349 4739 meam,
1373 4694 1531 4747 quam
1566 4679 1618 4731 in
1649 4678 2041 4746 interpretando
2064 4694 2142 4731 me
2178 4670 2486 4744 prazstitisse
2531 4676 2779 4739 arbitror,
2811 4675 3094 4729 desideres.
3132 4674 3197 4727 Ut
3227 4685 3399 4727 autent
3419 4675 3534 4742 quis
3549 4683 3596 4727 et
3623 4682 3850 4743 quantus
3878 4674 3957 4726 rir

706 4764 863 4829 fuerit
897 4763 1276 4828 Theodoretus,
1311 4773 1359 4818 et
1392 4766 1604 4835 quantis
1630 4765 1777 4834 ‘falso
1803 4765 2085 4818 calumniis
2114 4767 2372 4832 appetitus
2400 4766 2689 4834 intelligas,
2720 4766 2973 4834 subjunxi
3003 4768 3137 4818 duas
3164 4764 3419 4831 epistolas
3451 4762 3551 4831 (ι),
3584 4779 3745 4815 unam
3784 4752 3954 4830 ipsius

708 4851 1023 4907 Theodoreti
1066 4854 1135 4906 ad
1181 4852 1400 4908 Leonem
1453 4853 1749 4907 Romanum
1798 4855 2098 4922 pontiﬁcem
2136 4868 2202 4907 ex
2237 4853 2402 4919 ipsius
2452 4851 2763 4906 Theodoreti
2809 4853 3066 4919 epistolis,
3095 4868 3210 4922 qua:
3238 4853 3290 4904 in
3336 4849 3649 4903 bibliotheca
3697 4848 3956 4902 Vaticana

706 4939 964 4992 habentur
986 4951 1274 5011 acceptam,
1306 4944 1530 4995 alteram
1552 4940 1743 4995 Leonis
1772 4940 1840 4993 ad
1866 4942 2105 4995 eumdem
2132 4940 2513 4994 Theodoretum
2549 4941 2638 5007 qui
2670 4940 2811 5007 falso
2835 4941 3090 4994 scribitur
3117 4940 3477 4995 Theodoricus
3507 4937 3583 5007 (ἒ.)
3606 4955 3623 5000 ;
3662 4954 3779 5005 qua'
3802 4937 3958 5005 facile

704 5026 979 5082 declarant
1005 5028 1386 5085 Theodoretum
1406 5032 1571 5099 fuisse
1610 5031 1780 5084 virum
1812 5039 1859 5083 et
1896 5030 2152 5097 optimum
2173 5038 2221 5081 et
2250 5028 2404 5096 longe
2433 5025 2825 5089 doctissimum,
2879 5038 2927 5080 et
2962 5028 3101 5097 quod
3166 5027 3400 5080 maxime
3450 5024 3635 5092 refert,
3669 5024 3723 5076 in
3770 5024 3963 5093 primis

712 5115 1081 5173 orthodoxum.
1128 5118 1251 5173 Vale
1283 5128 1331 5173 et
1376 5120 1567 5187 fruere.

788 5295 850 5360 (')
885 5291 1213 5347 Sirmundns
1243 5308 1366 5348 cum
1402 5292 1697 5347 maximam
1725 5300 1935 5361 partem
1968 5288 2307 5360 praelationis
2337 5287 2679 5343 Hervetiame
2718 5289 2907 5344 nescio
2946 5309 2963 5344 ι
2988 5304 3056 5344 ua
3099 5289 3167 5345 de
3196 5303 3361 5344 causa
3391 5289 3859 5359 praetermisisset.
3886 5288 3963 5339 vi-

790 5382 835 5414 m
890 5371 973 5414 est
1012 5378 1130 5414 eam
1184 5363 1273 5414 hic
1320 5364 1589 5414 intearam
1628 5361 1903 5414 exhiberi.
1936 5359 2240 5414 praesertim
2272 5358 2402 5414 auia
2462 5360 2707 5414 continet
2738 5360 2889 5414 plura
2915 5306 2979 5414 at}
3013 5358 3450 5414 nersniciendam
3482 5360 3747 5414 rationem
3787 5368 3963 5413 textus

714 5358 839 5487 εἰκῆ
890 5371 973 5483 ἵει
1012 5378 1130 5444 eam
1184 5363 1273 5484 lqic
1320 5364 1589 5434 integram
1628 5358 1903 5426 exhiberi,
1936 5358 2240 5431 priescrtim
2272 5358 2402 5429 quia
2462 5360 2707 5415 continet
2737 5360 2889 5429 plura
2915 5358 2979 5414 ad
3012 5358 3450 5431 perspiciendum
3482 5360 3747 5416 rationem
3787 5368 3965 5413 textus

807 5447 887 5484 em
913 5441 1047 5486 ureti
1093 5449 1189 5487 oro
1220 5443 1400 5487 ntura.

807 5443 1047 5486 emtorem
1093 5443 1400 5502 prol’ntura.

789 5502 866 5572 ll)
898 5502 992 5572 [ire
1025 5501 1126 5556 suo
1152 5504 1273 5557 loco
1306 5504 1448 5558 inter
1473 5511 1699 5559 caeteras
1730 5502 1995 5572 epistolas
2025 5501 2392 5572 reperientur.

792 5571 868 5636 t9.)
908 5570 1136 5629 Videtur
1159 5573 1428 5631 llcrvctus
1458 5574 1699 5631 scribere
1730 5569 1971 5632 voluisse
2006 5592 2018 5629 :
2050 5569 2134 5626 A'd
2152 5570 2389 5626 eumdem
2425 5569 2802 5626 'l'heodoretum
2842 5572 2931 5641 qui
2960 5570 3098 5639 falso
3132 5571 3386 5628 scribitur
3420 5569 3788 5627 Theodoritus.

2264 5790 2265 5793 η
2308 5777 2375 5790 m
