4194 6432
749 395 819 459 39
1733 391 2221 453 THEODORETI
2251 391 2592 455 EPISCOPI
2621 395 2987 458 CYRENSIS
3934 399 4008 467 ιο

747 507 1072 573 cedonibus,
1095 516 1148 561 et
1175 504 1626 570 Atheniensibus,
1643 512 1697 560 et
1724 504 2050 569 Corinthiis,
2075 511 2134 558 ut
2161 503 2316 559 docet

2427 509 2565 576 μετὰ
2586 507 2645 560 τὸ
2675 508 2908 580 κηρῦξαι
2940 506 3239 580 Μακεδόσι,
3274 511 3368 567 κα)⁸
3406 512 3731 586 Ἀθηναίοις,
3769 514 3862 571 καὶ
3894 517 4008 571 Κοδ

750 598 981 652 historia
1034 598 1269 652 Actuum
1312 597 1713 669 apostolorum.
1754 595 2064 649 Secundam
2101 612 2321 666 quoque

752 690 815 743 ad
848 688 1163 744 Corinthios
1201 695 1325 757 post
1374 702 1494 741 eam
1544 688 1810 757 scriptam
1860 701 1982 740 esse
2036 688 2319 742 existimo.

748 785 884 839 Cum
933 786 1100 848 enim,
1134 790 1194 836 ut
1244 792 1364 837 erat
1409 782 1715 852 pollicitus,
1753 781 1819 834 ad
1872 795 1970 835 eos
2005 783 2237 844 veniret,
2268 790 2322 835 et

750 877 1089 947 aliquantum
1123 875 1385 945 temporis
1420 874 1476 927 in
1517 871 1839 927 Macedonia
1885 871 2131 934 duceret,
2167 872 2322 926 illinc

750 968 995 1039 scripsit.
1028 967 1093 1021 Et
1144 966 1248 1021 hoc
1292 981 1489 1020 rursus
1543 965 1598 1018 in
1642 964 1832 1019 eadem
1873 963 2108 1033 epistola
2141 964 2323 1018 decla-

751 1062 913 1114 ravit.
939 1060 1074 1113 Cum
1102 1061 1249 1113 enim
1286 1073 1427 1127 quas
1458 1057 1514 1110 in
1543 1056 1671 1110 Asia
1703 1066 1758 1109 ct
1789 1056 1844 1109 in
1877 1054 2096 1111 Troade
2119 1056 2322 1111 subiis-

750 1164 833 1209 Sel.
859 1153 1179 1207 alilietiones
1219 1159 1527 1212 narrasset,
1565 1164 1798 1217 pergens
1832 1149 1886 1201 in
1922 1149 2104 1203 medio
2132 1149 2266 1204 dicit
2304 1167 2318 1207 :

753 1266 770 1299 ι
806 1246 938 1299 Nam
967 1255 1019 1299 et
1046 1262 1171 1299 cum
1204 1246 1552 1299 venissemus
1590 1243 1642 1296 in
1678 1242 2081 1307 Macedoniam,
2112 1243 2319 1296 nullam

744 1340 983 1408 quietem
1028 1339 1219 1391 habuit
1249 1353 1378 1389 caro
1417 1345 1609 1389 nostra
1651 1355 1664 1389 :
1698 1335 1793 1390 sed
1824 1349 2044 1388 omnem
2084 1335 2319 1389 tribula-

745 1435 947 1487 tionem
983 1434 1128 1502 passi
1183 1447 1396 1484 sunius.
1426 1428 1584 1483 Foris
1622 1443 1834 1498 pugnae,
1875 1428 2027 1480 intus
2069 1428 2317 1482 timores.

748 1522 851 1575 Sed
879 1523 970 1589 qui
1013 1522 1331 1573 consolatur
1366 1519 1623 1577 humiles,
1658 1518 1977 1572 consolatus
2013 1531 2100 1571 eSt
2129 1532 2230 1571 nos
2265 1517 2317 1570 in

745 1614 978 1667 adventu
1008 1612 1136 1665 Titi.
1160 1610 1275 1665 Non
1300 1611 1477 1663 solum
1508 1619 1690 1662 autem
1721 1609 1773 1661 in
1803 1609 2094 1677 praesentia
2124 1609 2318 1677 ipsius,

745 1706 838 1759 sed
871 1704 1039 1759 etiam
1089 1704 1142 1757 in
1194 1702 1593 1761 consolatione,
1625 1714 1733 1768 qua
1779 1700 2101 1754 consolatus
2130 1709 2215 1753 est
2262 1699 2316 1752 in

746 1798 901 1852 vobis
935 1797 979 1849 ⁸.
1017 1815 1035 1846 i
1087 1794 1151 1847 Et
1182 1809 1375 1848 rnrsus
1410 1811 1423 1846 :
1466 1812 1483 1842 ι
1521 1790 1718 1845 Notam
1766 1801 1947 1845 autem
1984 1791 2143 1845 Vobis
2183 1790 2318 1844 faci-

2430 599 2672 669 ptv8i0t;,
2703 600 2950 668 ἀφίκετο,
2983 602 3059 665 ὡς
3095 605 3127 673 ὴ
3163 603 3271 657 τῶν
3312 606 3571 677 Πράξεων
3620 610 3827 680 ίστορία
3857 609 4005 662 διδά-

2430 708 2568 745 σκει.
2628 693 2736 745 Καὶ
2779 694 2877 764 τὴν
2919 694 3176 766 δευτέραν
3226 696 3282 749 δὲ
3336 699 3473 770 πρὸς
3502 699 3823 771 Κορινθίους
3866 705 4005 771 μετά

2427 786 2630 855 ταύτην
2658 787 2900 857 ἡγοῦμαι
2930 788 3258 859 γεγράφθαι.
3297 792 3455 844 Κατὰ
3494 794 3603 864 γάρ
3641 795 3707 866 δὴ
3739 798 3837 858 τάς
3876 797 4007 851 ὐπο-

2430 879 2661 947 σχέσεις,
2698 880 2833 951 πρὸς
2874 881 3071 944 αὐτοὺς
3105 883 3526 956 ἀφικνούμενος,
3559 888 3655 940 καὶ
3688 891 3916 961 σμικρὸν
3946 891 4007 941 ὲν

2425 972 2492 1040 τῇ
2520 970 2827 1042 Μακεδονία
2856 973 3046 1045 χρόνον
3077 974 3299 1042 διάγων,
3328 977 3536 1031 ἐκεῖθεν
3574 978 3871 1045 ἐπέστειλε,
3909 985 4005 1035 καὶ

2425 1060 2584 1114 τοῦτο
2613 1062 2775 1117 πάλιν
2808 1065 2865 1115 ὲν
2894 1064 3030 1135 αὐτῇ
3062 1067 3126 1135 τῇ
3151 1065 3405 1137 ἐπιστολῇ
3436 1068 3728 1139 δεδήλωκε.
3760 1071 3867 1134 Τάς
3895 1072 4005 1141 γάρ

2427 1154 2568 1205 κατὰ
2603 1154 2703 1224 τὴν
2736 1153 2919 1207 Ἀσίαν
2940 1154 3336 1226 διηγησάμενος
3361 1158 3588 1227 θλίψεις,
3610 1158 3703 1213 καὶ
3736 1161 3878 1215 κατά
3903 1163 4005 1232 τὴν

2427 1244 2673 1314 Τρωάδα,
2698 1243 2982 1310 διεξελθὼν
3010 1248 3067 1300 ἐν
3097 1247 3174 1317 τῷ
3209 1249 3360 1319 μέσῳ
3381 1251 3539 1322 φησί’
3580 1272 3599 1305 ι
3636 1253 3749 1306 Kal
3782 1253 3888 1324 γάρ
3920 1255 4005 1307 ἐλ-

2427 1335 2627 1389 θόντων
2660 1336 2818 1407 ἡμῶν
2846 1340 2927 1398 είς
2953 1340 3316 1405 Μακεδονίαν,
3349 1342 3607 1413 οὐδεμίαν
3630 1344 3812 1399 ἄνεσιν
3844 1346 4005 1415 ἔσχη-

2427 1445 2520 1481 κεν
2553 1430 2584 1498 ἡ
2616 1428 2753 1499 σὰρξ
2776 1429 2953 1499 ἡμῶν,
2978 1430 3093 1483 ἀλλ’
3118 1434 3177 1485 ἐν
3222 1433 3386 1486 παντὶ
3425 1434 3734 1506 θλιϐόμενοι
3762 1453 3781 1484 ο.
3805 1437 4003 1501 ἔξωθεν

2430 1521 2623 1590 μάχαι,
2656 1521 2856 1574 ἔσωθεν
2884 1522 3054 1590 φόϐοι·
3089 1524 3204 1578 ἀλλ’
3235 1526 3263 1577 6
3304 1529 3639 1596 παρακαλῶν
3668 1530 3792 1593 τοὺς
3819 1547 4005 1583 ταπει-

2425 1612 2550 1674 νοὺς
2580 1612 2955 1682 παρεκάλεσεν
3004 1617 3148 1685 ἡμᾶς
3193 1619 3249 1669 ἐν
3281 1622 3346 1689 τῇ
3383 1621 3654 1690 παρουσίᾳ
3704 1622 3864 1674 Τίτου
3898 1639 3909 1649 ·
3940 1622 4000 1673 οῦ

2429 1704 2588 1773 μόνον
2619 1704 2675 1757 δὲ
2707 1704 2764 1757 ἐν
2791 1708 2857 1775 τῇ
2885 1709 3160 1778 παρουσίᾳ
3179 1709 3366 1777 αὐτοῦ,
3402 1711 3538 1764 ἀλλά
3580 1713 3675 1765 καὶ
3714 1715 3770 1765 ἐν
3800 1717 3863 1784 τῇ
3897 1732 4002 1766 πα-

2429 1793 2691 1865 ρακλήσει
2736 1789 2768 1869 ᾖ
2812 1798 3225 1869 παρακέκληται
3281 1802 3365 1869 ἐφ’
3400 1803 3546 1871 ὑμῖν.
3592 1824 3609 1855 ι
3654 1805 3761 1857 Kal
3806 1806 3998 1858 πάλιν*

745 1905 869 1943 nius
914 1890 1113 1942 fratres
1152 1889 1384 1956 gratiam
1442 1885 1533 1940 Dei
1589 1885 1770 1937 datam
1828 1883 2095 1938 Ecclesiis
2137 1882 2313 1937 Mace-

2440 1906 2457 1937 ι
2492 1886 2833 1956 Γνωρίζομεν
2854 1888 2875 1919 ⁸
2900 1888 2954 1941 δὲ
2972 1890 3120 1959 ὑμῖν,
3146 1891 3383 1960 ἀδελφοὶ,
3401 1893 3501 1963 τὴν
3523 1896 3685 1964 χάριν
3715 1896 3808 1947 τοῦ
3839 1896 3999 1959 Θεοῦ,

746 1974 940 2033 (Ιυιιῐέιξ.
983 1999 1000 2031 ι
1051 1979 1114 2031 Et
1145 1994 1384 2033 rursus:
1439 1996 1457 2027 ι
1497 1975 1572 2030 Na
1623 1992 1746 2029 cum
1802 1976 2050 2029 venerint
2103 1990 2316 2028 mecum

746 2069 1065 2123 Macedones
1092 2068 1141 2121 ιι.
1188 2087 1207 2119 ι
1248 2066 1508 2131 Quintam
1576 2066 1841 2134 scriptam
1907 2079 2032 2119 esse
2061 2064 2318 2117 existimo

746 2162 980 2230 priorem
1019 2160 1085 2213 ad
1135 2158 1506 2212 Timotheum.
1554 2156 1685 2211 Post
1720 2156 1769 2227 5
1814 2156 2138 2227 prooemium
2170 2156 2314 2210 enim

744 2260 759 2274 ‘
796 2254 931 2307 dicit
962 2272 973 2305 :
1002 2271 1018 2302 ι
1055 2251 1209 2304 Sicut
1231 2248 1416 2319 rogavi
1437 2260 1486 2301 te
1523 2256 1580 2301 ut
1614 2263 1930 2302 rcnianeres
1957 2248 2161 2317 Ephesi
2189 2263 2314 2303 cum

743 2345 879 2399 irem
922 2342 979 2398 in
1031 2342 1407 2395 Macedoniam
1436 2338 1481 2393 ί.
1523 2358 1541 2390 ι
1588 2338 1751 2393 Docet
1795 2348 1976 2393 autem
2015 2354 2118 2394 nos
2150 2340 2315 2393 etiam

742 2440 977 2490 Actuuin
1030 2434 1285 2497 historia,
1319 2432 1462 2501 quod
1517 2432 1739 2500 quando
1794 2432 2029 2501 primum
2066 2431 2214 2486 venit
2261 2431 2316 2484 in

742 2527 1140 2588 Macedoniam,
1190 2526 1431 2601 nondum
1485 2523 1707 2593 quidem
1748 2521 2024 2593 Ephesum
2069 2531 2316 2577 venerat.

746 2642 764 2674 ι
805 2619 1073 2673 Prohihiti
1116 2618 1289 2681 enim,
1327 2617 1528 2686 inquit,
1561 2616 1779 2671 fuerant
1836 2632 1866 2669 a
1905 2614 2111 2685 Spiritu
2168 2616 2315 2687 loqui

740 2715 968 2770 verbum
1015 2713 1070 2765 in
1118 2711 1248 2765 Asia
1282 2708 1327 2762 ί.
1381 2728 1398 2760 ι
1452 2708 1655 2762 Aderat
1698 2717 1878 2762 autem
1930 2723 2038 2761 una
2094 2724 2217 2763 cum
2251 2725 2317 2763 eo

740 2806 903 2860 etiam
961 2803 1299 2855 Timotheus.
1369 2799 1525 2865 Quod
1594 2808 1779 2868 aperte
1859 2815 2080 2869 quoque
2158 2799 2317 2853 docet

739 2896 971 2951 Actuum
1042 2894 1299 2946 historia.
1340 2890 1473 2944 Nam
1533 2907 1658 2944 eum
1717 2888 1889 2942 Judwi
1958 2906 2024 2943 ex
2078 2887 2316 2943 Thcssa-

742 2989 917 3042 lonica
969 2986 1279 3039 Berrlitcaui
1332 2983 1647 3045 venissent,
1685 2989 1737 3035 et
1775 2979 2187 3034 multitudinem
2247 2981 2314 3032 ad

740 3078 1070 3133 seditionem
1104 3077 1503 3135 concitasscnt,
1529 3071 1755 3125 divinus
1775 3071 1997 3141 quidem
2017 3070 2316 3140 Apostolus

739 3170 979 3225 Athenas
1032 3167 1304 3236 navigavit
1356 3183 1368 3219 :
1429 3183 1447 3215 ‹
1486 3163 1809 3217 Manserunt
1858 3173 2065 3227 autem,
2109 3164 2310 3233 inquit,

741 3260 885 3314 Silas
923 3267 978 3313 et
1018 3255 1343 3309 Timotheus
1390 3255 1502 3308 illic
1528 3254 1577 3307 ιι.
1623 3273 1641 3305 ι
1684 3252 1749 3306 Et
1802 3268 2018 3317 rursus,
2050 3269 2177 3307 cum
2225 3270 2309 3318 ea,

740 3368 866 3423 quae
896 3349 1143 3406 Corinthi
1179 3360 1299 3401 acta
1343 3356 1494 3412 sunt,
1539 3345 1781 3414 scriptor
1810 3352 2079 3409 narraret,
2111 3352 2165 3397 et
2215 3345 2315 3398 do-

740 3449 889 3497 ceret
919 3437 1200 3510 quomodo
1235 3436 1455 3490 divinus
1500 3434 1803 3505 Apostolus
1853 3436 1907 3488 in
1938 3449 2215 3505 synagoga
2261 3436 2313 3487 in

740 3534 894 3588 omni
930 3531 1173 3585 Sabbato
1206 3528 1477 3592 docuerit,
1513 3535 1568 3582 et
1596 3526 1747 3594 quod
1776 3524 1984 3581 Judaais
2014 3536 2069 3580 et
2109 3525 2315 3582 Graecis

742 3622 1102 3694 persuaserit,
1151 3617 1445 3687 subiunxit
1480 3635 1494 3672 :
1539 3635 1558 3667 ι
1601 3614 1902 3685 Postquam
1936 3624 2118 3684 autem
2152 3632 2316 3671 vene-

740 3723 872 3772 runt
925 3730 991 3768 ex
1022 3711 1343 3767 Macedonia
1388 3707 1533 3763 Silas
1584 3716 1638 3763 et
1687 3707 2036 3773 Timotheus,
2072 3708 2316 3763 instabat

740 3809 912 3865 verbo
970 3805 1198 3867 Paulus,
1255 3792 1557 3858 testiticans
1615 3798 1857 3867 Iudaeis,
1938 3800 2125 3855 .Iesum
2193 3815 2318 3856 esse

741 3899 1020 3957 Christum
1048 3894 1092 3949 ι.
1134 3916 1153 3948 ι
1187 3894 1410 3949 Clarum
1463 3902 1549 3949 est
1597 3908 1730 3964 ergo
1767 3893 1940 3964 quod,
1967 3893 2189 3964 quando
2231 3911 2316 3949 sc-

742 3989 923 4047 eundo
966 4003 1033 4042 ex
1057 3985 1274 4056 Epheso
1316 3984 1466 4039 venit
1501 3985 1698 4039 beatus
1732 3982 1938 4039 Paulus
1976 3985 2030 4037 in
2063 3983 2317 4037 Macedo-

741 4083 887 4137 niam
922 4120 937 4145 ,
976 4089 1107 4131 tunc
1160 4076 1275 4130 illic
1319 4076 1588 4145 Optimum
1644 4072 1995 4128 Timotheum
2049 4073 2312 4141 reliquit,

741 4183 801 4228 ut
839 4184 1031 4226 eorum
1073 4182 1264 4223 curam
1311 4175 1545 4239 gereret,
1588 4165 1681 4235 qui
1714 4165 2014 4221 salutarem
2046 4164 2315 4235 praedica-

741 4264 947 4317 tionem
979 4265 1355 4328 susceperant.
1385 4256 1518 4312 Post
1552 4256 1717 4321 hanc,
1744 4270 1864 4310 eam
1900 4270 2024 4310 esse
2053 4257 2316 4325 scriptam

738 4355 1019 4414 existimo,
1054 4364 1177 4421 qua:
1221 4349 1292 4402 ad
1323 4348 1509 4402 Titum
1557 4350 1732 4402 missa
1770 4354 1876 4402 est;
1907 4346 2045 4401 Cum
2077 4348 2225 4401 enim
2261 4347 2316 4400 in

740 4447 854 4503 illis
885 4445 1065 4498 adhuc
1086 4443 1228 4498 locis
1249 4442 1454 4495 Paulus
1485 4448 1693 4510 ageret,
1718 4439 1889 4508 jussit
1912 4439 2037 4493 Tito
2066 4446 2126 4493 ut
2158 4439 2227 4493 ad
2259 4455 2318 4494 se

2420 1980 2516 2049 τὴν
2546 1980 2835 2051 δεδομέκην
2870 1984 2989 2044 ταῖς
3036 1984 3385 2054 Ἐκκλησίαις
3418 1986 3519 2055 τῆς
3578 1986 3933 2051 Μακεδονίας.
3977 2009 3996 2040 ι

2420 2072 2530 2125 Καὶ
2554 2069 2710 2134 αὖθις
2743 2089 2755 2102 ο
2798 2092 2815 2123 ι
2862 2074 3073 2143 Μήπως
3107 2076 3201 2128 ἐάν
3225 2077 3416 2130 ἔλθωσι
3453 2079 3549 2132 σὺν
3592 2080 3713 2148 ἐμοὶ
3748 2081 4000 2133 Μακεδό-

2423 2180 2534 2226 νες.
2565 2182 2582 2213 ι
2620 2164 2888 2233 Πέμπτην
2920 2164 3159 2236 ἠγοῦμαι
3213 2167 3521 2238 γεγράφθαι
3573 2169 3680 2221 τῶν
3719 2171 3853 2240 πρὸς
3902 2171 4000 2222 Τι-

2423 2254 2614 2324 μόθεον
2662 2256 2760 2324 τὴν
2812 2256 3103 2327 προτέραν.
3153 2259 3306 2311 Μετά
3342 2259 3449 2330 γάρ
3483 2259 3546 2331 δὴ
3605 2262 3666 2313 τὸ
3715 2261 4000 2332 προοίμιον

2418 2343 2561 2397 οὕτω
2591 2345 2723 2415 φησί
2760 2361 2772 2373 ·
2806 2364 2824 2397 ι
2865 2346 3067 2410 Καθὼς
3100 2349 3456 2417 παρεκάλεσά
3490 2368 3547 2403 σε
3582 2356 3906 2423 προσμεῖναι
3940 2354 4001 2405 ὲν

2431 2436 2661 2507 Ἐφέσῳ,
2691 2437 3055 2507 πορευόμενος
3079 2440 3159 2503 είς
3187 2440 3551 2495 Μακεδονίαν.
3595 2462 3613 2494 ι
3656 2443 3907 2497 Διδάσκει
3941 2443 4000 2496 δὲ

2417 2530 2566 2600 ἡμᾶς
2603 2528 2698 2582 καὶ
2720 2530 2752 2599 ἡ
2777 2529 2881 2582 τῶν
2904 2530 3165 2601 Πράξεων
3193 2534 3424 2603 ἱστορία,
3451 2533 3525 2596 ὠς
3555 2534 3715 2604 ἡνίκα
3747 2535 3806 2587 τὸ
3851 2535 4001 2605 πρῶ-

2417 2640 2507 2675 τον
2532 2624 2611 2684 εἰς
2634 2621 2733 2692 τὴν
2764 2623 3101 2676 Μακεδονίαν
3134 2624 3384 2691 ἀφίκετο,
3420 2626 3630 2679 οὐδέπω
3661 2626 3757 2694 μὲν
3788 2627 3864 2687 εἰς
3898 2625 3999 2693 τὴν

2422 2716 2653 2781 Ἔφεσον
2688 2714 2986 2784 ὲληλύθειΑ
3029 2714 3415 2785 Ἐκωλύθησαν
3446 2716 3555 2787 γάρ
3579 2717 3683 2769 ὑπὸ
3704 2715 3798 2768 τοῦ
3833 2715 3999 2767 Πνεῦ-

2422 2824 2587 2876 ματος
2609 2807 2860 2876 λαλῆσαι,
2893 2809 3047 2876 φησι,
3081 2808 3353 2876 τὸνλόγον
3375 2810 3433 2860 ὲν
3462 2812 3527 2879 τῇ
3565 2808 3736 2879 Ἀσία.
3772 2828 3790 2859 ι
3825 2809 3999 2879 Συνῆν

2417 2896 2473 2949 δέ
2498 2915 2559 2966 γε
2593 2897 2741 2967 αὐτῷ
2775 2898 2867 2949 καὶ
2893 2900 2920 2950 6
2948 2897 3211 2967 Τιμόθεος
3242 2915 3252 2926 ·
3280 2899 3375 2952 καὶ
3414 2899 3569 2951 τοῦτο
3600 2901 3786 2968 σαφῶς
3835 2901 3929 2951 καὶ
3967 2902 3998 2969 ἡ

2417 2988 2525 3041 τῶν
2560 2989 2816 3058 Πράξεων
2850 2989 3062 3058 ἱστορία
3091 2989 3352 3043 διδάσκει.
3384 2990 3503 3043 Τῶν
3531 2992 3640 3061 γάρ
3669 2992 3775 3043 ἀπὸ
3799 2991 4000 3045 Θεσσαο

2417 3076 2635 3147 λονίκης
2673 3076 2939 3129 Ἰουδαίων
2973 3078 3053 3138 είς
3075 3077 3175 3147 τὴν
3208 3078 3472 3149 Βέρῤοιαν
3505 3080 3874 3149 ἀφικομένων,
3902 3081 3999 3133 καὶ

2418 3166 2478 3221 τὸ
2502 3168 2705 3238 πλῆθος
2730 3168 3065 3238 ὲγειράντων
3093 3170 3172 3231 είς
3210 3172 3419 3233 στάσιν,
3456 3174 3482 3223 6
3518 3171 3618 3240 μὲν
3649 3171 3790 3234 θεῖος
3833 3173 4001 3225 Ἀπό-

2418 3259 2603 3320 στολος
2640 3262 2718 3321 εἰς
2763 3260 2863 3321 τάς
2904 3259 3135 3329 Ἀθήνας
3162 3262 3503 3315 ἀπέπλευσεν
3536 3280 3551 3294 ο
3597 3281 3615 3313 ι
3674 3263 3999 3333 Ἐπέμειναι

2414 3351 2490 3415 δὲ,
2522 3351 2706 3421 φησὶν,
2739 3351 2767 3403 ὃ
2783 3367 2840 3404 τε
2871 3350 3030 3414 Σίλας
3061 3352 3153 3405 καὶ
3175 3355 3203 3405 6
3224 3353 3485 3423 Τιμόθεος
3508 3356 3645 3410 ἐκεῖ.
3663 3376 3679 3406 ι
3706 3358 3814 3413 Καὶ
3837 3358 3999 3411 πάλιν

2415 3443 2486 3494 τά
2522 3443 2663 3496 κατὰ
2692 3442 2791 3513 τὴν
2822 3442 3083 3514 Κόρινθον
3142 3446 3171 3498 6
3221 3446 3575 3516 συγγραφεὺς
3619 3447 3995 3517 διηγούμενος,

2416 3535 2512 3587 καὶ
2539 3534 2803 3588 διδάσκων
2845 3535 2991 3597 ὅπως
3036 3537 3064 3588 6
3099 3536 3240 3598 θεῖος
3286 3537 3608 3601 Ἀπόστολος
3640 3538 3913 3606 διελέγετο
3940 3543 4001 3593 ἐν

2416 3628 2483 3696 τῇ
2508 3628 2795 3696 συναγωγῇ
2822 3627 2962 3679 κατά
2990 3628 3098 3680 πᾶν
3153 3627 3432 3682 Σάδῦατον
3456 3670 3469 3692 ,
3521 3632 3617 3683 καὶ
3658 3632 3737 3684 ὅτι
3782 3632 4001 3685 ἔπεισεν

2430 3713 2716 3778 Ἰουδαίους
2746 3732 2804 3767 τε
2834 3715 2927 3774 καὶ
2960 3716 3255 3787 Ἕλληνας,
3295 3720 3574 3788 ἐπήγαγεν
3599 3737 3612 3749 ⁸
3644 3739 3661 3771 ι
3706 3722 3791 3785 Ὠς
3813 3723 3871 3775 δὲ
3900 3718 4003 3793 ἦλ’

2419 3802 2509 3857 θον
2540 3804 2648 3857 ἀπὸ
2672 3804 2769 3874 τῆς
2813 3806 3171 3871 Μακεδονίας,
3206 3809 3234 3861 ὂ
3261 3825 3317 3861 τε
3348 3809 3509 3873 Σίλας
3543 3812 3635 3865 καὶ
3658 3814 3686 3865 6
3714 3814 4000 3882 Τιμόθεος,

2421 3897 2695 3966 συνείχετο
2727 3896 2805 3967 τῷ
2846 3897 2990 3969 λόγῳ
3016 3899 3045 3951 ὁ
3090 3899 3323 3965 Παῦλος,
3349 3900 3855 3975 διαμαρτυρόμενος
3888 3911 4000 3970 τοῖς

2431 3988 2705 4052 Ἰουδαίοις
2752 3990 2844 4043 τὸν
2884 3991 3118 4061 Χριστὸν
3160 3991 3390 4063 Ἰησοῦν.
3423 4013 3442 4045 ι
3471 3995 3639 4065 Δῆλον
3683 3998 3883 4063 τοίνυν,
3923 4000 4001 4062 ὡς

2416 4082 2581 4150 ἡνίκα
2610 4081 2670 4133 τὸ
2715 4082 2965 4152 δεύτερον
3010 4084 3120 4137 ἀπὸ
3147 4086 3248 4155 τῆς
3300 4086 3524 4155 Ἐφέσου
3547 4091 3874 4158 παρεγίνετο
3919 4094 4001 4154 είς

2416 4175 2517 4244 τὴν
2553 4175 2892 4229 Μακεδονίαν
2924 4180 2952 4229 ό
2984 4178 3255 4249 μακάριος
3280 4181 3513 4248 Παῦλος,
3552 4184 3675 4236 τότε
3698 4186 3791 4239 τὸν
3823 4188 4001 4239 πάντα

2418 4267 2637 4337 ἄριστον
2664 4267 2927 4337 Τιμόθεον
2957 4270 3075 4322 ἐκεῖ
3128 4272 3538 4338 καταλέλοιπεν,
3570 4276 3649 4338 είς
3683 4278 4002 4347 ἐπιμέλειαν

2418 4360 2526 4412 τῶν
2557 4359 2866 4428 δεξαμένων
2889 4360 2950 4414 τὸ
2979 4364 3245 4434 σωτήριον
3274 4366 3557 4436 κήρυγμα.
3589 4369 3743 4425 Μετὰ
3772 4370 3999 4441 ταύτην,

2420 4451 2790 4520 ὑπολαμϐάνω
2812 4453 2910 4522 τὴν
2937 4454 3074 4522 πρὸς
3108 4457 3264 4507 Τίτον
3295 4459 3623 4527 γεγράφθαι.
3658 4462 3745 4514 Ἐν
3772 4462 4001 4527 ἐκείνοις

739 4538 971 4595 veniret.
1005 4535 1098 4590 Sic
1131 4543 1313 4588 autem
1345 4532 1480 4587 dicit
1514 4550 1527 4585 :
1564 4548 1583 4582 ι
1618 4529 1757 4584 Cum
1787 4531 1992 4586 misero
2021 4529 2088 4584 ad
2132 4540 2185 4583 te.
2214 4534 2316 4584 Ar-

2421 4542 2526 4613 γάρ
2559 4542 2639 4595 ἔτι
2663 4543 2862 4611 διάγων
2909 4547 3022 4607 τοῖς
3053 4547 3264 4615 μέρεσι,
3299 4551 3625 4603 καταλαϐεῖν
3667 4554 3830 4606 αὐτὸν
3856 4573 4003 4627 παρ-

737 4640 963 4694 temam,
990 4628 1075 4683 vel
1106 4626 1431 4698 Tychicuni,
1468 4624 1670 4678 festina
1714 4622 1781 4676 ad
1820 4639 1907 4678 me
1938 4624 2126 4677 venire
2157 4622 2317 4677 Nico-

739 4721 933 4793 polim;
972 4719 1047 4773 ibi
1075 4719 1220 4773 enim
1249 4717 1421 4771 statui
1452 4716 1698 4770 hiemare
1725 4725 1786 4768 ’³.
1833 4733 1852 4766 ι
1894 4714 2097 4770 Dicunt
2131 4722 2322 4771 autem”

738 4814 1050 4884 Nicopolim
1083 4826 1209 4867 esse
1256 4810 1452 4865 urbem
1482 4807 1754 4871 Thraciae,
1798 4805 2135 4862 Macedonia:
2188 4821 2318 4876 pro-

742 4908 1026 4977 pinquam.
1068 4903 1368 4974 Septimam
1406 4901 1555 4956 misit
1584 4900 1652 4955 ad
1683 4898 1985 4954 Romanos.
2024 4898 2155 4955 Post
2190 4900 2315 4955 illas

738 4999 886 5055 enim
920 4982 1110 5052 omnes
1145 5010 1204 5052 se
1224 4995 1371 5049 hanc
1397 4995 1455 5065 6
1482 4992 1775 5063 scripsisse
1802 4992 1987 5047 docet.
2017 4990 2109 5046 Sic
2132 4998 2313 5046 autem

737 5096 876 5153 dicit
907 5113 923 5151 :
958 5114 977 5147 ι
1014 5094 1171 5149 Nunc
1197 5093 1366 5164 igitur
1411 5090 1734 5161 proﬁciscor
1769 5088 1828 5142 in
1863 5084 2173 5142 Jerusalem
2210 5086 2314 5141 mi-

738 5191 981 5246 nistrare
1028 5187 1258 5245 sanctis.
1290 5184 1671 5240 Probaverunt
1714 5183 1860 5235 enim
1902 5178 2226 5234 Macedonia
2257 5187 2314 5233 et

736 5282 944 5336 Achaia
996 5280 1345 5336 collationem
1387 5276 1631 5346 aliquam
1686 5273 1868 5328 facere
1921 5272 1982 5325 in
2031 5286 2310 5342 pauperes

736 5382 960 5428 sanctos
984 5372 1079 5443 qui
1116 5378 1249 5427 sunt
1286 5368 1340 5423 in
1373 5365 1678 5423 Jerusalem
1710 5370 1761 5417 ³.
1812 5381 1833 5416 ι
1862 5360 1941 5417 De
1989 5361 2077 5418 his
2127 5369 2307 5417 autem

814 5551 839 5588 ⁵
879 5553 900 5609 Ι
930 5553 1057 5609 Cor.
1085 5570 1219 5620 vm,
1253 5554 1304 5611 1.
1380 5555 1410 5595 ιι
1449 5553 1493 5610 ιι
1532 5556 1657 5611 Cor.
1690 5570 1779 5621 ix,
1812 5552 1866 5608 ι.

735 5632 776 5666 ιη
810 5626 915 5681 Tit.
951 5641 1047 5690 ιιι,
1082 5626 1169 5681 12.
1243 5632 1275 5663 ι
1310 5624 1472 5681 Rom.
1503 5642 1592 5691 xv,
1626 5623 1717 5680 26.

1949 5552 1966 5593 ί
2010 5552 2031 5608 l
2069 5553 2312 5609 Timoth.
2350 5556 2463 5621 t,5.
2502 5554 2515 5605 ἱ
2565 5557 2688 5613 Act.
2724 5573 2836 5626 nt,
2855 5558 2905 5614 6.
2948 5560 2974 5601 ι
3010 5561 3132 5618 Act.
3170 5578 3312 5628 xvn,
3346 5563 3433 5618 14.

2422 4634 2689 4703 ηγγύησε.
2731 4635 2895 4701 Λέγει
2918 4635 2975 4688 δὲ
3008 4636 3200 4700 οὕτως’
3237 4658 3255 4689 ι
3292 4640 3458 4693 Ὅταν
3486 4642 3691 4712 πέμψω
3729 4647 4001 4716 ’ΛρτεμΞν

2420 4722 2671 4793 πρὺςσὲ,
2720 4723 2753 4795 ἢ
2808 4724 3062 4793 Τυχικὸν,
3094 4725 3397 4781 σπούδασον
3443 4728 3619 4782 ἐλθεῖν
3650 4732 3783 4800 πρὸς
3821 4750 3888 4801 με
3916 4734 3999 4795 είς

2420 4814 2735 4868 Νικόπολιν·
2767 4817 2884 4868 ἐκεῖ
2902 4816 3011 4886 γάρ
3045 4816 3276 4888 κέκρικα
3298 4822 3728 4889 παραχειμάσαι.
3756 4839 3774 4872 ι
3806 4822 3915 4891 Τὴν
3940 4821 3997 4874 δὲ

2419 4907 2731 4972 Νικόπολιν,
2765 4905 3044 4979 Θρᾳκικὴν
3096 4909 3194 4978 μὲν
3226 4910 3381 4962 πόλιν
3429 4909 3569 4964 εἷναί
3624 4929 3777 4980 φασι,
3824 4916 3890 4985 τῇ
3941 4913 3999 4966 δὲ

2418 5000 2729 5072 Μακεδονίᾳ
2764 5002 3037 5066 πελάζειν.
3078 5002 3345 5075 Ἑϐδόμην
3382 5004 3481 5075 τὴν
3523 5006 3657 5075 πρὸς
3693 5006 3998 5076 Ῥωμαίους

2417 5091 2717 5145 ἐπέστειλε.
2770 5092 2924 5145 Μετὰ
2974 5093 3083 5163 γάρ
3117 5094 3180 5165 δὴ
3231 5097 3433 5158 ταύτας
3494 5097 3732 5162 ἁπάσας,
3791 5097 3997 5169 ταύτην

2415 5181 2577 5245 αὐτὸς
2602 5183 2934 5253 γεγραφέναι
2968 5184 3227 5241 διδάσκει.
3276 5188 3438 5257 Λέγει
3479 5190 3535 5242 δὲ
3560 5188 3733 5252 οὕτως
3756 5206 3771 5221 ο
3809 5210 3827 5241 ι
3861 5190 4002 5244 Νυνὶ

2411 5273 2470 5327 δὲ
2500 5274 2806 5346 πορεύομαι
2832 5278 2913 5340 είς
2953 5277 3311 5351 Ἰερουσαλὴμ
3355 5280 3617 5335 διακονῶν
3642 5284 3754 5345 τοῖς
3779 5282 3956 5351 άγίοις
3983 5299 3998 5313 ο

2413 5365 2680 5437 ηὑδόκησε
2717 5367 2826 5438 γὰρ
2857 5370 3166 5425 Μακεδονία
3194 5373 3290 5426 καὶ
3329 5373 3518 5444 Ἀχαΐα
3553 5373 3837 5428 κοινωνίαν
3869 5374 3989 5427 τινὰ

3519 5562 3535 5601 ι
3579 5564 3705 5617 Act.
3733 5574 3893 5625 mn,
3930 5562 3986 5614 5.

2015 5736 2245 5793 νΑιιΙκΕ
2285 5738 2689 5797 LECTlONES.

810 5833 892 5887 ιιι
931 5830 1201 5907 γνωρίζω.
1231 5829 1322 5888 Sic
1352 5829 1730 5892 Theodoretus
1759 5845 1978 5902 quoque
2022 5831 2161 5886 infra
2195 5832 2261 5888 ad
2296 5832 2337 5885 ll
2359 5832 2489 5889 Cor.
2519 5851 2636 5904 vni,
2674 5836 2723 5892 1.
