4194 6432
207 437 277 501 ιδ
1216 431 1392 494 ῙΝΤΕ
1402 434 1788 493 ΒΡΒΕΤΑΤΙι

1816 439 1829 490 >
1859 434 2093 493 EPIST.
2125 433 2220 492 AD
2259 433 2439 492 ROM.
3391 441 3458 502 4'6

209 541 654 612 φιλανθρωπίαν.
689 543 752 594 υί
803 539 858 592 δέ
911 556 972 606 γε
1023 538 1120 608 τῆς
1169 538 1424 602 ἀπιστίας
1478 538 1573 610 τὴν
1628 539 1788 609 ἀχλὺν

1823 543 1868 598 Α
1894 537 1997 605 Qui
2040 547 2220 595 autem
2253 548 2380 595 sunt
2415 539 2751 598 infidelitatis
2770 539 3000 611 caligine
3032 543 3378 613 circumfusi,
3405 562 3458 605 et

211 634 635 702 περικείμενοι,
690 633 785 685 καὶ
835 632 926 684 τοῦ
986 631 1170 701 νοεροῦ
1225 632 1400 700 φωτὸς
1458 633 1556 702 τὴν
1593 632 1787 700 αῐγλην

215 728 442 795 μηδέπω
473 727 794 794 δεξάμενοι,
848 724 1078 790 γελῶσιν
1129 722 1163 777 ἃ
1215 723 1347 792 μηδὲ
1394 723 1501 775 τῶν
1545 723 1790 790 ἀγγέλων

210 822 255 870 οἱ
284 819 448 886 δῆμοι
482 819 621 886 πρὸς
650 816 804 880 ἀξίαν
849 815 1089 884 ὑμνῆσαι
1120 814 1458 884 δεδύνηνται.
1496 815 1605 866 Καὶ
1635 812 1790 868 τοῦτο

215 911 400 977 σαῷς
434 912 463 962 ὁ
491 909 780 970 Θεσπέσιος
826 907 1146 968 Ἀπόστολος
1180 906 1486 976 Κορινθίοις
1537 905 1786 959 ίιπιστέλ⁴

211 1003 313 1053 λων
348 1000 624 1063 ἐδίδαξεν·
671 1020 687 1050 ι
740 999 796 1052 Ὀ
839 1000 998 1066 λόγος
1030 999 1134 1069 γὰρ
1181 1000 1208 1050 ὀ
1261 998 1354 1050 τοῦ
1404 997 1637 1069 σταυροῦ
1681 999 1791 1061 τοῖς

213 1096 310 1161 μὲν
343 1093 748 1161 ἀπολλυμένοις
787 1090 965 1160 μωρία
1016 1091 1166 1151 ἐστὶ,
1220 1091 1329 1151 τοῖς
1359 1089 1414 1141 δὲ
1466 1088 1790 1158 σωζομένοις

208 1184 440 1252 δύναμις
493 1182 632 1234 Θεοῦ
685 1183 818 1234 ἐστι.
870 1200 886 1230 ι
941 1179 1110 1233 Τοῦτο
1179 1179 1356 1232 τοίνυν
1415 1181 1476 1232 τὸ
1528 1179 1790 1250 σωτήριον

210 1276 516 1342 κήρυγμα,
569 1273 858 1340 Ῥωμαίοις
895 1271 1142 1341 γράφων,
1188 1271 1484 1338 ἀναγκαῖον
1527 1269 1786 1333 δείκνυσι,

208 1369 296 1419 11".
354 1368 532 1418 πᾶσιν
563 1364 906 1433 ἀνθρώποις,
955 1362 1230 1424 Ἰουδαίοις
1280 1379 1337 1413 τε
1391 1362 1483 1414 καὶ
1551 1362 1784 1432 Ἕλλησι,

207 1457 492 1519 λυσιτελὲς
528 1455 620 1508 καὶ
653 1473 711 1506 συ
722 1455 948 1523 μερέρον.
979 1447 1052 1506 (ιῦ
1076 1453 1138 1522 δὴ
1167 1454 1323 1523 χάριν
1352 1454 1456 1522 πρὸ
1486 1454 1590 1505 τῶν
1617 1453 1789 1506 ἀλλων

203 1549 470 1600 ἁπάντων
497 1590 510 1608 ,
552 1548 645 1599 καὶ
679 1546 946 1614 Ἕλληνας
983 1543 1256 1613 ἐξελέγχει
1278 1584 1291 1605 ,
1348 1544 1445 1613 τὴν
1481 1544 1788 1598 ἐντεθεῖσαν

205 1645 268 1710 τῇ
331 1642 500 1708 φύσει
542 1638 690 1708 παρᾶ
733 1637 824 1690 τοῦ
888 1637 1248 1704 πεποιηκότος
1293 1637 1399 1688 τῶν
1442 1636 1658 1704 ἀγαθῶν
1694 1639 1788 1689 καὶ

203 1734 307 1784 τῶν
372 1731 637 1782 ἐναντίων
690 1729 961 1798 διάκρισιν
1027 1726 1286 1795 ἄντικρυς
1341 1726 1783 1796 διαφθείραντας,

205 1827 296 1877 καὶ
342 1827 445 1892 τῆς
497 1822 712 1889 φύσεως
747 1819 1199 1890 παραϐεϐηκότας
1248 1821 1368 1882 τοὺς
1406 1821 1642 1889 νόμους·
1695 1821 1788 1872 καὶ

207 1915 395 1981 μέντοι
438 1913 542 1965 καὶ
587 1910 898 1970 Ἰουδαίους,
945 1909 1222 1979 ἔγγραψον
1257 1909 1354 1977 μὲν
1397 1907 1558 1960 θείων
1608 1908 1788 1976 νόμων

203 2006 543 2073 δεξαμένους
581 2002 952 2066 διδασκαλίαν,
987 2001 1173 2069 ὄνησιν
1206 2000 1260 2052 δὲ
1292 2000 1539 2053 ἐντεῦθεν
1573 2001 1633 2052 οὐ
1667 1999 1790 2070 βου-

204 2095 470 2164 ληθέντας
524 2092 708 2144 λαϐεῖν
734 2133 747 2155 ,
799 2090 935 2144 ἀλλά
982 2087 1190 2159 μείζοσι
1220 2088 1511 2160 τιμωρίαις
1551 2089 1786 2141 ὑπευθύ-

202 2203 322 2248 νους
357 2183 786 2253 γεγενημένους.
831 2181 985 2235 Μετά
1018 2180 1189 2234 ταῦτα
1219 2179 1365 2247 λέγει
1404 2179 1502 2248 τὴν
1531 2181 1624 2232 τοῦ
1653 2180 1788 2233 Θεοῦ

201 2284 290 2332 καὶ
323 2280 585 2347 ἃυτῆρος
635 2275 790 2346 ἡμῶν
818 2275 1135 2342 ἐπιφάνειαν
1161 2317 1174 2339 ,
1221 2274 1320 2326 οὐκ
1350 2275 1441 2326 ἐπὶ
1469 2274 1646 2344 κρίσει
1697 2275 1790 2328 καὶ

201 2372 445 2441 τιμωρίᾳ⁵
475 2370 590 2422 τῶν
626 2369 1158 2440 παρανενομηκότων
1202 2368 1601 2438 γεγενημένην,
1654 2367 1788 2421 ἀλλὰ

201 2464 304 2516 τῶν
331 2462 759 2532 ἁμαρτημάτων
803 2461 1151 2532 δωρουμένην
1180 2461 1277 2531 τὴν
1303 2461 1518 2529 ἄφεσιν,
1567 2463 1661 2514 καὶ
1694 2459 1786 2514 τοῦ

199 2557 433 2608 θανάτου
481 2556 586 2623 τὴν
620 2553 772 2607 λύσιν
809 2554 1265 2622 ὑπισχνουμένην,
1309 2552 1402 2604 καὶ
1441 2553 1540 2624 τὴν
1573 2552 1792 2605 αίὼνιον

202 2648 692 2718 ἑπαγγελλομένην
745 2647 911 2716 ζωήν.
967 2645 1183 2716 Ἐπειδὴ
1234 2645 1289 2698 δὲ
1347 2645 1438 2698 καὶ
1502 2645 1790 2708 Ἰουδαίους

198 2741 310 2810 ᾔδει
341 2741 471 2793 λίαν
503 2739 899 2808 ἀντεχομένους
927 2739 1019 2792 τοῦ
1051 2737 1237 2807 νόμου,
1267 2739 1508 2800 καὶτοὺς
1537 2736 1606 2789 τά
1633 2739 1788 2808 Μαρ-

199 2833 398 2893 κίωνος
429 2833 532 2884 καὶ
565 2830 884 2883 Βαλεντίνου
933 2828 1260 2892 νοσοῦντας,
1315 2829 1408 2881 καὶ
1459 2828 1640 2898 μέντοι
1694 2829 1788 2879 καὶ

202 2924 550 2993 Μανιχαίους
575 2965 589 2984 ,
635 2922 753 2973 λίαν
782 2922 974 2974 τούτου
1017 2920 1457 2992 κατηγοροῦντας
1480 2960 1495 2982 ,
1538 2918 1788 2988 καθάπερ

203 3017 422 3085 ἄριστός
457 3031 548 3074 τις
586 3013 890 3082 στρατηγὸς
933 3012 1195 3066 πάντοθεν
1234 3012 1336 3064 ὑπὸ
1377 3011 1649 3080 πολεμίων
1693 3028 1789 3061 κυ-

204 3103 502 3172 κλούμενος
533 3141 547 3162 ,
607 3103 698 3152 καέ
738 3100 963 3162 τούτους
997 3099 1178 3169 βάλλει
1218 3097 1499 3161 κάκείνους
1524 3139 1538 3162 ,
1588 3099 1682 3150 καὶ
1723 3097 1785 3149 τὸ

205 3197 462 3264 τῴπαιον
488 3195 706 3261 ἵστησιν
736 3209 750 3222 ·
776 3193 946 3255 οὕτως
976 3194 1002 3244 ὁ
1039 3191 1176 3253 θεῖος
1216 3190 1537 3252 ’Ᾱπὸστολος
1563 3189 1655 3241 καὶ
1680 3189 1787 3240 τῶν

203 3286 500 3356 αἱρετικῶν
530 3285 591 3335 τδ
613 3285 821 3351 στίφος,
854 3283 1079 3335 καὶτῶν
1112 3281 1381 3334 Ἰουδαίων
1406 3280 1504 3350 τὴν
1536 3282 1789 3348 φάλαγγα

199 3378 281 3429 διὰ
309 3377 413 3445 τῆς
448 3377 607 3437 Θείας
637 3375 899 3427 κατέλυσε
932 3375 1170 3444 χάριτος.
1201 3373 1266 3424 Τί
1294 3374 1402 3442 γὰρ
1437 3361 1615 3436 ποιεῖς
1665 3370 1788 3424 οὔτε

205 3470 340 3535 ἄγαν
367 3467 596 3536 ἐπαίρει
635 3466 726 3516 τὸν
756 3466 918 3535 νόμον
948 3464 1036 3517 διὰ
1063 3465 1162 3533 τὴν
1189 3464 1458 3516 Ἰουδαίων
1492 3463 1786 3526 ἀναίδειαν,

202 3560 321 3612 οὗτε
372 3560 658 3629 πρόφασιν
701 3557 1033 3628 κατηγορίας
1069 3558 1298 3627 παρέχει
1330 3559 1439 3620 τοῖς
1473 3557 1790 3610 δυσσεϐέσιν

205 3652 530 3719 αἱρετικοῖς.
565 3649 729 3701 Ἀλλὰ
758 3648 1000 3700 δείκνυσι
1051 3647 1148 3718 μὲν
1183 3648 1345 3700 αὑτὸν
1394 3648 1451 3699 τὸ
1504 3646 1620 3700 δέον
1667 3665 1790 3699 παι-

202 3743 513 3802 δεύσει-ιτα,
570 3741 664 3791 καὶ
714 3740 810 3810 τὴν
869 3741 966 3808 τῆς
1025 3739 1370 3809 δικαιοσύνης
1440 3739 1789 3792 διδασκαλίαν

205 3835 647 3906 προσενεγκόντα
670 3852 681 3862 ·
726 3832 1066 3902 κατορθῶσαι
1095 3833 1149 3885 δὲ
1175 3833 1376 3902 ταύτην
1408 3833 1467 3885 ού
1492 3832 1789 3902 δυνηθέντα

205 3925 288 3977 διὰ
326 3925 432 3992 τὴν
481 3922 594 3976 τῶν
641 3922 1109 3992 νομοθετηθέντων
1143 3923 1440 3976 ἀσθένειαν.
1484 3919 1612 3975 Εἶτα
1649 3923 1790 3975 διδά-

207 4032 324 4066 σκει
353 4013 434 4074 ὡς
481 4013 515 4081 ἡ
551 4012 732 4074 πίστις
781 4012 861 4074 είς
912 4010 1072 4081 ἔργον
1115 4013 1290 4082 ἤγαγε
1337 4012 1427 4063 τὸν
1480 4012 1572 4064 τοῦ
1626 4011 1788 4080 νόμον

204 4103 432 4156 σκοπόν.
463 4101 647 4171 Ἀπερ
673 4101 781 4171 γὰρ
827 4103 1032 4166 ἐκεῖνος
1079 4101 1427 4172 κατορθῶσαι
1471 4101 1569 4171 μὲν
1603 4100 1793 4172 ἠθέλη-

206 4218 295 4254 σεν
326 4243 341 4264 ,
383 4199 487 4252 οὐκ
522 4199 711 4266 ἴσχυσε
762 4195 819 4249 δὲ
845 4238 859 4260 ,
908 4195 1050 4266 αὕτη
1099 4196 1188 4249 διά
1240 4197 1340 4265 τῆς
1375 4197 1466 4249 τοῦ
1518 4195 1788 4264 παναγίου

205 4293 532 4360 Πνεύματος
561 4287 831 4354 ἐξετέλεσε
858 4288 1098 4360 χάριτος.
1132 4287 1229 4341 Διά
1251 4287 1455 4341 τούτων
1487 4287 1543 4340 δὲ
1574 4287 1790 4340 πάντων

207 4383 584 4452 μανθάνομεν,
635 4381 710 4441 ὡς
740 4380 826 4431 ἀεὶ
858 4380 967 4432 τῶν
993 4378 1294 4450 ἀνθρώπων
1342 4379 1788 4448 προμηθούμενος

203 4474 510 4529 διετέλεσεν
553 4471 580 4522 ὁ
605 4470 1024 4540 δημιουργήσας
1059 4470 1205 4540 ἡμᾶς
1241 4468 1392 4530 Θεός.
1437 4468 1657 4540 Πρῶτον
1691 4467 1790 4537 μὲν

1897 633 2036 688 lucis
2059 633 2430 703 intelligentia:
2489 635 2834 704 splendorem
2865 637 3113 692 nondum
3142 654 3452 713 suscepere,

1893 735 1955 776 ea
1979 722 2159 776 rident
2183 740 2304 794 quae
2327 741 2394 779 ne
2421 725 2737 795 angelorum
2762 726 2976 795 quidem
3001 729 3184 799 populi
3213 731 3314 802 ιο
3336 748 3459 802 pus-

1892 825 2019 869 sunt
2042 830 2138 882 pro
2160 815 2423 886 dignitate
2445 817 2683 872 laudare.
2711 818 2776 872 Et
2797 818 2898 872 hoc
2925 820 3143 876 divinus
3162 822 3456 892 Apostolus

1893 908 1958 961 ad
1994 909 2310 964 Corinthios
2359 911 2607 964 scribens
2653 921 2838 982 aperte
2872 913 3056 967 docuit
3111 934 3121 968 :
3158 934 3174 965 ι
3220 915 3454 972 Verbum

1891 1000 2033 1052 enim
2058 1000 2241 1054 crucis
2270 1001 2336 1055 iis
2368 1001 2587 1069 quidem
2614 1003 2704 1070 qui
2740 1012 2967 1072 pereunt
2995 1007 3228 1059 stultitia
3252 1017 3354 1073 est,
3389 1011 3454 1063 iis

1893 1098 2070 1145 autem
2105 1095 2198 1162 qui
2231 1093 2366 1147 salvi
2403 1094 2541 1147 fiunt
2582 1094 2670 1148 Dei
2707 1097 2878 1151 virtus
2911 1107 2992 1152 est
3031 1099 3076 1150 δ.
3123 1118 3140 1150 ι
3178 1097 3330 1152 llauc
3358 1101 3457 1152 ita-

1891 1197 1997 1250 que
2029 1183 2321 1237 salutarem
2355 1183 2798 1251 praedicationem
2819 1185 2885 1238 ad
2906 1185 3184 1244 Romanos
3208 1191 3456 1245 scribens

1892 1273 2127 1328 ostendit
2157 1287 2280 1327 esse
2309 1275 2697 1338 necessariam,
2732 1285 2784 1330 et
2833 1279 3089 1331 omnibus
3123 1281 3454 1342 hominibus,

1891 1373 1999 1416 tam
2027 1362 2231 1417 Gmcis
2261 1379 2424 1432 quam
2455 1363 2676 1431 Judtris,
2717 1367 2902 1421 utilem
2942 1381 3007 1420 ac
3031 1370 3453 1423 conducibilem.

1890 1453 2252 1519 Quamobrem
2287 1462 2413 1508 ante
2461 1455 2596 1508 alios
2649 1471 2838 1512 omnes
2883 1457 3105 1514 Grzecos
3161 1460 3456 1532 redarguit,

1889 1545 1978 1614 qui
2018 1546 2283 1599 bonorum
2325 1561 2388 1599 ac
2435 1546 2699 1600 malorum
2746 1547 3038 1616 judicium,
3087 1554 3235 1620 quod
3285 1555 3353 1609 ab
3392 1571 3458 1610 eo

1892 1637 1981 1705 qui
2024 1650 2123 1691 nos
2156 1638 2357 1691 creavit
2388 1646 2598 1693 naturae
2629 1638 2852 1693 insitum
2883 1648 2988 1703 est,
3021 1643 3305 1700 manifeste
3330 1661 3457 1698 cor-

1889 1730 2158 1800 ruperint,
2189 1739 2241 1782 et
2271 1739 2478 1783 natura:
2520 1731 2664 1801 leges
2689 1732 3053 1787 trausilierint
3079 1753 3090 1788 :
3125 1735 3321 1791 deinde
3355 1737 3457 1792 Ju-

1890 1820 2056 1884 dteos,
2113 1820 2203 1888 qui
2268 1820 2575 1874 divinarum
2635 1822 2855 1890 quidem
2916 1823 3093 1894 legum
3150 1825 3456 1884 doctrinam

1893 1911 2111 1980 scriptis
2159 1911 2469 1966 mandatam
2505 1923 2852 1982 acceperunt,
2876 1914 3011 1968 nihil
3046 1924 3227 1972 tamen
3275 1935 3338 1974 ex
3391 1935 3456 1974 ea

1892 2002 2139 2055 utilitatis
2196 2004 2442 2072 accipere
2502 2003 2812 2068 voluerunt,
2862 2005 2959 2060 sed
3030 2022 3096 2064 eo
3154 2010 3458 2079 majoribus

1891 2094 2173 2163 Sttppliciis
2213 2093 2338 2148 facti
2374 2104 2503 2151 sunt
2557 2098 2804 2154 obnoxii.
2841 2097 3042 2154 Postea
3091 2108 3270 2156 autem
3323 2103 3459 2158 dicit

1894 2185 2059 2240 Deum
2094 2195 2149 2239 ct
2182 2186 2529 2244 Servatorem
2570 2198 2846 2252 nostrum,
2878 2205 2984 2246 non
3025 2191 3091 2244 ad
3125 2208 3314 2247 eorum
3361 2195 3456 2262 qui

1889 2283 2080 2330 contra
2126 2277 2294 2346 legem
2347 2287 2736 2346 peccaverunt,
2777 2280 3292 2336 condemnationem
3324 2298 3457 2354 sup-

1892 2369 2224 2438 pliciumque
2248 2369 2589 2438 apparuisse,
2627 2371 2720 2426 sed
2761 2370 2826 2425 ad
2868 2371 3178 2426 donandum
3207 2387 3458 2443 peccato-

1891 2474 2010 2513 rum
2042 2460 2448 2524 remissionem,
2482 2462 2786 2532 mortisque
2829 2461 3264 2519 destructionem
3325 2481 3458 2535 pro-

1890 2549 2234 2612 mittendam,
2265 2557 2318 2603 et
2352 2557 2610 2605 aeternam
2638 2552 2803 2605 vitam
2830 2553 3282 2608 annuntiandam.
3317 2558 3456 2623 Quia

1891 2653 2070 2698 autem
2103 2643 2310 2699 sciebat
2357 2643 2575 2701 Iudaeos
2603 2646 2820 2715 quidem
2856 2647 2957 2717 legi
2984 2649 3148 2706 nimis
3182 2652 3455 2714 addictos,

1887 2749 1982 2790 eos
2009 2745 2186 2788 autem
2220 2734 2311 2804 qui
2343 2733 2632 2790 Marcionis
2689 2743 2742 2790 et
2773 2734 3044 2791 Valentini
3083 2739 3272 2796 hrcresi
3304 2741 3457 2797 labo-

1891 2831 2035 2887 rant,
2064 2831 2224 2892 atque
2246 2823 2410 2876 etiam
2437 2823 2784 2890 Manichaeos,
2816 2840 2934 2880 eam
2967 2829 3128 2882 nimis
3151 2844 3411 2885 accusare
3438 2845 3455 2885 :

1890 2915 2029 2969 sicut
2059 2915 2544 2983 praestantissimus
2583 2914 2782 2985 aliquis
2807 2917 2914 2970 dux
2955 2918 3078 2971 belli
3109 2921 3178 2974 ab
3208 2923 3457 2978 hostibus

1891 3005 2132 3074 undique
2171 3005 2588 3067 circumsessus,
2628 3015 2681 3059 et
2736 3009 2833 3061 hos
2871 3017 2924 3062 et
2963 3009 3082 3062 illos
3111 3009 3317 3079 dejicit,
3343 3014 3455 3068 eis-

1890 3112 1994 3164 que
2024 3096 2182 3150 victis
2211 3105 2476 3166 tropaeum
2511 3097 2674 3165 erigit
2717 3115 2731 3152 :
2785 3099 2860 3152 ita
2910 3101 3128 3156 dit-inus
3161 3102 3456 3172 Apostolus

1816 3222 1857 3277 ο
1893 3188 2269 3242 lmreticorum
2321 3198 2593 3251 catervas,
2649 3197 2703 3242 ct
2787 3187 3098 3244 Iuda-orum
3162 3193 3455 3265 phalanges

1891 3281 2073 3334 divina
2115 3281 2288 3350 gratia
2330 3279 2534 3350 frangit
2581 3295 2644 3334 ac
2695 3279 2892 3335 fundit.
2925 3281 3066 3347 Quid
3107 3284 3249 3338 enim
3281 3285 3457 3342 facit?

1889 3371 2074 3442 Neque
2105 3374 2273 3441 legem
2309 3372 2472 3426 nituis
2502 3372 2715 3424 extollit
2747 3382 2967 3443 preptcr
2992 3372 3304 3430 Judaaorum
3349 3380 3455 3431 im-

1891 3463 2226 3535 pudentiam,
2289 3478 2467 3532 neque
2528 3463 2710 3533 impiis
2789 3465 3060 3519 haereticis
3134 3468 3252 3535 ejus
3299 3483 3456 3523 accu-

1890 3556 2073 3610 sanda:
2096 3558 2297 3625 przcbet
2335 3556 2701 3609 occasionem.
2736 3554 2838 3608 Sed
2870 3572 2985 3608 eam
3020 3559 3241 3628 quidem
3271 3567 3459 3616 osten-

1890 3645 1968 3699 dit
1995 3647 2045 3699 id
2070 3645 2214 3714 quod
2238 3662 2374 3714 opus
2397 3655 2478 3700 est
2501 3647 2776 3714 docuisse,
2804 3648 2900 3717 ιι
2929 3659 2978 3701 et
3002 3650 3231 3718 iustitia:
3253 3654 3455 3708 doctri-

1893 3752 2013 3791 nam
2046 3737 2318 3795 attulisse.
2373 3737 2516 3791 hanc
2554 3747 2734 3793 autem
2759 3742 3017 3810 perﬁcere
3050 3759 3155 3796 non
3187 3747 3454 3812 potuisse,

1893 3839 2108 3898 prepter
2142 3843 2328 3882 eorum
2365 3827 2564 3897 quibus
2605 3830 2729 3883 data
2767 3831 2942 3886 fuerat
2995 3834 3448 3888 imbecillitatem.

1892 3921 2094 3975 Deinde
2125 3921 2283 3975 docct
2340 3921 2482 3990 quod
2520 3921 2654 3978 fides
2685 3923 2820 3992 legis
2857 3939 3078 3993 seopum
3108 3925 3161 3978 in
3193 3941 3329 3994 opus
3357 3927 3453 3978 dr-

1890 4013 2066 4068 duxit.
2098 4013 2227 4078 Quze
2275 4013 2418 4068 enim
2471 4014 2562 4067 illa
2601 4015 2777 4069 voluit
2823 4017 3040 4085 quidem
3081 4014 3311 4078 t-meerc,
3360 4019 3452 4072 sed

1891 4121 1998 4160 non
2048 4105 2244 4175 pOtuit,
2301 4105 2402 4160 ista
2436 4120 2530 4172 per
2568 4107 2742 4160 sancti
2774 4104 3013 4176 Spiritus
3048 4109 3281 4175 gratiam
3322 4124 3446 4177 per-

1893 4197 2040 4253 fecit.
2065 4197 2166 4250 Per
2189 4197 2303 4252 haec
2327 4204 2508 4251 autem
2541 4197 2726 4250 omnia
2757 4199 3135 4268 intelligimus,
3168 4199 3311 4265 quod
3352 4199 3450 4253 ho-

1893 4289 2097 4343 minum
2151 4295 2414 4358 perpetuo
2473 4302 2662 4342 curam
2709 4290 2943 4358 gesserit
3002 4289 3148 4344 Deus
3197 4290 3290 4358 qui
3355 4306 3456 4345 nos

1892 4378 2116 4434 creavit.
2160 4377 2401 4430 Primum
2454 4376 2599 4431 enim
2649 4377 2704 4430 in
2736 4385 2930 4431 natura
2967 4379 3160 4431 indidit
3185 4379 3454 4433 bonorum

1889 4480 1944 4526 et
1975 4469 2374 4524 contrariorum
2395 4467 2690 4536 judicium.
2722 4468 2925 4523 Deinde
2952 4485 3046 4536 per
3061 4479 3343 4524 creaturas
3361 4486 3456 4524 eos

202 4566 307 4635 γὰρ
340 4567 402 4614 ὲν
446 4564 513 4630 τῇ
564 4560 720 4627 φύσει
763 4560 870 4614 τῶν
900 4559 1119 4625 ἀγαθῶν
1156 4559 1245 4612 καὶ
1274 4559 1382 4611 τῶν
1411 4558 1670 4612 ἐναντίων
1699 4558 1788 4610 τέ-

1820 4554 1867 4613 ι)
1894 4561 1983 4630 qui
2004 4563 2295 4616 voluerunt
2325 4560 2552 4614 deduxit
2598 4560 2662 4614 ad
2693 4560 2968 4628 pietatem.
3013 4559 3123 4614 Etsi
3157 4562 3303 4614 cnim
3346 4577 3452 4613 neu

202 4655 350 4706 θεικε
416 4653 514 4722 τὴν
553 4651 844 4719 διάκρισιν.
898 4646 1030 4702 Εἶτα
1090 4651 1176 4704 διὰ
1233 4652 1332 4720 τῆς
1387 4651 1614 4711 κτίσεως
1663 4651 1789 4712 τοὺς

205 4743 577 4814 βουληθέντας
620 4741 924 4810 ἐποδὴγησε
957 4741 1090 4811 πρὸς
1122 4743 1421 4794 εὐσέϐειαν.
1459 4743 1516 4793 Εἰ
1562 4742 1670 4811 γὰρ
1700 4743 1790 4793 καὶ

321 4835 533 4894 πάντες
578 4833 703 4883 ἰδεῖν
729 4831 1002 4901 ἠθέλησαν
1051 4834 1147 4903 τὴν
1203 4833 1498 4904 ἀληθειαν,
1555 4831 1668 4884 ἀλλ’
1698 4827 1790 4884 οὖν

203 4931 248 4979 οί
303 4926 520 4994 ταύτην
582 4925 914 4994 ποθήσαντες
970 4925 1288 4996 ἀπήλαυσαν
1361 4919 1436 4978 ὧν
1492 4924 1820 4994 ἐπόθησαν..

205 5022 347 5088 Πρὸς
385 5019 443 5070 δὲ
478 5016 693 5080 τούτοις
727 5017 948 5068 κάκεῖνο
976 5016 1119 5086 ἡμᾶς
1171 5017 1483 5070 ἐκπαιδεύει
1511 5059 1523 5080 ,
1576 5017 1649 5080 ὡς
1689 5020 1787 5070 οὐκ

207 5113 267 5162 ἐκ
300 5108 677 5180 μεταμελείας
700 5109 726 5160 δ
751 5107 856 5159 τῶν
883 5105 1017 5159 ὅλων
1046 5108 1175 5171 Θεὸς
1215 5109 1305 5160 ἐπὶ
1334 5108 1533 5178 ταύτην
1563 5109 1785 5180 ἐλήλυθε

207 5203 301 5271 τῆς
336 5200 624 5270 σωτηρίας
655 5200 750 5270 τὴν
783 5202 1041 5270 μέθοδον·
1080 5202 1194 5254 ἀλλ’
1244 5199 1450 5252 ἀνωθεν
1488 5200 1655 5270 αὐτὴν
1701 5201 1786 5253 διὰ

210 5297 313 5345 τῶν
363 5295 530 5344 θείων
583 5293 995 5362 προηγόρευσε⁸
1050 5291 1361 5364 προφητῶν.
1406 5292 1658 5345 Διδάσκει
1694 5294 1787 5344 καὶ

209 5387 359 5437 τῶι⁹
391 5385 672 5436 Ἰουδαίων
720 5385 989 5455 ἀΜῆολῆς
1035 5384 1131 5453 τὴν
1179 5383 1357 5436 αἰτίαν
1383 5424 1396 5446 ,
1451 5387 1542 5450 καὶ
1580 5389 1688 5447 τοῖς
1731 5387 1786 5448 ἐξ

284 5570 302 5604 θ
357 5567 371 5617 l
407 5566 542 5619 Cor.
585 5579 639 5621 ι.
681 5565 761 5617 18.

1888 4666 2080 4705 omnes
2107 4651 2396 4704 voluerunt
2422 4649 2604 4703 videre
2631 4649 2917 4703 veritatem
2951 4666 2964 4702 :
2996 4649 3086 4718 qui
3125 4658 3301 4703 tamen
3340 4666 3452 4703 eam

1887 4743 2295 4805 desiderarunt,
2327 4755 2389 4794 ea
2428 4756 2549 4809 quae
2582 4741 2873 4795 voluerunt
2918 4741 3154 4794 assecuti
3187 4750 3332 4793 sunt.
3375 4742 3451 4791 Ad

1889 4833 2004 4887 haec
2040 4841 2221 4885 autem
2258 4835 2360 4885 hoc
2409 4847 2624 4900 quoque
2670 4847 2770 4885 nos
2811 4829 2991 4895 docet,
3025 4830 3167 4899 quod
3199 4846 3303 4882 non
3338 4847 3451 4882 mur

1890 4925 2097 4978 latione
2144 4923 2376 4993 quadam
2431 4923 2646 4977 consilii
2683 4923 2909 4977 Creator
2953 4923 3197 4976 omnium
3248 4931 3452 4974 venerit

1895 5018 1960 5070 ad
2000 5019 2142 5070 hanc
2173 5016 2366 5070 salutis
2396 5016 2683 5079 rationem,
2722 5016 2813 5068 sed
2856 5030 2976 5067 eam
3009 5015 3178 5066 multo
3204 5025 3330 5065 ante
3364 5029 3455 5082 per

1894 5108 2109 5162 divinos
2159 5107 2458 5175 prophetas
2490 5104 2820 5174 praedixerit.
2857 5104 3021 5157 Docet
3053 5103 3212 5156 etiam
3237 5100 3452 5154 Judace-

1895 5216 2013 5254 rum
2073 5197 2389 5266 rejectionis
2428 5211 2675 5260 causam,
2713 5203 2766 5250 et
2817 5210 2912 5250 eos
2951 5194 3044 5264 qui
3091 5209 3154 5247 ex
3204 5192 3454 5260 gentibus

1895 5289 2240 5344 crediderunt
2282 5287 2551 5348 hortatur,
2597 5300 2662 5340 ne
2703 5285 2962 5340 adversus
2996 5299 3090 5338 eos
3136 5282 3450 5336 eﬂerzmtur.

1897 5381 2197 5434 admonens
2231 5377 2354 5432 illos
2385 5376 2438 5430 in
2466 5376 2858 5447 praedicatione
2891 5373 3256 5445 przeccssisse.
3286 5367 3455 5423 Porro

1501 5719 1729 5773 VARle
1792 5718 2192 5771 LECTIONFS.

299 5821 319 5844 ‘
361 5822 404 5872 Β
436 5816 793 5890 προηγόρευε.
877 5819 894 5839 ⁸
928 5816 963 5866 Β
1002 5816 1115 5882 τῆς,
