4194 6432
745 406 815 468 47
1725 387 2210 455 THEODORETI
2230 385 2568 450 EPISCOPI
2603 387 2966 450 CYRENSIS
3920 382 3989 448 43

747 520 935 577 activa
979 530 1196 589 quoque
1238 510 1457 570 virtutis
1483 509 1789 566 doctrinam
1824 510 2057 565 orationi
2088 507 2310 577 dogma-
2335 512 2375 569 Α

2433 502 2581 556 ιθνῶν
2647 501 3037 557 πεπιστευκόσι
3105 500 3361 572 παραινεῖ
3433 500 3509 571 μὴ
3560 498 3986 570 κατεπαίρεσῡαι

747 612 868 667 ticae
900 601 1210 670 admiscuit,
1235 604 1396 660 simul
1417 610 1471 658 et
1502 602 1782 657 veritatem
1807 599 2033 660 docens,
2052 604 2106 652 et
2130 608 2311 649 mores

2433 595 2620 649 τούτων
2651 611 2663 623 ·
2718 596 3044 666 προτρέπων
3095 593 3337 656 ἐκείνους
3385 592 3673 663 προελθεῖν
3700 590 3777 660 τῷ
3815 590 3989 657 κηρύ-

747 714 1101 775 componens.
1126 697 1240 752 lloc
1265 706 1349 752 est
1379 697 1565 765 itaque
1603 700 1985 764 argumentum
2010 688 2267 759 Epistolae
2294 704 2307 739 :

2433 703 2607 758 γματι.
2656 687 2766 740 Καὶ
2808 687 2906 756 τῆς
2936 688 3243 757 πρακτικῆς
3269 685 3325 738 δὲ
3369 685 3570 755 ἀρετῆς
3614 684 3713 753 τὴν
3745 681 3993 734 διδασκα-

748 771 1125 865 interpretatio
1153 797 1333 844 autem
1372 788 1613 858 partium
1652 784 1992 856 singularum
2028 779 2223 835 melius
2251 791 2313 831 ac

2433 778 2539 832 λείαν
2588 780 2700 842 τοῖς
2731 778 3081 848 δογματικοῖς
3111 776 3337 847 ἀνέμιξε
3373 776 3577 845 λόγοις,
3609 775 3743 846 ὁμοῦ
3773 774 3866 827 καὶ
3893 771 3991 841 τὴν

750 864 1045 959 perfectius
1084 883 1269 938 omnia
1294 894 1396 936 nos
1434 878 1670 933 docebit.

2433 868 2683 940 Ξλήθειαν
2729 868 3106 933 ἐκπαιδεύων,
3165 867 3260 920 καὶ
3306 866 3366 920 τδ
3393 864 3525 937 ἦθος
3574 864 3873 936 ῥυθμίζων.
3925 864 3992 915 Ἠ

752 957 850 1049 μὲν
877 974 971 1032 οὖν
1036 976 1291 1036 ὑπόθεσις
1333 973 1431 1043 τῆς
1482 969 1799 1038 Ἐπιστολῆς
1841 967 1987 1020 ἐστιν
2053 963 2233 1032 αὕτη·
2304 960 2693 1032 ἀκριδέστερον
2743 961 2797 1014 δὲ
2846 962 3022 1015 πάντα
3059 961 3207 1031 ἡμᾶς
3248 961 3281 1030 ὴ
3327 959 3467 1012 κατὰ
3516 957 3680 1028 μέρος
3730 958 3995 1025 ἑρμηνεία

748 1071 967 1139 διδάξει.

1278 1156 1505 1213 CAPUT
1544 1151 1830 1209 PRIMUM.

823 1253 984 1305 Vsus.
1022 1249 1073 1302 1.
1105 1248 1311 1303 Paulus
1327 1263 1504 1301 servus
1524 1244 1655 1299 Jesu
1690 1243 1912 1310 Christi,
1938 1250 2151 1296 uocatus
2182 1239 2320 1307 Apo-

751 1344 939 1399 stolus.
967 1341 1217 1396 Prmfecti
1260 1338 1481 1409 quidem
1513 1344 1569 1391 et
1626 1335 1876 1407 magistri
1916 1333 2147 1387 militum
2196 1344 2322 1385 sua-

752 1453 874 1493 rum
905 1437 1229 1506 dignitatum
1259 1433 1483 1487 nomina
1521 1431 1639 1486 suis
1677 1431 1901 1498 scriptis
1922 1432 1939 1448 ‘
1975 1433 2322 1496 praponunt,

756 1527 1115 1598 supercilium
1150 1525 1253 1593 12
1281 1522 1615 1586 attollentes,
1658 1527 1714 1575 et
1759 1534 1867 1573 una
1902 1532 2025 1573 cum
2057 1517 2325 1588 dignitate

755 1635 979 1691 magnos
1011 1618 1241 1688 spiritus
1270 1616 1596 1671 excitantes.
1623 1612 1855 1666 Divinus
1881 1620 2061 1664 autem
2087 1611 2321 1678 Aposto-

755 1716 840 1768 lus
874 1727 934 1767 se
964 1711 1272 1765 abortivum
1302 1705 1571 1768 nominat,
1604 1710 1659 1758 et
1697 1702 1932 1772 primum
1978 1704 2322 1770 peccatorum

756 1805 1014 1876 appellat,
1050 1809 1103 1856 et
1127 1799 1432 1869 apostolatu
1466 1797 1747 1866 indignum
1773 1809 1896 1849 esse
1928 1792 2081 1847 dicit.
2109 1791 2326 1861 Episto-

756 1897 835 1951 las
887 1904 1068 1949 tamen
1120 1891 1398 1953 scribens,
1433 1904 1463 1943 a
1509 1887 1683 1959 gratia
1719 1884 1822 1940 sibi
1872 1882 2127 1952 imposita
2160 1895 2325 1935 voca-

2855 1141 3245 1195 ΚΕΦΑΛΔΙΟΝ
3277 1140 3572 1193 ΠΡΩΤΟΝ.

2497 1243 2564 1291 α’.
2600 1234 2843 1301 Παῦλος
2886 1234 3107 1299 δοῦλος
3152 1230 3358 1299 Ἰησοῦ
3422 1231 3682 1298 Χριστοῦ
3712 1270 3726 1294 ,
3773 1229 3996 1296 κλητὸς

2424 1324 2787 1389 ἀπόστολος.
2820 1324 3097 1393 ’Ύπαρχοι
3152 1323 3249 1392 μὲν
3300 1324 3393 1376 καὶ
3434 1321 3726 1390 στρατηγοὶ
3774 1320 3841 1373 τά
3886 1319 3997 1371 τῶν

2427 1417 2752 1488 ἀξιωμάτων
2793 1415 3035 1485 ὀνόματα
3067 1416 3174 1468 τῶν
3221 1416 3436 1469 οἰκείων
3476 1413 3823 1484 γραμμάτων
3857 1426 3994 1483 προ-

2425 1508 2705 1572 τάττουσι,
2736 1505 2832 1577 τὴν
2873 1505 3043 1575 ὀφρὺν
3070 1506 3338 1575 αἴροντες,
3379 1505 3472 1558 καὶ
3504 1503 3583 1572 τῷ
3614 1501 3886 1571 ἀξιώματι
3936 1500 3999 1553 τὸ

2422 1595 2679 1667 φρόνημα
2734 1594 3177 1665 συνεπαίροντες.
3238 1596 3297 1647 Ὀ
3358 1594 3414 1646 δέ
3475 1593 3616 1654 θεῖος
3666 1590 3996 1652 Ἀπόστολος

2422 1687 2686 1757 ἐκτρωμα
2718 1685 2818 1755 μὲν
2856 1686 3048 1739 ἐαυτὸν
3074 1684 3352 1754 ὀνομάζει,
3390 1684 3618 1737 καὶτῶν
3656 1680 4000 1753 ἁμαρτωλῶν

2423 1771 2640 1844 πρῶτον
2677 1772 2983 1834 ἀποκαλεῖ,
3018 1772 3109 1825 καὶ
3141 1774 3239 1843 τῆς
3277 1772 3583 1843 ἀποστολῆς
3610 1772 3829 1836 ἀνάξιον
3862 1766 3999 1824 εἷναί

2424 1880 2578 1933 φησι.
2618 1863 2912 1935 Προτίθησι
2957 1863 3003 1914 δ’
3043 1864 3192 1933 ὅμως
3239 1862 3568 1916 ἐπιστέλλων
3612 1862 3709 1925 τάς
3756 1861 3859 1913 ὑπὸ
3901 1861 4002 1929 τῆς

758 1947 1009 2047 bula,ad
1034 1997 1223 2038 eorum
1251 1980 1343 2050 qui
1377 1947 1808 2047 illasvaccipiunt
1840 1947 2153 2036 utilitatem,
2185 1987 2326 2042 prte-
2357 1947 2375 2002 ¹

2433 1953 2650 2024 χάριτος
2722 1955 3067 2020 ἐπιτεθείσας
3119 1956 3533 2026 προσηγορίας,
3589 1956 3669 2017 εἰς
3734 1954 4002 2023 ὠφέλειαν

757 2076 928 2147 ponit.
964 2046 1333 2142 ltitelligentes
1361 2069 1507 2124 enim
1552 2046 1663 2138 qua
1709 2072 1856 2121 esset
1895 2064 2161 2135 dignitate
2190 2076 2326 2132 prae-

2433 2046 2533 2100 τ¹ὦν
2581 2046 2888 2118 δεχομένων
2944 2047 3013 2101 τά
3077 2048 3403 2118 γράμματα.
3458 2046 3837 2109 Μανθάνοντες
3892 2046 4002 2115 γάρ

759 2167 909 2221 ditus
929 2165 1022 2235 qui
1050 2162 1344 2225 scribebat,
1370 2159 1579 2228 majore
1601 2158 1723 2212 illas
1748 2155 1932 2214 studio
1958 2162 2012 2210 et
2039 2155 2327 2209 alacritate

759 2256 1125 2328 accipiebant.
1168 2253 1246 2308 Ac
1294 2251 1532 2322 primum
1564 2249 1785 2320 quidem
1822 2247 2061 2317 seipsum
2098 2244 2328 2299 Paulum

760 2356 940 2415 vocat,
986 2361 1093 2400 non
1157 2358 1187 2397 a
1234 2341 1553 2413 parentibus
1615 2337 2029 2408 appellationem
2070 2334 2211 2389 hanc
2260 2335 2330 2387 ab

762 2441 920 2496 initio
970 2437 1226 2507 adeptus,
1265 2432 1358 2488 sed
1415 2438 1539 2502 post
1582 2430 1929 2485 vocationem
1958 2441 2020 2481 ca
2050 2425 2327 2493 dignatus,

764 2532 911 2588 sicut
934 2528 1121 2584 Simon
1151 2525 1347 2580 Petrus
1370 2529 1602 2577 vocatus
1626 2529 1735 2586 est,
1759 2527 1814 2574 et
1830 2517 1929 2573 ﬁlii
1962 2513 2209 2571 Zebedaai
2238 2512 2332 2566 filii

764 2624 996 2686 tonitru,
1019 2626 1073 2673 et
1100 2615 1271 2671 Jacob
1298 2613 1490 2676 Israel,
1527 2619 1581 2668 et
1604 2612 1808 2667 Abram
1835 2608 2093 2662 Abraam.
2128 2603 2335 2658 Deinde

766 2728 972 2769 servum
1020 2707 1152 2763 Iesu
1210 2705 1428 2770 Christi,
1466 2718 1627 2775 quem
1661 2716 1855 2757 omnes
1891 2697 2160 2754 increduli
2188 2710 2331 2749 mor-

766 2813 942 2864 tuum,
984 2806 1039 2854 et
1081 2796 1439 2859 cruciﬁxum,
1481 2802 1535 2848 et
1578 2792 1720 2848 fabri
1763 2792 1935 2846 lilium
1967 2789 2333 2860 appellabant,

767 2895 885 2960 ipse
922 2902 1055 2943 vero
1105 2886 1222 2954 ejus
1260 2886 1580 2942 servitutem
1616 2880 1790 2938 cuivis
1827 2895 1999 2951 regno
2030 2886 2334 2949 antepone-

766 2986 882 3040 bat.
909 2981 1040 3035 Post
1067 2979 1178 3033 hzcc
1201 2986 1442 3032 vocatum
1475 2989 1537 3030 se
1557 2974 1817 3045 appellat,
1846 2986 2139 3042 supernam
2173 2987 2335 3027 voca-

767 3076 973 3129 tionem
1006 3071 1263 3124 innuens.
1296 3066 1358 3120 Et
1383 3064 1622 3134 Apostoli
1644 3079 1862 3135 quoque
1892 3078 2090 3117 nomen
2126 3062 2338 3132 adjicit,

770 3182 829 3221 se
877 3165 981 3217 hoc
1022 3161 1189 3217 etiam
1228 3174 1258 3212 a
1296 3156 1407 3212 Deo
1439 3163 1754 3211 assecutum
1787 3170 1910 3209 esse
1936 3155 2163 3209 docens.
2191 3154 2340 3219 Quo-

769 3254 916 3308 niam
949 3251 1094 3306 cnim
1130 3246 1393 3302 Dominus
1422 3245 1714 3299 duodecim
1765 3243 1873 3298 illis
1910 3244 2053 3297 hanc
2106 3244 2343 3315 appella—

771 3345 975 3398 tionem
1024 3339 1309 3409 imposuit,
1368 3337 1510 3391 hanc
1551 3335 1715 3390 etiam
1757 3335 1912 3406 ponit
1938 3334 2159 3391 divinus
2191 3336 2338 3406 Apo-

773 3436 983 3491 stolus:
1014 3447 1175 3502 quam
1206 3445 1315 3486 non
1346 3430 1463 3499 ipse
1492 3428 1821 3498 arripuerat,
1850 3427 1945 3481 sed
1984 3427 2053 3481 ab
2090 3428 2209 3498 ipso
2240 3427 2344 3481 Do-

774 3529 922 3581 mino
946 3531 1252 3593 acceperat.
1284 3539 1302 3572 ι
1330 3520 1480 3575 Vade
1498 3518 1666 3584 enim,
1691 3517 1869 3587 inquit
1890 3517 1955 3571 ad
1984 3518 2183 3587 ipsum,
2216 3517 2343 3587 quia

776 3619 844 3674 ad
896 3624 1087 3689 gentes
1116 3612 1308 3684 procul
1341 3611 1554 3665 mittam
1599 3620 1648 3664 te
1677 3620 1723 3663 ο.
1769 3628 1787 3662 ι
1820 3607 1887 3662 Ει
1936 3608 2043 3662 hoc
2098 3607 2346 3663 declarat

778 3725 874 3781 per
916 3724 978 3762 ca
1032 3721 1152 3777 qua
1187 3710 1495 3775 sequuntur
1524 3717 1538 3753 :
1582 3700 1891 3773 Segregatus
1921 3701 1975 3754 in
2000 3699 2346 3772 Evangelium

777 3801 887 3854 Dei.
927 3797 1045 3852 Non
1090 3810 1121 3849 a
1176 3811 1264 3851 me
1291 3797 1433 3864 ipso,
1476 3793 1676 3863 inquit,
1728 3807 1847 3847 sum
1885 3791 2118 3856 electus,
2146 3791 2242 3847 sed
2281 3792 2349 3847 ab

778 3894 896 3964 ipso
931 3891 1037 3945 Deo
1083 3885 1489 3959 praedicationis
1537 3882 1907 3938 ministerium
1957 3882 2196 3952 suscepi.
2247 3881 2348 3937 Se-

780 3983 1020 4055 gregavit
1054 3988 1233 4036 autem
1269 3979 1449 4049 ipsum
1505 3985 1559 4033 et
1610 3975 1793 4038 Pater,
1823 3981 1879 4028 et
1930 3972 2126 4036 Filius,
2151 3980 2207 4029 et
2238 3972 2352 4043 Spi-

781 4081 917 4132 ritus
941 4083 1185 4131 sanctus.
1218 4072 1280 4127 Et
1314 4071 1461 4143 quod
1490 4069 1652 4124 Pater
1704 4054 1925 4138 quidem
1957 4067 2134 4136 ipsum
2168 4080 2351 4136 segre-

779 4169 1008 4240 gat-erit,
1051 4168 1170 4236 ipse
1192 4164 1353 4220 docet
1396 4164 1450 4217 in
1482 4158 1724 4232 Epistola
1748 4160 1815 4214 ad
1847 4158 2067 4214 Galatas
2099 4177 2111 4212 :
2156 4178 2174 4210 ι
2213 4158 2349 4214 Cum

781 4270 962 4315 autem
993 4257 1200 4328 placuit
1234 4256 1305 4322 ei,
1336 4254 1430 4325 qui
1462 4268 1548 4308 me
1580 4253 1893 4323 segregavit
1928 4267 1996 4306 ex
2043 4259 2200 4305 utero
2238 4265 2353 4304 ma-

780 4354 885 4408 tris
946 4350 1046 4421 13
1102 4363 1255 4413 meas,
1311 4356 1366 4402 et
1414 4346 1630 4402 vocavit
1678 4359 1773 4414 per
1816 4343 2047 4413 gratiam
2086 4357 2263 4406 suam,
2295 4349 2355 4396 ut

784 4441 1049 4498 revelaret
1094 4437 1292 4492 Filium
1347 4449 1506 4491 suum
1562 4434 1618 4489 in
1675 4448 1781 4497 me,
1818 4442 1878 4487 ut
1925 4433 2352 4504 evangelizarem

784 4535 959 4603 ipsum
991 4531 1045 4586 in
1076 4529 1334 4600 gentibus
1356 4526 1405 4583 ά.
1442 4546 1461 4580 ι
1505 4525 1661 4591 Quod
1705 4532 1887 4580 autem
1910 4526 2074 4579 etiam
2109 4524 2355 4594 unigeni-

784 4635 875 4681 tus
900 4624 1073 4677 Filius
1100 4623 1203 4676 hoc
1230 4621 1409 4689 ipsum
1441 4617 1653 4681 fecerit,
1678 4632 1873 4672 rursus
1898 4616 2032 4670 dicit
2059 4615 2355 4685 Apostolus
2384 4626 2429 4679 ι)

788 4719 842 4772 in
875 4714 1122 4779 Actibus,
1173 4713 1277 4768 sibi
1312 4712 1489 4766 visum
1544 4724 1667 4767 esse
1720 4710 2013 4765 Dominum
2045 4708 2098 4762 in
2132 4708 2352 4779 templo,

786 4807 1131 4879 jussisseque
1182 4812 1244 4858 ut
1295 4803 1602 4867 festinaret,
1655 4808 1710 4858 et
1767 4801 1960 4867 exiret,
2003 4799 2147 4871 quod
2184 4799 2354 4855 Judaei

791 4894 1232 4966 praedicationem
1307 4906 1415 4944 non
1485 4890 1855 4954 admitterent,
1909 4898 1963 4944 et
2014 4887 2280 4957 adiecisse
2340 4908 2354 4943 :

796 5006 814 5038 ι
853 4985 1022 5049 Vade,
1050 4982 1179 5052 quia
1222 4981 1290 5036 ad
1332 4990 1520 5051 gentes
1552 4982 1740 5051 procul
1772 4981 1981 5035 mittam
2010 4990 2060 5035 te
2084 4991 2128 5034 °.
2171 4999 2190 5033 ι
2244 4979 2359 5035 Hoc

793 5079 971 5146 ipsum
1008 5086 1186 5129 autem
1206 5072 1341 5128 dixit
1366 5073 1528 5127 etiam
1553 5073 1779 5129 Ananizc
1796 5072 2070 5129 recusanti
2098 5090 2111 5126 :
2141 5089 2159 5123 ι
2191 5069 2353 5137 Vade,

794 5167 1051 5237 quoniam
1084 5180 1179 5219 vas
1206 5164 1491 5219 electionis
1529 5173 1613 5218 est
1657 5164 1789 5218 mihi
1819 5166 1939 5230 iste,
1971 5174 2030 5217 ut
2058 5169 2236 5233 portet
2257 5178 2359 5227 ne-

796 5272 915 5313 men
958 5271 1137 5310 meum
1207 5271 1391 5309 coram
1452 5256 1724 5326 gentibus,
1754 5263 1808 5311 et
1858 5256 2099 5326 regibus,
2139 5262 2194 5310 et
2235 5254 2358 5308 filiis

796 5344 960 5400 lsracl
999 5344 1041 5394 ί.
1076 5361 1093 5393 ι
1128 5343 1196 5395 At
1247 5344 1439 5398 beatus
1488 5358 1708 5413 quoque
1773 5342 1948 5397 Lucas
1994 5346 2009 5364 ‘
2036 5357 2138 5399 nos
2200 5341 2358 5396 docct

796 5436 963 5509 quod,
994 5450 1115 5489 cum
1150 5433 1423 5503 propheta:
1472 5435 1773 5490 Antiochiae
1810 5434 2039 5489 Domino
2081 5433 2357 5488 ministra-

798 5535 937 5584 rent.
975 5534 1025 5577 ct
1057 5525 1388 5592 jejunareut,
1431 5522 1567 5575 dixit
1611 5521 1851 5593 Spiritus
1887 5533 2151 5579 sanctus:
2194 5542 2211 5574 ι
2256 5520 2359 5575 Se-

798 5625 1002 5688 grctatc
1031 5613 1159 5666 inibi
1187 5610 1484 5664 Barnabam
1510 5621 1565 5665 ct
1588 5611 1812 5667 Saulum
1856 5611 1922 5666 ad
1952 5628 2086 5682 opus
2116 5612 2181 5665 ad
2213 5610 2357 5680 quod

873 5813 892 5839 τ
926 5805 1043 5854 Art.
1086 5818 1226 5865 uti,
1259 5801 1345 5855 ει.
1423 5798 1447 5838 ι¹
1489 5799 1662 5858 Galat.
1699 5816 1746 5863 ι,
1792 5800 1870 5851 lii,

1956 5811 1975 5838 ε
2014 5801 2131 5855 Act.
2170 5797 2443 5862 “11,21.

2427 2139 2590 2192 τίνων
2621 2139 2648 2191 6
2680 2138 2905 2208 γράφων
2945 2136 3272 2207 ἀξιωμάτων
3311 2137 3548 2208 μετέχει,
3586 2139 3726 2206 μετὰ
3756 2135 4004 2196 πλείονος

2429 2230 2570 2283 αὑτά
2598 2230 2835 2299 σπουδῆς
2863 2248 2923 2283 τε
2948 2230 3041 2283 καὶ
3068 2230 3380 2300 προθυμίας
3407 2230 3677 2299 ἐδέχοντο.
3710 2229 3821 2280 Καὶ
3853 2225 4004 2298 πρῶο

2429 2340 2519 2376 τον
2551 2324 2649 2393 μὲν
2697 2323 2891 2376 ἐαυτὸν
2937 2323 3179 2377 Παῦλον
3214 2324 3397 2389 καλεῖ,
3434 2323 3495 2376 οὑ
3541 2322 3747 2394 ταύτην
3796 2320 4005 2375 ἄνωθεν

2432 2415 2580 2484 παρὰ
2619 2414 2725 2466 τῶν
2781 2413 3034 2485 πατέρων
3087 2414 3188 2485 τὴν
3261 2414 3633 2486 προσηγορίαν
3685 2414 4003 2483 δεξάμενος,

2432 2503 2569 2558 ἀλλὰ
2601 2504 2739 2575 μετὰ
2774 2504 2873 2575 τὴν
2913 2502 3107 2571 κλῆσιν
3143 2505 3349 2575 ταύτης
3383 2505 3634 2570 ἀξιωθεὶς
3655 2545 3671 2571 ,
3716 2504 3791 2568 ὡς
3820 2506 4005 2574 Σίμων

2435 2595 2638 2668 Πέτρος
2663 2637 2676 2658 ,
2725 2596 2819 2647 καὶ
2865 2596 2970 2648 υἱο¹ι
3007 2594 3238 2665 βροντῆς
3267 2598 3315 2649 οἱ
3345 2596 3631 2650 Ζεϐεδαίου
3669 2596 3806 2661 υἱοὶ,
3846 2596 3940 2649 καὶ
3977 2597 4007 2648 6

2448 2683 2644 2737 Ἰακὼὸ
2706 2684 2923 2755 Ἰσραὴλ
2964 2726 2979 2750 ,
3036 2685 3131 2737 καὶ
3199 2685 3451 2756 ’Λϐραάμ
3493 2688 3522 2739 6
3579 2686 3819 2757 Ἀδραμ.
3871 2681 4009 2739 Εἶτα

2435 2773 2659 2829 δοῦλοι·
2688 2776 2893 2842 Ἰησοῦ
2921 2777 3199 2844 Χριστοῦ,
3222 2777 3281 2831 ὃν
3303 2777 3493 2848 νεκρὸν
3516 2777 3742 2831 ἐκάλουν
3769 2778 4009 2841 ἅπαντας

2436 2870 2484 2921 οἱ
2512 2867 2892 2931 ἀπιστοῦντες,
2920 2868 3014 2920 καὶ
3044 2869 3485 2941 ἐσταυρωμένον,
3518 2869 3612 2922 καὶ
3638 2868 3730 2922 τοῦ
3759 2869 4009 2933 τέκτονος

2439 2957 2570 3011 υἱόν.
2624 2957 2767 3009 Ἀλλ’
2806 2958 2953 3028 ὅμως
2996 2959 3097 3028 τὴν
3120 2959 3310 3011 τούτου
3347 2958 3595 3011 δουλείαν
3639 2959 3779 3028 ὑπὲρ
3827 2961 4010 3012 πᾶσαν

2442 3048 2718 3118 βασιλείαν
2753 3049 3048 3117 ἠσπάζετο.
3106 3050 3338 3102 Ἔπειτα
3385 3049 3615 3111 κλητδν
3655 3051 3844 3102 ἐαυτὸν
3892 3049 4012 3103 ὀνο-

2445 3137 2627 3209 μάζει,
2655 3138 2753 3207 τὴν
2787 3137 2995 3191 ἄνωθεν
3031 3138 3401 3209 αἰνιττόμενος
3434 3138 3645 3209 κλῆσιν.
3683 3140 3794 3193 Καὶ
3828 3139 3885 3192 τὸ
3915 3139 4010 3193 τοῦ

2443 3230 2791 3284 ἀποστόλου
2839 3230 2895 3282 δὲ
2952 3230 3307 3301 προστίθησιν
3352 3231 3557 3301 ὄνομα,
3615 3231 3879 3285 διδάσκων
3938 3233 4013 3293 ὡς

2444 3322 2539 3375 καλ⁸
2587 3321 2777 3375 τούτου
2836 3321 3161 3393 τετύχηκεν.
3231 3323 3445 3394 Ἐπειδὴ
3489 3324 3597 3394 γὰρ
3646 3326 3759 3387 τοῖς
3807 3324 4015 3378 δώδεκα

2444 3413 2641 3485 ταύτην
2668 3416 2695 3466 6
2731 3414 2935 3484 Κύριος
2965 3414 3064 3484 τὴν
3112 3415 3481 3485 προσηγορίαν
3520 3414 3757 3485 ἐπέθηκε
3782 3455 3797 3478 ,
3833 3416 4015 3486 τίθησι

2445 3508 2538 3558 καὶ
2564 3504 2767 3574 ταύτην
2793 3507 2820 3558 6
2851 3505 2990 3568 θεῖος
3025 3506 3347 3569 Ἀπόστολος
3372 3522 3384 3536 ⁶
3414 3507 3513 3575 οὐχ
3537 3507 3791 3577 ἀρπάσας
3821 3509 4015 3576 αὐτὴν,

2445 3594 2578 3647 ἀλλά
2615 3595 2741 3665 παρ’
2790 3594 2955 3649 αὑτοῦ
3002 3594 3097 3649 τοῦ
3152 3596 3425 3649 Δεσπότου
3473 3597 3787 3667 δεξάμενος.
3848 3618 3865 3649 ι
3913 3600 4023 3650 Πο-

2452 3684 2611 3757 ρεύου
2651 3688 2792 3757 γάρ,
2827 3687 2930 3756 ἔφη
2974 3687 3111 3758 πρὸς
3144 3688 3342 3753 αὑτὸν,
3378 3688 3460 3740 ὅτι
3508 3689 3589 3752 είς
3632 3688 3759 3758 ἔθνη
3798 3690 4020 3760 μακρὰν

2449 3776 2791 3843 ἐξαποστελῶ
2834 3794 2913 3833 σε.
2952 3798 2968 3829 ι
3006 3779 3116 3831 Καὶ
3162 3778 3318 3832 τοῦτο
3368 3778 3516 3848 δηλοῖ
3571 3779 3655 3831 διὰ
3693 3780 3801 3831 τῶν
3856 3781 4015 3848 ἐζῆςο

2462 3868 2896 3937 Ἀερωρισμένος
2945 3871 3031 3934 είς
3060 3869 3431 3938 Εὺαγγέλιον
3485 3869 3653 3923 Θεοῦ.
3699 3870 3811 3922 Οὐκ
3854 3870 4021 3921 αὐτοι

2451 3958 2822 4029 χειροτόνητός
2852 3961 2989 4030 είμι,
3020 3959 3185 4030 φησίν
3206 3976 3221 3990 ⁸
3245 3960 3381 4014 ἀλλά
3405 3960 3731 4039 παρηΙαὺτοῦ
3762 3962 3855 4014 τοῦ
3882 3962 4021 4015 Θεοῦ

2450 4048 2548 4117 τὴν
2577 4047 2672 4101 τοῦ
2720 4050 3073 4121 κηρύγματος
3116 4051 3383 4123 ἐδεξάμην
3410 4044 3704 4109 διακονίαν.
3751 4054 4023 4125 Ἀφώρισε

2451 4138 2508 4191 δὲ
2550 4138 2710 4193 αὐτὸν
2758 4140 2853 4193 καὶ
2882 4142 2910 4191 ὁ
2941 4142 3149 4215 Πατὴρ,
3198 4144 3292 4197 καὶ
3326 4144 3354 4196 6
3408 4144 3555 4207 Υἱὸς,
3611 4144 3705 4198 καὶ
3755 4146 3816 4199 τδ
3866 4145 4024 4213 ἆγιον

2454 4228 2699 4299 Πνεῦμα.
2755 4230 2865 4282 Καὶ
2895 4231 2975 4283 ὅτι
3031 4232 3129 4301 μὲν
3187 4233 3350 4287 αὑτὸν
3397 4234 3425 4286 6
3475 4234 3664 4305 Πατὴρ
3721 4234 4020 4306 ἀφώρισεν,

2455 4323 2616 4385 αὐτὸς
2656 4324 2712 4375 ἐν
2745 4325 2809 4394 τῇ
2844 4323 2979 4394 πρὸς
3026 4326 3271 4390 Γαλάτας
3302 4326 3575 4381 διδάσκει·
3619 4347 3638 4378 ι
3680 4328 3807 4381 Ὅτε
3838 4328 3893 4381 δὲ
3934 4334 4026 4381 εὑ-

2455 4413 2736 4483 δόκησενό
2765 4414 2918 4479 Θεὸς,
2953 4418 2980 4469 6
3026 4417 3293 4489 ἀφορίσας
3340 4436 3409 4489 με
3454 4418 3518 4471 ἐκ
3564 4419 3772 4482 κοιλίας
3817 4422 4025 4490 μητρός

2461 4522 2584 4575 μου,
2604 4506 2699 4559 καὶ
2724 4506 2954 4569 καλέσας
2978 4506 3067 4560 διὰ
3094 4509 3193 4579 τῆς
3216 4508 3437 4579 χάριτος
3459 4507 3646 4568 αὑτοῦ,
3673 4511 4025 4579 ἀποκαλύψαι

2456 4598 2548 4653 τὸν
2574 4598 2702 4650 Υίδν
2749 4597 2914 4652 αὑτοῦ
2962 4600 3019 4652 ὲν
3066 4601 3222 4670 ἐμοὶ,
3268 4601 3355 4653 ἵνα
3394 4600 3828 4671 εὐαγγελίζωμαι
3863 4601 4029 4655 αὐτὸν

2459 4689 2517 4741 ἐν
2559 4690 2670 4753 τοῖς
2727 4689 2955 4743 ἔθνεσιν.
3003 4710 3019 4742 ι
3065 4692 3188 4745 Ὅτι
3238 4691 3294 4745 δὲ
3347 4692 3443 4745 καὶ
3490 4693 3518 4744 6
3560 4691 3852 4762 μονογενὴς
3898 4692 4028 4755 Υἱὸς

2459 4780 2622 4834 ταυτδ
2664 4781 2823 4834 τοῦτο
2849 4782 3137 4853 πεποίηκε,
3182 4783 3342 4837 πάλιν
3375 4784 3403 4837 6
3453 4783 3770 4847 Ἀπόστολος
3816 4784 3873 4837 ἐν
3906 4786 4026 4847 ταῖς

2462 4872 2702 4942 Πράξεσι
2746 4872 2914 4941 λέγει,
2961 4874 3035 4937 ὡς
3083 4873 3237 4945 ὤφθη
3278 4875 3376 4943 μὲν
3424 4872 3571 4945 αύτῷ
3620 4876 3677 4927 ἐν
3724 4873 3802 4944 τῷ
3841 4874 3970 4945 ἱερῷ
4000 4879 4031 4928 6

2462 4961 2685 5034 Κύριος,
2720 4964 3160 5035 παρεκελεύσατο
3189 4966 3244 5018 δὲ
3276 4966 3528 5029 σπεῦσαι,
3559 4968 3653 5019 καὶ
3680 4966 3933 5032 ἐξελθεῖν,
3953 4966 4033 5030 ὡς

2477 5052 2742 5107 Ἰουδαίων
2780 5056 2854 5125 μὴ
2902 5055 3206 5125 δεχομένων
3242 5057 3302 5109 τὸ
3334 5058 3623 5129 κήρυγμα,
3667 5058 3757 5110 καὶ
3793 5058 4032 5129 προστέ-

2465 5144 2598 5215 θηκε
2626 5164 2638 5177 ·
2674 5164 2693 5197 ι
2728 5146 2987 5218 Πορεύου,
3017 5149 3098 5202 ὅτι
3136 5150 3215 5213 είς
3254 5150 3382 5218 ἔθνη
3435 5149 3651 5220 μακράν
3687 5149 4035 5216 ἐξαποστελῶ

2467 5257 2546 5292 σε.
2600 5258 2619 5291 r
2657 5240 2833 5293 Ταυτὸ
2870 5241 2925 5293 δὲ
2976 5241 3133 5295 τοῦτο
3176 5242 3269 5296 καὶ
3310 5241 3445 5312 πρὸς
3497 5241 3586 5295 τὸν
3637 5242 3883 5294 ’Δνανίαν
3927 5240 4032 5312 ἔφη

2465 5330 2852 5401 ἀναδυόμενον·
2896 5351 2912 5383 ι
2950 5334 3187 5404 Πορεύου
3214 5376 3228 5401 ,
3289 5333 3612 5397 ὄτι-σκεῦος
3668 5333 3897 5404 ἐκλογῆς
3941 5350 4034 5403 μοι

2466 5421 2615 5475 ἐστὶν
2654 5416 2842 5485 οὗτος,
2892 5424 2985 5477 τοῦ
3030 5424 3295 5491 βαστάσαι
3338 5426 3399 5480 τὸ
3430 5427 3601 5497 ὄνομά
3652 5444 3753 5496 μου
3800 5424 4031 5477 ἐνώπιον

2464 5515 2667 5580 ἐθνῶν,
2704 5516 2797 5567 καὶ
2830 5516 3095 5586 βασιλέων
3117 5559 3132 5582 ,
3174 5520 3305 5573 υίῶν
3346 5538 3406 5573 τε
3438 5520 3677 5592 Ἰσραήλ.
3724 5538 3743 5571 ι
3794 5519 3851 5571 ὐ
3887 5516 3943 5570 δέ
3968 5533 4035 5584 γε

2470 5607 2733 5677 μακάριος
2774 5610 2984 5673 Λουκᾶς
3014 5611 3253 5665 διδάσκει
3288 5614 3457 5684 ἡμᾶς,
3493 5616 3568 5678 ὠς
3594 5613 3703 5667 τῶν
3744 5612 3801 5666 ἐν
3830 5610 4033 5665 Ἀντιος

2533 5798 2547 5835 ί
2598 5794 2958 5855 Acl.tx,15.
