4194 6432
191 374 260 436 ιε]
1059 376 1670 438 ΙΝΤΕΒΡΒΕΤΑΤΙΟ
1711 375 1947 434 ΕΡιδΤ.
1999 379 2097 436 Al)
2122 379 2300 438 ΗΘΜ.
2331 382 2487 441 CAP.
2531 385 2573 440 Ι.
3385 394 3451 454 δῖ

190 491 317 562 χεεᾳ
377 493 684 564 προφητῶν
745 492 1204 563 λειτουργούντων
1270 492 1346 562 τῷ
1398 493 1626 562 Κυρίῳ,
1686 491 1778 543 καὶ

1893 493 2154 560 assumpsi
2185 507 2280 546 eos
2313 503 2359 546 κ.
2407 514 2424 546 ι
2451 496 2631 560 Quare
2658 500 2821 550 etiam
2852 503 3138 556 tnumiesta
3162 514 3245 557 est
3276 505 3427 558 'l'rin?

191 585 602 652 νηστευόντων,
636 581 758 638 εἷπε
792 585 854 639 τὸ
905 584 1129 654 Πνεῦμα
1160 585 1220 638 τὸ
1263 585 1417 652 ἆγιον
1443 601 1456 614 ·
1496 601 1514 634 ι
1565 583 1782 654 Ἀφορί-

197 693 326 728 σατε
367 678 432 747 δή
479 695 575 747 μοι
615 677 705 730 τὸν
749 677 1035 748 Βαρνάϐαν
1078 677 1174 730 καὶ
1215 677 1306 730 τὸν
1337 675 1574 741 Σαῦλον,
1608 677 1686 739 εἰς
1723 675 1784 729 τὸ

194 770 358 837 ἔργον
389 768 420 820 ὃ
463 768 887 839 προσκέκλημαι
935 768 1149 833 αὐτούς.
1197 789 1216 820 ι
1262 770 1405 842 Δήλη
1462 770 1640 825 τοίνυν
1691 770 1784 824 καὶ

196 859 451 912 ἐντεῦθεν
483 863 519 929 ἡ
549 861 650 930 τῆς
678 861 908 929 Τριαδος
946 861 1145 930 ἰσότης.
1180 863 1292 914 Καὶ
1333 862 1393 915 τὺ
1450 862 1784 930 Εὖαγγέλιον

195 950 271 1009 δὲ,
297 950 398 1001 τοῦ
423 949 570 1002 Θεοῦ
601 951 697 1018 μὲν
725 949 961 1003 ἐνταῦθα
991 950 1400 1020 προσηγόρευσε
1421 966 1434 979 °
1482 950 1618 1020 μετὰ
1654 950 1784 1019 βρα-

198 1037 297 1105 χέα
330 1039 390 1090 δέ
434 1056 575 1108 φησι
617 1038 708 1091 τοῦ
748 1038 881 1092 Υἱοῦ
921 1039 1076 1091 τοῦτο
1108 1035 1271 1092 εἶναι.
1307 1039 1468 1106 Λέγει
1512 1038 1568 1090 δὲ
1611 1036 1780 1090 οὕτω·

196 1128 447 1197 Μάρτυς
497 1129 613 1198 τάρ
652 1147 752 1198 μοι
779 1131 955 1183 ἐστὶν
996 1133 1027 1183 ὁ
1051 1129 1215 1195 Θεὸς,
1239 1121 1285 1194 ᾧ
1305 1131 1573 1195 λατρεύω
1608 1129 1679 1181 ἑν
1709 1126 1788 1193 τῷ

199 1221 508 1288 Πνεύματι
518 1239 658 1289 μου,
690 1221 760 1274 ἐν
781 1219 860 1285 τῷ
891 1221 1232 1290 Εὐαγγελίῳ
1263 1219 1366 1273 τοῦ
1419 1219 1554 1273 Υἱοῦ
1575 1217 1783 1273 αὐτοῦ.

205 1311 392 1365 Ταῦτα
436 1311 500 1364 δὲ
536 1312 639 1365 οὐκ
691 1313 814 1383 εἰκῆ
869 1313 964 1366 καὶ
1024 1312 1200 1382 μάτην
1258 1310 1782 1381 ὲπεσημηνάμην¹⁰,

202 1403 338 1454 ἀλλὰ
367 1403 589 1466 δεικνὺς
623 1403 699 1466 ὡς
741 1403 1051 1474 ἀδιαφόρως
1098 1402 1164 1455 τὰ
1197 1402 1336 1455 αὐτὰ
1361 1442 1375 1464 ,
1411 1402 1540 1454 ποτὲ
1573 1402 1671 1471 μὲν
1695 1402 1786 1454 ἐπὶ

199 1491 291 1544 τοῦ
338 1493 583 1563 Πατρδς,
622 1493 752 1547 ποτὲ
797 1494 855 1547 δὲ
886 1495 982 1547 ἐπὶ
1019 1492 1111 1546 τοῦ
1159 1493 1289 1546 Υἰοῦ
1324 1493 1566 1546 τιθέασιν
1601 1495 1650 1547 οἱ
1689 1494 1788 1564 τῆς

200 1581 470 1650 ἀληθείας
519 1583 851 1638 διδάσκαλοι.
902 1584 1268 1653 Εὑαγγέλιογ
1315 1584 1370 1636 δὲ
1412 1584 1471 1637 τὸ
1526 1585 1789 1654 κήρυγμα

201 1674 677 1743 προσηγόρευσεν,
717 1675 792 1738 ὡς
839 1674 1051 1728 πολλῶν
1097 1674 1318 1743 ἀγαθῶν
1358 1675 1788 1745 ὑπισχνούμενον

199 1766 498 1834 χορηγίαν.
542 1768 967 1835 Εὐαγγελίζεται
1014 1767 1122 1837 γὰρ
1154 1767 1254 1830 τὰς
1281 1766 1375 1820 τοῦ
1404 1765 1539 1819 Θεοῦ
1582 1766 1784 1820 καταλ-

1886 581 2074 638 uitatis
2103 586 2410 652 aequalitas.
2459 587 2535 640 Ac
2582 588 2677 642 Dei
2726 590 2944 659 quidem
2988 591 3340 662 Evangelium
3368 597 3456 648 Ilit'

1884 674 2213 742 appellavit;
2257 677 2420 744 paulo
2469 688 2592 746 post
2630 690 2813 734 autem
2857 683 2986 736 dicit
3013 684 3115 738 hoc
3149 701 3274 740 esse
3309 685 3453 740 l'ili;.

1887 763 1980 819 Sic
2021 765 2168 819 enim
2201 765 2356 830 dicit,
2401 767 2569 822 Testis
2601 781 2677 823 est
2726 775 2852 825 mihi
2885 774 3046 835 Deus,
3092 779 3177 828 cui
3207 780 3375 830 sere-io
3405 781 3457 830 in

1883 857 2072 925 spiritu
2099 874 2232 921 meo,
2267 859 2320 912 in
2355 857 2639 929 Etvangeiio
2669 859 2796 916 Filii
2819 864 2955 932 ejus.
2987 866 3112 920 ihee
3139 877 3319 920 autem
3351 886 3456 920 nun

1886 946 2089 1004 frustra
2114 959 2169 1004 et
2193 959 2396 1006 temere
2422 951 2673 1007 aantavi
2695 971 2708 1019 ;
2733 955 2828 1010 sed
2855 967 2908 1009 ut
2939 959 3283 1013 ostenderem
3313 962 3454 1028 quod

1886 1039 2022 1094 citra
2065 1042 2232 1094 ullum
2275 1043 2570 1097 discrimen
2619 1047 2808 1102 eadem
2841 1049 3140 1118 aliquando
3163 1049 3331 1112 Patri,
3357 1052 3455 1103 ati-

1887 1131 2105 1200 quando
2136 1129 2274 1186 Filio
2299 1133 2585 1187 ascribunt
2618 1138 2866 1191 veritatis
2888 1138 3164 1191 ductores.
3191 1137 3459 1192 Praedica-

1889 1223 2092 1277 tionem
2140 1231 2322 1278 autem
2351 1221 2695 1294 Evangelium
2734 1228 3052 1297 appellavit,
3089 1237 3145 1281 ut
3168 1244 3288 1299 qua:
3321 1231 3459 1283 mulo

1890 1320 2067 1366 torum
2100 1312 2369 1368 bonorum
2411 1315 2757 1386 largitionem
2797 1319 3163 1388 promitteret.
3200 1319 3460 1374 Folieitcr

1886 1402 2032 1458 enim
2067 1403 2364 1459 annuntiat
2399 1405 2493 1460 Dei
2537 1408 3069 1473 reconciliationem,
3102 1411 3304 1465 diaboli
3346 1411 3460 1466 dis-

1888 1495 2237 1564 solutionem,
2272 1506 2624 1566 peccatorum
2651 1502 3060 1566 remissionem,
3097 1505 3290 1558 mortis
3349 1517 3464 1559 ces-

1889 1587 2182 1652 sationem.
2219 1605 2250 1644 a
2282 1593 2514 1648 mortuis
2562 1597 3052 1661 resurrectionem,
3103 1598 3266 1652 vitam
3309 1605 3458 1651 aeter-

1889 1695 2036 1744 nam,
2076 1688 2130 1734 et
2182 1696 2410 1752 regnum
2461 1685 2751 1742 caelorum.
2801 1686 2936 1742 Cum
2989 1697 3168 1742 autem
3233 1689 3463 1744 dixisset

1889 1768 2108 1826 divinus
2143 1771 2464 1842 Apostolus,
2520 1790 2581 1830 se
2640 1775 2744 1848 14
2803 1776 2971 1833 fuisse
3029 1787 3375 1849 segregatum
3409 1779 3462 1831 in

197 1855 378 1921 ὶαγὰς
401 1895 419 1920 ,
465 1857 572 1926 τὴν
607 1855 702 1909 τοῦ
728 1856 976 1910 διαϐόλου
1006 1856 1333 1921 κατάλυσιν,
1381 1856 1490 1909 τῶν
1525 1857 1778 1926 ἁμαρτη-

1893 1858 2234 1931 Evangelium
2268 1861 2382 1928 Dei,
2411 1864 2531 1934 ejus
2581 1866 2766 1920 statim
2811 1875 2937 1922 ante
2991 1869 3172 1922 omnia
3213 1868 3446 1936 antiqui-

202 1946 393 2013 ματων
435 1947 542 2016 τὴν
585 1949 812 2016 ἄφεσιν,
856 1946 952 2000 τοῦ
985 1947 1216 2000 θανάτου
1250 1947 1349 2017 τὴν
1378 1945 1624 2012 παῦλαν,
1673 1945 1784 2000 τῶν

1893 1959 2056 2007 tatem
2114 1954 2379 2018 ostendit,
2417 1970 2486 2011 ne
2533 1956 2740 2014 stultus
2796 1957 2936 2014 forte
2977 1958 3249 2030 quispiam
3291 1959 3343 2013 id
3380 1975 3458 2014 re-

199 2034 415 2104 νεκρῶν
455 2037 560 2106 τὴν
603 2037 934 2101 ἀνάστασιν,
979 2037 1079 2108 τὴν
1105 2037 1250 2108 ζωὴν
1281 2037 1378 2107 τὴν
1404 2035 1644 2100 αἰώνιον,
1687 2034 1786 2106 τὴν

1893 2045 2108 2099 centius
2138 2054 2400 2116 reputans
2429 2047 2704 2114 rejiceret,
2763 2056 2819 2104 et
2857 2048 2993 2104 dicit
3022 2069 3034 2104 :

203 2124 491 2192 βασιλείαν
559 2128 670 2181 τῶν
712 2129 979 2201 οὐρανῶν.
1053 2129 1110 2182 Ὀ
1156 2129 1212 2181 δὲ
1263 2127 1403 2191 θεῖος
1468 2127 1789 2191 Ἀπόστολος
1850 2133 2085 2204 εἰρηκὼς
2136 2136 2210 2200 ὡς
2256 2138 2543 2210 ἀφωρίσθη
2586 2140 2666 2203 εις
2711 2141 3040 2210 Eunomo
3094 2140 3258 2204 Θεοῦ,
3303 2141 3462 2202 εὖθξις

200 2219 375 2273 αὑτοῦ
413 2220 528 2292 πρὸ
563 2220 783 2274 πάντων
820 2221 919 2291 τὴν
951 2219 1288 2292 ἀρχαιότητα
1331 2218 1602 2273 δείκνυσιν
1629 2259 1643 2285 ,
1697 2219 1785 2274 ἵνα
1825 2223 1899 2295 μή
1926 2241 2009 2288 τις
2033 2227 2138 2279 τῶν
2160 2227 2401 2300 ἀνοήτων
2423 2231 2497 2293 ὡς
2553 2229 2816 2300 νεώτερον
2857 2231 3156 2304 ἀποκρίνας
3206 2232 3463 2304 ἐκϐάλλῃ,

201 2328 294 2363 και
323 2328 499 2381 φησιν
526 2327 540 2340 ·

270 2406 340 2475 β’.
366 2408 439 2458 Ὃ
461 2407 978 2476 προεπηγγείλατο
997 2406 1094 2460 διὰ
1119 2405 1237 2461 τῶν
1255 2404 1574 2476 προφητῶν
1597 2405 1784 2462 αὑτοῦ

201 2499 268 2550 ἐν
291 2497 574 2567 Γραςεαῖς
605 2499 822 2566 ἁνίαις.
858 2499 1078 2568 Πλήρης
1105 2501 1215 2570 γὰρ
1239 2502 1272 2570 η
1304 2500 1516 2554 Παλαιὰ
1541 2499 1786 2570 Διαθήκη

203 2590 309 2643 τῶν
361 2591 500 2659 περὶ
549 2590 647 2643 τοῦ
679 2589 886 2662 Κυρίου
947 2593 1323 2662 προρρήσεων.
1383 2591 1458 2645 Τὸ
1499 2591 1554 2645 δὲ
1591 2591 1788 2660 ἁγίαις

203 2685 298 2752 οὺχ
347 2683 550 2746 ἁπλῶς
598 2683 868 2737 τέθεικεν.
933 2684 1094 2737 Ἀλλὰ
1122 2685 1336 2754 πρῶτον
1380 2686 1478 2756 μὲν
1521 2685 1787 2740 διδάσκων

197 2775 272 2837 ὡς
297 2776 400 2828 καὶ
425 2775 534 2846 τὴν
573 2775 815 2829 Παλαιὰν
845 2775 996 2830 θείαν
1020 2774 1128 2830 οἶδε
1159 2777 1384 2848 Γραφήν
1403 2795 1417 2808 ·
1450 2773 1570 2830 εἶτα
1603 2777 1785 2831 πᾶσαν

201 2867 527 2935 ἀποκρίνων
562 2867 662 2937 τὴν
688 2867 995 2936 ἀλλοτρίαν.
1030 2869 1180 2938 Μόνη
1224 2869 1333 2939 γὰρ
1369 2871 1402 2938 ἡ
1433 2867 1788 2932 θεόπνευστος

200 2957 396 3028 Γραφὴ
427 2957 493 3010 τδ
522 2957 798 3028 ὠφέλιμον
843 2957 977 3029 ἔχει.
1013 2959 1176 3028 Λέγει
1213 2959 1270 3013 δὲ
1302 2960 1396 3014 καὶ
1419 2960 1517 3031 τῆς
1547 2960 1786 3030 ἐπαγγε-

200 3049 317 3112 λίας
347 3048 416 3102 τὸ
444 3043 613 3110 εἶδος.

268 3148 342 3209 γ’.
381 3142 527 3210 Περὶ
579 3141 687 3195 τοῦ
735 3140 873 3195 Υιοῦ
904 3142 1126 3208 αὐτοῦ,
1181 3143 1288 3197 τοῦ
1338 3141 1665 3212 γενομένου
1714 3141 1784 3196 ἐκ

1965 2404 2128 2461 Vens.
2163 2407 2218 2463 2.
2258 2407 2411 2475 Quod
2439 2420 2560 2465 ante
2586 2413 2899 2480 promiserat
2929 2431 3019 2484 per
3038 2419 3316 2485 prophetas
3339 2437 3461 2478 suos

1893 2497 1947 2552 in
1971 2497 2258 2568 Scripturis
2276 2503 2494 2576 sanctis.
2531 2503 2758 2559 Plenum
2797 2515 2882 2562 est
2909 2507 3055 2562 enim
3087 2507 3255 2566 \‘etus
3280 2511 3464 2570 Testa-

1894 2599 2139 2646 mentum
2166 2594 2617 2662 prmdictionibus
2640 2596 2877 2652 Domini.
2902 2597 3112 2655 Sanctis
3144 2613 3323 2657 autem
3353 2621 3461 2660 non

1894 2687 2100 2736 temere
2135 2683 2410 2753 apposuit.
2443 2684 2549 2739 Sed
2577 2685 2816 2755 primum
2858 2689 3100 2758 quidem,
3145 2701 3202 2746 ut
3241 2694 3464 2749 doceret

1895 2785 1955 2828 se
1994 2773 2158 2827 etiam
2191 2783 2432 2830 veterem
2467 2774 2808 2846 Seripturam
2865 2778 3107 2836 divinam
3142 2798 3459 2853 agnoscere;

1889 2862 2092 2920 deinde
2122 2863 2314 2929 etiam,
2348 2873 2408 2920 ut
2441 2881 2659 2923 onmem
2691 2869 2927 2924 alienam
2967 2873 3302 2932 excluderet.
3337 2877 3460 2934 Sola

1888 2953 2036 3010 enim
2090 2969 2122 3009 a
2173 2954 2284 3011 Deo
2327 2956 2598 3028 inspirata
2628 2957 2914 3030 Scriptura
2961 2963 3255 3020 utilitatem
3307 2968 3361 3021 in
3404 2986 3464 3025 se

1887 3043 2155 3099 continet.
2191 3042 2307 3099 Jam
2358 3061 2487 3102 vero
2525 3046 2663 3104 dicit
2694 3052 2860 3106 etiam
2895 3057 3151 3124 promissi
3199 3061 3458 3128 speciem.

1957 3133 2122 3190 Vsus.
2152 3137 2205 3191 3.
2237 3135 2310 3190 De
2337 3135 2482 3193 Filio
2505 3155 2620 3208 suo,
2641 3143 2728 3211 qui
2745 3143 2921 3211 [actus
2946 3155 3024 3200 est
3051 3163 3115 3201 ea:
3137 3151 3333 3204 semine
3354 3150 3464 3204 Du-

203 3232 560 3301 σπέρματος
586 3233 763 3287 Δαόὶό
795 3232 945 3287 κατὰ
976 3233 1196 3302 σάρκα.
1227 3232 1326 3287 Διὰ
1360 3233 1597 3298 πάντων,
1630 3232 1787 3303 φησὶ,

1893 3227 2022 3282 vidis
2075 3229 2358 3284 secundum
2408 3248 2637 3289 carnem.
2680 3233 2786 3290 Per
2831 3251 3048 3303 omnes,
3093 3240 3290 3310 inquit,
3337 3258 3464 3313 pro-

202 3324 310 3377 τῶν
349 3325 657 3395 προφητῶν
699 3324 770 3379 τὰ
799 3326 942 3397 περὶ.
965 3325 1060 3378 τοῦ
1090 3324 1222 3378 Υἱοῦ
1259 3323 1657 3395 προεθέσπισεν
1683 3342 1696 3356 ·
1730 3323 1790 3386 ὃς

204 3416 263 3479 ἐξ
295 3415 472 3470 αὐτοῦ
505 3415 667 3483 φύσει
711 3415 820 3486 πρὸ
845 3409 954 3471 τῶν
978 3415 1187 3470 αἰώνων
1226 3414 1622 3485 γεγεννημένος
1644 3453 1660 3479 ,
1698 3413 1790 3468 καὶ

204 3509 293 3560 τοῦ
316 3507 492 3560 Δαδὶδ
528 3507 644 3571 υἱὸς
672 3508 1064 3577 ἐχρημάτισεν,
1083 3508 1158 3570 ὡς
1189 3509 1254 3561 ὲκ
1281 3506 1600 3576 σπέρματος
1625 3505 1792 3558 Δαόὶδ

202 3599 300 3671 τὴν
334 3599 694 3668 ἀνθρωπείαν
723 3598 886 3668 φύσιν
913 3598 1218 3655 ἅναλαῦών.
1251 3597 1359 3651 Τοῦ
1396 3598 1582 3668 μέντοι
1626 3595 1793 3652 Δασὶδ

208 3691 622 3762 μνημονεύσας,
643 3691 781 3760 ἄγαν
801 3689 1114 3760 ἀναγκαίως
1137 3690 1198 3744 τὸ
1223 3690 1374 3744 κατὰ
1403 3687 1600 3757 σάρκα
1620 3704 1791 3760 προσ-

204 3783 456 3836 τέθεικεν
484 3799 498 3812 ·
535 3782 625 3836 ἵνα
661 3783 736 3852 μὴ
764 3782 925 3850 φύσει
955 3782 1053 3853 μὲν
1075 3781 1170 3835 τοῦ
1203 3780 1366 3834 Δαϐὶδ
1394 3780 1510 3843 υἱὸς
1534 3777 1792 3850 νομισθῇ,

207 3876 349 3928 κατα
391 3875 557 3944 χάριν
583 3875 642 3927 δὲ
680 3871 776 3928 τοῦ
799 3873 956 3927 Θεοῦ.
1011 3873 1077 3926 Ἦ
1113 3872 1221 3943 γὰρ
1270 3871 1364 3926 τοῦ
1412 3870 1562 3926 κατὰ
1597 3869 1795 3938 σάρκα

209 3967 526 4038 προσθήκη,
564 3967 866 4021 αἰνίττεται
894 3967 969 4030 ὡς
1010 3966 1104 4020 τοῦ
1131 3964 1268 4018 Θεοῦ
1303 3965 1397 4018 καί
1431 3964 1647 4035 Πατρὸς
1680 3963 1794 4026 υἱός

206 4063 357 4113 ἐστιν
391 4059 618 4128 ἀληθῶς
661 4059 800 4113 κατὰ
830 4057 928 4129 τὴν
957 4056 1208 4127 θεότητα.
1242 4056 1379 4112 Οὐδὲ
1411 4056 1521 4127 γὰρ
1566 4054 1796 4109 ἐπὶτῶν

206 4150 369 4203 τοῦτο
408 4149 571 4219 μόνον
600 4149 770 4202 ὄντων
813 4149 952 4219 ὅπερ
1001 4147 1266 4218 ὁρῶνται,
1315 4146 1462 4200 ἐστιν
1511 4144 1691 4216 εὑρεῖν
1737 4142 1797 4197 τὸ

206 4243 362 4296 κατὰ
415 4240 619 4309 σάρκα
677 4241 1090 4312 προσκείμενον.
1135 4242 1244 4296 Καὶ
1289 4240 1498 4310 μάρτυς
1537 4240 1567 4293 ὁ
1619 4237 1795 4310 μακά-

209 4351 325 4406 ριος
391 4333 680 4396 Βῐατθαίος
739 4333 768 4385 ὁ
819 4331 1230 4402 εὐαγγελιστής.
1307 4328 1566 4401 Εἰρηκὼς
1643 4328 1792 4400 γάρ·

214 4445 234 4478 ι
276 4425 546 4495 Ἀϐρααμ
585 4423 845 4492 ἐγέννησε
885 4423 978 4477 τὸν
1006 4423 1212 4486 Ἰσαὰκ,
1245 4421 1432 4476 Ἰσαὰκ
1461 4421 1518 4474 δὲ
1537 4421 1796 4492 ἐγέννησε

207 4518 298 4571 τον
334 4514 564 4580 Ἰακὼϐ,
608 4513 806 4568 Ἰακὼϐ
856 4514 913 4568 δὲ
938 4514 1193 4585 ἰγέννησε
1229 4513 1319 4566 τὸν
1357 4512 1560 4567 Ἰούδαν
1585 4553 1600 4579 ,
1648 4531 1667 4565 ι
1701 4512 1796 4566 καὶ

210 4610 397 4663 πᾶσαν
438 4606 641 4677 ἐφεξῆς
687 4606 785 4678 τὴν
823 4605 1176 4676 γενεαλογίαν
1205 4604 1524 4672 διεξελθὼν,
1558 4601 1796 4673 οὐδαμοῦ

210 4702 270 4755 τὸ
307 4699 468 4755 κατὰ
515 4699 718 4766 σάρκα
765 4697 1178 4768 προστέθεικεν.
1231 4697 1344 4766 Οὐχ
1389 4697 1629 4766 ἥρμοττε
1687 4694 1798 4764 γὰρ

213 4793 402 4854 αὐτοῖς
441 4789 752 4860 ἀνθρώποις
797 4785 950 4842 οὖσιν
988 4789 1022 4858 ὴ
1070 4787 1294 4855 τοιαύτη
1341 4787 1646 4859 προσθήκη.
1684 4786 1800 4838 Ἑν-

211 4883 393 4939 ταῦθα
414 4883 496 4944 δὲ,
545 4881 732 4952 ἐπειδὴ
775 4881 877 4935 οὐκ
909 4880 1194 4951 ἄνθρωπος
1231 4880 1392 4950 μόνον
1441 4879 1613 4941 ἐστὶν,
1665 4875 1802 4931 ἀλλὰ

213 4978 307 5031 καὶ
340 4975 482 5038 Θεὸς
514 4974 843 5045 προαιιίινιος
871 4975 900 5027 ὁ
936 4971 1364 5043 ὲνανθρωπήσας
1413 4969 1546 5033 Θεὸς
1606 4969 1798 5037 Λόγος,

213 5069 306 5122 τοῦ
335 5066 663 5138 σπέρματος
688 5066 781 5120 τοῦ
810 5065 976 5120 Δαὸὶδ
1000 5064 1382 5137 μνημονεύσας
1418 5065 1445 5117 ὁ
1477 5062 1620 5125 θεῖος
1641 5061 1803 5116 Ἀπό-

218 5164 443 5224 στολος,
489 5158 811 5228 ἀναγκαίως
863 5158 926 5211 τὸ
969 5158 1119 5211 κατὰ
1167 5155 1371 5223 σάρκα
1424 5154 1804 5226 προστέθεικε,

217 5253 410 5324 σασῶς
444 5254 600 5324 ἡμᾶς
631 5251 880 5318 διδάξας,
917 5249 1032 5313 πῶς
1065 5249 1164 5320 μὲν
1197 5248 1325 5311 Υἱός
1370 5247 1488 5300 ἐστι
1517 5243 1610 5299 τοῦ
1643 5245 1802 5312 Θεοῦ,

217 5345 330 5408 πῶς
357 5343 422 5396 δὲ
445 5341 544 5395 τοῦ
573 5339 738 5393 Δαϐὶδ
767 5340 1123 5411 ἐχρημάτισε.

286 5528 312 5568 ε
351 5529 475 5578 Act.
527 5538 651 5586 xm,
683 5523 736 5576 9..
814 5524 842 5563 ιι
885 5520 1074 5576 Matth.
1109 5537 1161 5585 ι,
1193 5521 1226 5576 2
1259 5536 1410 5593 seqq.
1467 5546 1472 5552 -

1890 3319 2082 3391 phetas
2132 3318 2276 3377 Deus
2319 3321 2480 3378 Pater
2539 3325 2952 3397 praadixit'quae
2982 3328 3049 3386 de
3087 3329 3226 3386 Filio
3277 3332 3463 3388 futura

1891 3419 2049 3466 erant
2084 3430 2098 3466 :
2154 3413 2248 3482 qui
2281 3414 2350 3468 ab
2375 3430 2442 3470 eo
2476 3424 2673 3471 natura
2721 3419 2941 3488 genitus
2979 3431 3107 3476 ante
3142 3426 3364 3488 saecula,
3404 3425 3465 3478 ii-

1891 3501 2004 3559 lius
2063 3504 2230 3559 etiam
2283 3505 2507 3564 Davidis
2557 3509 2862 3580 appellatus
2909 3521 3018 3579 est,
3053 3522 3113 3570 ut
3156 3518 3249 3586 qui
3281 3532 3344 3572 ex
3376 3533 3465 3573 sc-

1893 3601 2040 3655 mine
2087 3600 2309 3657 Davidis
2359 3604 2652 3660 humanam
2701 3614 2952 3663 naturam
3003 3613 3294 3682 acceperit.
3328 3613 3463 3669 Cum

1894 3690 2079 3760 itaque
2147 3691 2406 3749 Davidem
2472 3695 2833 3759 meminisset.
2885 3704 3200 3758 necessario
3258 3705 3467 3761 addidit

1893 3779 2177 3835 secundum
2209 3797 2462 3838 carnem:
2495 3800 2564 3839 ne
2588 3794 2782 3842 natura
2812 3789 3036 3858 quidem
3069 3790 3215 3847 illius
3243 3792 3468 3850 Davidis

1895 3873 2328 3941 existimaretur,
2377 3874 2472 3931 Dei
2516 3883 2698 3934 autem
2749 3880 3052 3936 secundum
3089 3885 3343 3952 gratiam.
3368 3887 3468 3943 Illa

1896 3965 2041 4018 enim
2076 3964 2312 4033 adjectio
2333 3968 2615 4021 secundum
2637 3984 2890 4024 carnem:
2923 3972 3265 4041 imiuitqnod
3297 3973 3388 4030 Dei
3418 3985 3470 4030 et

1895 4050 2075 4109 Patris
2103 4068 2228 4109 vere
2257 4062 2340 4110 est
2365 4054 2536 4112 Filius
2557 4059 2863 4114 secundum
2893 4059 3239 4117 divinitatem
3285 4063 3470 4135 Neque

1897 4144 2043 4199 enim
2088 4144 2145 4199 in
2186 4146 2275 4212 iis,
2307 4147 2402 4216 qui
2443 4148 2496 4204 id
2523 4157 2654 4205 sunt
2684 4151 2862 4206 solum
2894 4153 3040 4222 quod
3082 4155 3354 4216 videntur.
3387 4167 3472 4214 est

1900 4234 2146 4292 invenire
2170 4236 2444 4308 adjectum
2495 4239 2633 4294 illud
2684 4243 2967 4297 secundum
2991 4259 3222 4300 carnem.
3247 4251 3265 4269 ‘
3292 4246 3474 4303 Testis

1897 4334 1983 4383 est
2015 4327 2212 4388 beatus
2243 4327 2530 4387 Matthasus
2563 4330 2934 4405 Evangelista.
2959 4335 3095 4391 Cum
3125 4341 3270 4394 enim
3303 4340 3474 4397 dixis-

1900 4427 2005 4485 set,
2035 4438 2053 4470 ι
2093 4417 2368 4476 Abraham
2413 4425 2604 4492 genuit
2641 4424 2912 4494 lsaacum,
2939 4425 3094 4484 lsaac
3142 4437 3324 4487 autem
3383 4450 3473 4503 ge-

1899 4508 2020 4563 nuit
2065 4507 2357 4576 Jacohum,
2408 4509 2585 4568 Jacob
2649 4510 2829 4569 autem
2881 4518 3072 4586 genuit
3119 4516 3313 4573 Judam
3359 4521 3409 4586 ιι,
3449 4542 3466 4572 ι

1897 4605 1953 4653 et
1978 4613 2195 4653 omnem
2235 4597 2498 4670 deinceps
2529 4603 2905 4674 genealogiam
2949 4612 3098 4661 esset
3127 4616 3469 4676 persecutus,

1899 4703 2172 4760 nusquam
2230 4689 2463 4757 addidit,
2511 4693 2796 4748 secundum
2845 4711 3078 4753 carnem.
3108 4697 3292 4768 Neque
3328 4702 3470 4756 enim

1899 4781 2032 4844 illis.
2059 4782 2153 4852 qui
2183 4791 2343 4838 erant
2371 4783 2477 4854 ipsi
2501 4783 2775 4853 homines,
2806 4786 3077 4858 ejusmodi
3115 4795 3475 4850 conveniebat

1901 4870 2127 4927 additio.
2156 4871 2256 4927 Hic
2291 4887 2443 4942 vero,
2472 4876 2733 4945 quoniam
2784 4893 2893 4932 non
2953 4881 3128 4936 solum
3178 4884 3338 4938 homo
3370 4897 3473 4949 est,

1903 4961 2000 5018 sed
2033 4971 2088 5018 et
2117 4963 2261 5018 Deus
2284 4973 2410 5020 ante
2438 4966 2661 5032 saecula,
2687 4969 2780 5038 qui
2817 4969 2920 5040 15
2957 4970 3118 5029 homo
3159 4973 3335 5032 factus
3372 4987 3474 5043 est,

1905 5051 2144 5110 Verbum
2196 5053 2360 5121 Deus,
2414 5071 2538 5112 cum
2597 5060 2828 5117 seminis
2861 5063 3082 5122 Davidis
3142 5069 3479 5126 meminisset

1907 5144 2125 5202 divinus
2151 5145 2466 5216 Apostolus,
2496 5152 2778 5206 secundum
2803 5169 3014 5210 carnem
3041 5160 3356 5215 necessario
3383 5160 3479 5215 ad-

1907 5237 2068 5304 didit,
2101 5252 2202 5294 nos
2245 5248 2438 5310 aperte
2472 5239 2678 5300 ducens
2721 5246 2996 5314 quomodo
3028 5248 3118 5305 Dei
3149 5250 3366 5321 quidem
3407 5252 3479 5309 sit

1910 5328 2108 5393 Filius,
2143 5329 2420 5400 quomodo
2455 5339 2641 5388 autem.
2670 5332 2816 5392 (ilius
2837 5335 3062 5395 Davidis
3082 5339 3272 5397 dictus
3298 5342 3392 5399 sit.

1501 5677 1731 5734 ιἰιιιίε
1772 5677 2174 5734 LECTIUNES.

283 5797 324 5829 ⁷⁸
363 5800 402 5852 Β
427 5795 887 5870 ἑπεσημανὰμην.
