4194 6432
742 378 807 441 51
1703 379 2186 440 THEUDOHETI
2220 383 2553 442 Ei’ISCUl’l
2589 384 2725 441 αγις
2738 383 2951 439 εκδιδ
3902 381 3981 445 52

812 484 975 541 Vens.
1014 486 1067 539 4.
1100 486 1201 549 Qui
1229 486 1633 548 pra‘destinatus
1660 489 1762 556 fuit
1784 487 1955 543 Filius
1990 491 2083 544 Dei
2108 493 2161 544 in
2194 493 2300 544 vir-

2479 493 2542 544 δ’.
2578 494 2683 544 Tu"
2707 491 3053 557 ὁρισθέντος·
3089 489 3222 541 Ποῦ
3253 490 3401 542 Θεοῦ
3423 490 3489 542 ἐν
3511 488 3780 559 δυνάμει,
3819 492 3978 545 κατὰ

740 588 849 633 tute
875 578 1157 633 secundum
1179 575 1438 644 Spiritum
1477 582 1945 648 sanctiﬁcationis,
1970 598 2035 635 ea:
2058 599 2307 637 resurrec-

741 672 881 722 tione
912 667 1238 721 mortuorum
1292 667 1419 723 Iesu
1447 671 1648 725 Clrrisli
1690 672 1899 727 Domini
1951 677 2135 729 nostri.
2174 678 2310 729 Ante

739 775 960 815 erucem
992 761 1210 830 quidem
1255 772 1306 815 et
1346 763 1683 830 passionem,
1720 763 1986 822 Dominus
2033 766 2306 833 Christus,

744 867 851 904 non
879 850 1057 905 solum
1091 853 1214 907 aliis
1235 851 1460 916 Judazis,
1501 854 1596 909 sed
1636 856 1773 924 ipsis
1815 857 1981 909 etiam
2016 858 2305 927 ap0stolis,

740 959 848 996 non
906 943 1195 999 videbatur
1223 960 1347 1000 esse
1373 945 1536 1002 Deus.
1572 943 2001 1001 Oﬂ'endebuntur
2045 950 2189 1003 enim
2223 966 2307 1005 re-

739 1034 842 1089 bus
874 1035 1148 1101 humanis,
1183 1050 1307 1089 cum
1339 1052 1462 1090 eum
1497 1036 1892 1103 comedentem,
1925 1045 1979 1092 et
2012 1039 2306 1102 bibentem,

738 1136 794 1176 et
831 1124 1215 1191 dormientem,
1243 1141 1307 1181 ac
1329 1127 1607 1181 defessum
1644 1126 1895 1182 viderent
1941 1149 1953 1183 :
2001 1140 2055 1183 ct
2091 1146 2159 1184 ne
2191 1130 2306 1199 ipsa

738 1216 957 1283 quidem
1001 1217 1271 1272 miracula
1303 1233 1398 1273 eos
1442 1218 1507 1272 ad
1544 1218 1685 1272 hanc
1730 1220 2038 1289 opinionem
2072 1220 2311 1275 adduce-

740 1307 893 1360 bant.
936 1304 1123 1377 Itaque
1154 1323 1279 1362 cum
1330 1308 1465 1363 illud
1496 1309 1643 1378 quod
1697 1310 1751 1363 in
1808 1310 1943 1363 mari
1992 1308 2195 1365 factum
2226 1322 2310 1365 est

738 1398 1063 1453 miraculum
1102 1400 1389 1467 vidissent,
1433 1400 1689 1457 dicebant
1724 1421 1737 1453 :
1781 1418 1799 1450 ‹
1844 1401 2036 1466 Qualis
2079 1411 2164 1457 est
2221 1402 2309 1455 hic

739 1489 944 1545 homo?
972 1493 1100 1560 quia
1138 1501 1193 1548 et
1242 1508 1396 1550 mare
1440 1502 1494 1549 et
1532 1494 1676 1547 venti
1722 1492 1989 1548 obediunt
2017 1496 2065 1548 ei
2106 1496 2150 1550 ἱ.
2187 1513 2204 1546 ι
2245 1492 2311 1548 Ει

737 1590 1032 1652 propterea
1051 1585 1312 1640 Dominus
1327 1585 1407 1640 eis
1428 1586 1593 1641 etiam
1610 1584 1829 1641 dicebat
1852 1603 1866 1639 :
1897 1603 1914 1636 ι
1940 1582 2122 1640 Habeo
2140 1586 2308 1640 multa

738 1675 895 1730 vobis
955 1676 1163 1750 dicere,
1221 1676 1318 1733 sed
1380 1692 1492 1733 non
1558 1679 1787 1747 potestis
1842 1686 2060 1747 portare
2123 1678 2306 1732 modo.

739 1766 972 1829 Quando
1001 1774 1182 1822 autem
1234 1769 1451 1824 venerit
1482 1768 1598 1835 ille,
1636 1768 1878 1839 Spiritus
1911 1770 2175 1830 veritatis,
2218 1771 2309 1823 ille

2411 581 2650 649 Πνεῦμα
2718 581 3077 647 ἁγιωσύνης,
3154 578 3222 642 ἐξ
3292 579 3685 643 ἀναστάσεως
3748 580 3980 648 νεκρῶν

2424 674 2631 741 Ἰησοῦ
2690 672 2944 739 Χριστοῦ
3003 672 3222 739 Κυρίου
3294 670 3481 740 ἡμῶν.
3548 670 3659 741 Πρό
3722 672 3819 741 μέν
3884 672 3982 723 τοῦ

2413 765 2647 837 σταυροῦ
2679 766 2772 818 καὶ
2828 765 2920 817 τοῦ
2977 764 3193 828 πάθους,
3245 766 3273 817 ὁ
3319 764 3597 833 Δεσπότης
3640 764 3870 833 Χριστὸς
3918 764 3981 814 οὑ

2415 859 2573 929 μόνον
2602 859 2715 919 τοῖς
2758 856 2939 919 ἄλλοις
2985 856 3281 921 Ἰουδαίοις,
3323 854 3457 909 ἁλλά
3495 857 3587 907 καὶ
3645 856 3825 917 αὑτοῖς
3869 855 3983 915 τοῖς

2411 949 2732 1010 ἀποστόλοις
2754 948 2853 1000 οὑκ
2882 947 3055 1000 ἐδόκει
3106 942 3245 1000 εἶναι
3276 946 3427 1009 Θεός.
3473 946 3841 1017 Προσέπταιον
3870 944 3981 1014 γὰρ

2409 1042 2521 1103 τοῖς
2545 1038 2926 1110 ἀνθρωπίνοις,
2953 1037 3201 1091 ἐσθίοντά
3227 1055 3285 1090 τε
3318 1038 3412 1091 καὶ
3442 1039 3683 1102 πίνοντα,
3710 1037 3803 1088 καὶ
3848 1036 3979 1088 καθ-

2410 1130 2652 1194 εύδοντα,
2674 1128 2767 1180 καὶ
2790 1128 3068 1181 κοπιῶντα
3088 1126 3372 1197 θεώμενοι,
3389 1128 3481 1179 καὶ
3501 1128 3619 1179 οὑδὲ
3639 1128 3707 1179 τὰ
3726 1125 3981 1194 θαύματα

2410 1222 2604 1283 αὐτοὺς
2644 1220 2779 1290 πρὸς
2822 1220 3025 1289 ταύτην
3080 1219 3331 1287 ἐποδήγει
3387 1219 3486 1289 τὴν
3536 1218 3715 1282 δόξαν.
3774 1216 3977 1270 Αὑτίκα

2410 1314 2591 1365 τοίνυν
2640 1313 2701 1364 τὸ
2760 1310 2903 1363 κατά
2959 1310 3057 1379 τὴν
3096 1311 3366 1363 θάλατταν
3417 1310 3740 1379 θεασάμενοι
3796 1308 3982 1378 θαῦμα

2411 1405 2595 1471 ἔλεγον
2624 1422 2639 1436 ·
2680 1422 2697 1453 ι
2724 1402 2973 1465 Ποταπός
3000 1404 3146 1455 ἐστιν
3173 1397 3328 1465 οὗτος
3364 1404 3393 1454 ό
3416 1402 3723 1471 ἄνθρωπος,
3771 1402 3851 1454 ὅτι
3887 1402 3982 1453 καὶ

2410 1498 2442 1565 ἡ
2490 1496 2731 1550 θάλασσα
2763 1495 2855 1547 καὶ
2883 1494 2934 1546 οἱ
2966 1494 3156 1563 ἄνεμοι
3193 1492 3557 1546 ὑπακούουσιν
3584 1492 3764 1562 αὑτῷς
3799 1511 3817 1543 ι
3883 1493 3983 1543 Διά

2409 1604 2491 1640 τοι
2521 1587 2679 1640 τοῦτο
2712 1586 2807 1638 καὶ
2844 1586 2872 1639 ὁ
2903 1584 3107 1657 Κύριος
3130 1585 3285 1652 ἔλεγε
3315 1584 3452 1655 πρὸς
3481 1584 3678 1647 αὑτούς
3704 1598 3717 1612 “
3754 1603 3771 1635 ι
3803 1584 3979 1637 Πολλὰ

2410 1680 2519 1749 ἔχω
2544 1678 2723 1745 λέγειν
2753 1679 2903 1747 ὑμῖν,
2935 1676 3050 1729 ἀλλ’
3095 1677 3155 1729 οὑ
3203 1676 3431 1728 δύνασθε
3480 1674 3770 1745 βαστάζειν
3813 1674 3934 1743 ἄρτι
3965 1690 3977 1700 ’

2409 1771 2537 1825 ὅταν
2590 1770 2645 1822 δὲ
2699 1768 2827 1839 ἔλθῃ
2884 1770 3107 1832 ἐκεῖνος,
3158 1768 3218 1821 τὸ
3272 1766 3494 1835 Πνεῦμα
3543 1766 3641 1835 τῆς
3701 1764 3977 1834 ἀληθείας,

740 1873 837 1912 vos
874 1858 1107 1913 deducet
1152 1860 1209 1914 in
1259 1874 1477 1915 onmem
1512 1862 1794 1915 veritatem
1830 1861 1875 1914 i.
1915 1880 1932 1913 ο
1967 1860 2031 1914 Et
2064 1877 2260 1915 rursus
2294 1876 2307 1912 :

2413 1863 2617 1923 ἐκεῖνος
2668 1861 2813 1929 ὑμᾶς
2842 1859 3097 1929 ὁδηγήσει
3149 1860 3229 1921 είς
3288 1859 3472 1910 πᾶσαν
3497 1858 3597 1926 τὴν
3626 1855 3905 1924 ἀλήθειαν.
3956 1873 3971 1904 ι

744 1969 765 1999 ι
808 1948 1001 2005 Sedete
1041 1950 1134 2007 hic
1164 1955 1219 2007 in
1253 1951 1356 2007 hac
1384 1951 1628 2019 civitate,
1650 1951 1825 2008 donec
1869 1952 2049 2008 induti
2090 1951 2309 2006 fueritis

739 2042 1039 2111 potentiam
1070 2059 1134 2098 ex
1160 2044 1292 2107 alto,
1333 2057 1461 2098 cum
1490 2044 1704 2099 venerit
1729 2044 1969 2114 Spiritus
1997 2051 2224 2099 sanctus
2253 2042 2309 2096 in

735 2148 836 2189 vos
870 2132 918 2187 II.
956 2152 977 2186 υ
1023 2134 1162 2190 Ante
1197 2134 1510 2205 passionem
1547 2150 1680 2205 ergo
1711 2135 1989 2190 habebant
2036 2134 2310 2205 ejusmodi

735 2224 806 2279 de
827 2238 897 2280 eo
924 2224 1235 2294 Opiniones.
1263 2224 1561 2296 Postquam
1588 2234 1772 2280 autem
1800 2227 2127 2290 resurrexit,
2151 2234 2206 2281 et
2241 2225 2309 2281 ad

736 2316 910 2372 caelos
940 2317 1215 2382 ascendit,
1246 2327 1301 2371 et
1343 2325 1567 2373 sanctus
1603 2315 1845 2386 Spiritus
1894 2318 2060 2379 venit.
2089 2325 2146 2373 et
2187 2325 2313 2387 post

737 2410 919 2466 omnis
961 2412 1177 2481 generis
1221 2414 1506 2476 miracula,
1542 2426 1663 2482 quae
1717 2412 2015 2466 venerabili
2046 2412 2165 2481 ejus
2212 2425 2311 2466 no-

736 2502 883 2556 mine
920 2502 1178 2557 invocato
1222 2502 1580 2573 peragebant,
1615 2511 1957 2573 agnoverunt
1993 2516 2184 2556 omnes
2216 2502 2307 2571 qui

735 2590 1103 2659 crediderant,
1142 2607 1265 2647 eum
1302 2608 1428 2648 esse
1488 2590 1679 2658 Deum,
1725 2603 1780 2649 et
1813 2591 1909 2648 Dei
1967 2592 2310 2663 unigenitum

737 2684 961 2739 Filium.
993 2682 1109 2740 Hoc
1154 2699 1286 2756 ergo
1314 2684 1406 2739 hic
1432 2700 1659 2756 quoque
1713 2684 1901 2740 docuit
1933 2686 2152 2740 divinus
2177 2685 2315 2755 Apo-

736 2776 938 2840 stolus,
969 2776 1115 2846 quod
1146 2777 1239 2846 qui
1274 2776 1419 2832 illius
1471 2776 1694 2832 Davidis
1748 2778 2047 2832 secundum
2089 2792 2309 2833 (samem

736 2867 919 2922 dictus
944 2875 1048 2928 est.
1079 2867 1342 2924 deﬁnitus
1365 2880 1420 2923 et
1448 2868 1862 2923 demonstratus
1905 2878 1990 2923 est
2022 2870 2114 2923 Dei
2142 2868 2311 2925 Filius

738 2974 835 3027 per
896 2960 1220 3029 potentiam,
1257 2975 1380 3031 quae
1425 2961 1531 3031 ιθ
1561 2976 1588 3014 a
1624 2972 1816 3016 sancto
1852 2961 2055 3032 Spiritu
2091 2978 2312 3019 exerce-

738 3054 920 3118 batur,
950 3061 1076 3123 post
1123 3052 1341 3107 Domini
1395 3053 1569 3109 nostri
1605 3052 1738 3109 Iesu
1779 3053 1986 3109 Christi
2034 3068 2309 3112 resurrec-

735 3144 943 3199 tionem
982 3158 1012 3197 a
1048 3143 1304 3201 mortuis.

810 3320 972 3383 νω,
1005 3321 1058 3376 5.
1098 3321 1204 3377 Per
1230 3340 1382 3393 quem
1435 3328 1727 3395 accepimus
1776 3326 2004 3398 gratiam
2033 3336 2084 3382 et
2109 3339 2314 3397 aposto-

740 3415 909 3465 latum
946 3413 1015 3466 ad
1047 3413 1387 3468 obedientium
1415 3415 1561 3484 ﬁdei,
1596 3418 1649 3470 iu
1682 3419 1923 3471 omnibus
1955 3418 2193 3488 gentibus
2218 3435 2313 3487 pro

740 3504 948 3558 nomine
974 3503 1109 3570 eius.
1141 3504 1261 3575 Ipse
1282 3506 1427 3560 enim
1456 3522 1558 3562 nos
1590 3510 1974 3578 praedicatores
2002 3510 2311 3578 constituit,

739 3595 986 3649 omnium
1014 3597 1261 3667 gentium
1306 3597 1468 3653 nobis
1500 3600 1770 3656 mandans
1814 3602 2070 3670 salutem,
2099 3614 2154 3658 et
2189 3616 2313 3673 gra-

742 3688 875 3741 tiam
905 3687 1143 3751 donans,
1179 3703 1301 3758 quae
1332 3689 1706 3758 praedicationi
1745 3694 2085 3756 conveniret,
2118 3699 2177 3747 ut
2211 3707 2310 3747 no-

742 3774 829 3831 bis
860 3774 1170 3841 obedirent,
1192 3792 1257 3831 ac
1288 3778 1461 3834 verbo
1494 3780 1809 3847 crederent,
1843 3783 1936 3853 qui
1969 3781 2310 3853 praedicatio-

744 3881 867 3920 nem
899 3866 1235 3935 reciperent.

816 3947 985 4006 Vnns.
1008 3951 1061 4006 6.
1090 3951 1156 4007 In
1180 3955 1366 4024 quibus
1389 3958 1517 4011 estis
1534 3968 1583 4012 et
1613 3975 1722 4024 vos,
1741 3962 1911 4013 vocati
1932 3960 2061 4016 Iesu
2090 3960 2310 4017 Christi.

743 4041 821 4096 Ex
859 4042 950 4106 iis,
985 4044 1184 4113 inquit,
1220 4062 1317 4103 vos
1350 4062 1570 4118 quoque
1598 4049 1856 4119 gentibus
1886 4054 2038 4118 estis,
2076 4068 2309 4122 quarum

742 4133 961 4188 cultura
991 4136 1128 4190 mihi
1158 4139 1458 4194 commissa
1504 4148 1610 4194 est.
1660 4139 1741 4196 Ne
1790 4142 1936 4197 enim
1985 4144 2312 4201 existimetis

741 4239 831 4279 me
859 4224 1037 4279 aliena
1065 4242 1351 4298 usurpare,
1381 4237 1437 4285 et
1468 4245 1631 4301 agros
1665 4233 1791 4288 aliis
1825 4234 2133 4305 assignatos
2161 4235 2313 4290 inva-

741 4319 889 4373 dere.
914 4318 1182 4376 Dominus
1212 4322 1359 4377 enim
1396 4339 1481 4379 me
1506 4325 1750 4380 omnium
1780 4330 2022 4397 gentium
2045 4332 2309 4400 prmdica.

742 4413 917 4459 torem
942 4408 1259 4463 constituit.

2413 1952 2523 2006 Καὶ
2573 1951 2763 2005 πάλιν·
2796 1968 2813 2000 ι
2842 1950 3075 2003 Μείνατε
3105 1946 3269 2001 αὑτοῦ
3296 1948 3352 1997 ἐν
3380 1949 3446 2015 τῇ
3480 1945 3632 1997 πόλει
3662 1943 3854 2014 ταύτῃ.
3877 1942 3980 2006 ἕως

2411 2041 2477 2095 ἂν
2536 2040 2825 2111 ἐνδύσησθε
2879 2040 3107 2110 δύναμιν
3168 2037 3226 2103 ἐξ
3290 2038 3476 2107 ῦὺους,
3533 2037 3845 2099 ἐπελθόντος
3887 2034 3981 2089 τοῦ

2413 2135 2567 2203 ἁγίου
2599 2133 2913 2203 Πνεύματος
2938 2131 3021 2202 ἐφ’
3046 2133 3208 2202 ὑμᾶς.
3236 2149 3255 2181 ι
3284 2132 3398 2201 Πρὸ
3421 2129 3517 2201 μὲν
3540 2124 3631 2181 οῦν
3658 2129 3750 2181 τοῦ
3778 2127 3980 2190 πάθους

2410 2225 2661 2288 τοιαύτας
2689 2221 2832 2295 εἶχον
2862 2224 3017 2291 δόξας
3055 2224 3182 2294 περὶ
3215 2220 3399 2276 αὑτοῦ.
3440 2220 3595 2274 Μετά
3632 2219 3686 2271 δέ
3726 2219 3825 2289 τὴν
3850 2219 3983 2271 ἀνά-

2413 2336 2622 2382 στασιν,
2675 2319 2769 2371 καὶ
2823 2316 2921 2386 τὴν
2964 2318 3044 2381 είς
3079 2314 3343 2386 οὐρανοὺς
3403 2312 3685 2373 ἀνάϐασιν,
3736 2310 3831 2363 καὶ
3886 2308 3981 2361 τοῦ

2412 2411 2677 2479 παναγίου
2733 2409 3051 2479 Πνεύματος
3094 2407 3465 2477 ἐπιφοίτησιν,
3519 2404 3612 2456 καὶ
3652 2404 3749 2464 τὰς
3780 2418 3979 2453 παντο-

2410 2503 2589 2567 δαπὰς
2652 2502 3095 2573 θαυματουργίας
3156 2501 3221 2565 ἃς
3280 2498 3608 2560 ἐπετέλουν,
3689 2495 3982 2555 καλοῦντες

2410 2594 2576 2649 αὑτοῦ
2636 2593 2697 2647 τὸ
2750 2594 3046 2663 σεῦἀσμιον
3096 2593 3287 2663 ὄνομα,
3343 2591 3584 2659 ἔγνωσαν
3646 2588 3881 2648 ἅπαντες
3933 2587 3983 2638 oi

2412 2686 2756 2748 πιστεύοντες
2807 2686 2870 2749 “,
2920 2685 3001 2738 ὅτι
3036 2684 3129 2737 καὶ
3158 2683 3289 2746 Θεός
3338 2683 3478 2746 ἐστι,
3546 2681 3642 2735 καὶ
3698 2678 3791 2732 τοῦ
3845 2676 3983 2729 Θεοῦ

2415 2780 2707 2849 μονογενὴς
2743 2777 2889 2840 Υἱός.
2924 2776 3095 2830 Τοῦτο
3130 2775 3313 2828 τοίνυν
3357 2772 3635 2828 κάνταῦθα
3687 2769 3927 2835 ἐδίδαξεν
3956 2771 3985 2818 ό

2412 2870 2553 2931 θεῖος
2594 2866 2936 2928 Ἀπόστολος.
2962 2867 3044 2918 ὅτι
3077 2864 3219 2918 κατά
3250 2863 3425 2935 σάρκα
3453 2860 3545 2915 τοῦ
3576 2860 3741 2913 Δαόὶδ
3762 2875 3983 2929 χρημα-

2411 2961 2565 3023 τίσας
2599 2959 2744 3022 Υἱὸς,
2779 2957 2988 3027 ὡρίσθη
3018 2958 3110 3009 καὶ
3134 2956 3429 3024 ἀπεδείχθη
3454 2953 3547 3006 τοῦ
3570 2950 3706 3005 Θεοῦ
3727 2951 3871 3011 Υἱὸς,
3897 2947 3985 3000 διὰ

2410 3055 2511 3124 τῆς
2570 3054 2677 3106 ὑπὸ
2735 3052 2828 3105 τοῦ
2889 3049 3158 3115 παναγίου
3228 3046 3539 3117 Πνεύματος
3593 3040 3987 3115 ἐνεργουμένης

2413 3147 2693 3214 δυνάμεως
2722 3145 2861 3215 μετὰ
2887 3142 2984 3214 τὴν
3010 3143 3073 3192 ἐκ
3099 3138 3310 3211 νεκρῶν
3355 3137 3651 3191 ἀνάστασιν
3696 3132 3859 3188 αὑτοῦ
3892 3130 3988 3185 τοῦ

2336 3204 2379 3262 c
2416 3204 2619 3308 Κυρίου
2851 3204 3027 3304 Ἰησοῦ
3059 3204 3313 3302 Χριστοῦ.

2483 3336 2543 3384 ε’.
2578 3328 2658 3381 Δι’
2703 3321 2774 3382 οὗ
2805 3325 3099 3394 ἐλάϐομεν
3132 3321 3310 3392 χάριν
3355 3321 3451 3373 καί
3497 3318 3853 3383 ἀποστολὴν
3900 3319 3990 3381 εις

2412 3419 2691 3485 ὑπακοὴν
2745 3418 3023 3481 πίστεως.
3087 3416 3158 3468 ἐν
3204 3412 3353 3467 πᾶσι
3401 3411 3527 3477 τοῖς
3567 3410 3809 3463 ἔθνεσιν
3836 3408 3988 3474 ὑπὲρ

2412 3510 2519 3564 τοῦ
2554 3510 2845 3578 ὀνόματος
2876 3506 3081 3561 αὑτοῦ.
3106 3505 3278 3569 Αὐτὸς
3307 3504 3416 3574 γὰρ
3459 3505 3607 3574 ἡμᾶς
3637 3497 3983 3570 προύϐάλετο

2412 3598 2681 3667 κήρυκας,
2710 3595 2820 3647 τῶν
2852 3594 3021 3647 ἐθνῶν
3050 3594 3306 3647 ἁπάντων
3337 3592 3649 3661 ἐγχειρίσας
3674 3589 3771 3658 τὴν
3806 3603 3986 3655 σωτη-

2416 3688 2558 3760 ρίαν,
2591 3687 2686 3740 uati
2713 3685 3083 3753 ἀναλογοῦσαν
3126 3683 3205 3755 τῷ
3251 3684 3567 3755 κηρύγματι
3601 3681 3985 3752 δωρησάμενος

2413 3781 2592 3850 χάριν,
2615 3778 2753 3831 ὥστε
2814 3779 2964 3847 ἡμῖν,
2994 3777 3089 3830 καὶ
3113 3776 3431 3838 ὑπακούειν,
3476 3776 3569 3828 καὶ
3601 3770 3877 3825 πιστεύειν
3910 3768 3990 3837 τῷ

2413 3871 2575 3939 λόγῳ,
2612 3869 2734 3930 τοὺς
2769 3866 3089 3935 δεχομένους
3122 3867 3182 3920 τὸ
3220 3868 3499 3938 κήρυγμα.

2482 3969 2555 4025 ς’.
2618 3962 2713 4011 Ἐν
2768 3954 2857 4024 οἷς
2902 3960 3044 4011 ἐστε
3105 3959 3201 4011 καὶ
3268 3957 3459 4027 ὑμεῖς,
3520 3958 3727 4025 κλητοὶ
3793 3958 3987 4025 Ἰησοῦ

2412 4052 2686 4122 Χριστοῦ.
2726 4053 2821 4105 Ἐκ
2844 4051 3053 4104 τούτων
3078 4051 3202 4104 ἐστέ
3233 4053 3328 4105 καὶ
3354 4050 3515 4119 ὑμεῖς
3542 4051 3652 4103 τῶν
3681 4051 3874 4115 ἐθνῶν,
3906 4045 3985 4106 ὧν

2411 4148 2511 4216 τὴν
2536 4145 2809 4215 γεωργίαν
2831 4141 3221 4213 ἐνεχειρίσθην.
3257 4142 3348 4212 Μὴ
3389 4145 3497 4214 γὰρ
3524 4142 3587 4213 δὴ
3628 4143 3885 4213 νομίσητε
3915 4144 3986 4197 τὰ

2412 4238 2667 4309 ἀλλότρια
2700 4232 3135 4304 σφετερίζεσθαι,
3189 4233 3283 4285 καὶ
3340 4234 3441 4297 τὰς
3482 4234 3661 4297 ἄλλοις
3711 4236 3983 4303 ἀπονεμη-

2414 4331 2595 4393 θείσας
2652 4328 2917 4397 ἁρπάζειν
2975 4324 3233 4395 ἀρούρας.
3295 4325 3517 4379 Πάντων
3571 4327 3678 4393 γὰρ
3742 4343 3809 4395 με
3876 4327 3986 4378 τῶν

2414 4420 2581 4474 ἐθνῶν
2610 4421 2639 4471 ὁ
2666 4420 2938 4487 Δεσπότης
2980 4418 3390 4485 κεχειροτόνηκε
3429 4418 3663 4486 κήρυκα.

813 4491 979 4552 Vens.
1022 4498 1074 4554 7.
1138 4499 1395 4555 Omnibus
1442 4506 1531 4572 qui
1573 4516 1695 4559 sunt
1728 4507 1907 4563 Roma:
1954 4511 2161 4565 dilectis
2193 4511 2307 4575 Dei,

2487 4512 2553 4575 ξ’.
2588 4510 2743 4563 Πᾶσι
2773 4509 2897 4573 τοῖς
2917 4504 3098 4561 οὖσιν
3128 4508 3197 4559 ἐν
3229 4507 3410 4575 Ῥώμῃ
3435 4510 3762 4576 ἀγαπηταῖς
3813 4509 3981 4571 Θεοῦ,

741 4589 940 4642 uocatis
980 4592 1201 4646 sanctis.
1234 4592 1299 4646 Et
1352 4592 1556 4651 divinis
1588 4613 1684 4652 eos
1718 4602 2177 4670 appellationibus
2207 4604 2308 4657 ho-

741 4679 979 4741 noravit,
1032 4690 1086 4735 et
1141 4687 1514 4754 arrogantiam
1559 4692 1840 4759 repressit.
1880 4692 2117 4748 Primum
2160 4696 2305 4749 enim

738 4784 858 4834 eos,
885 4787 993 4826 non
1027 4783 1084 4827 ut
1116 4776 1285 4831 totius
1317 4778 1469 4834 orbis
1505 4788 1777 4837 terrarum
1829 4784 2133 4841 dominium
2168 4787 2308 4841 obti-

741 4872 937 4919 nentes
969 4864 1036 4919 ab
1066 4867 1190 4921 aliis
1217 4870 1473 4938 gentibus
1504 4874 1759 4937 secrevit,
1786 4876 1880 4931 sed
1904 4877 2029 4934 aliis
2054 4880 2311 4933 commis-

742 4957 875 5011 cuit.
911 4956 1115 5013 Deinde
1139 4962 1395 5017 omnibus
1420 4963 1586 5017 simul
1614 4967 1827 5029 scribit,
1853 4982 2044 5023 servos
2076 4970 2311 5025 miscens

739 5056 797 5100 et
842 5048 1148 5113 mendicos,
1198 5059 1252 5104 et
1287 5067 1383 5106 eos
1429 5056 1523 5121 qui
1566 5054 1669 5108 sibi
1695 5055 1951 5109 manibus
1982 5056 2184 5111 victum
2217 5073 2310 5127 pa-

742 5146 887 5202 rant,
910 5153 1117 5208 eosque
1142 5140 1236 5208 qui
1271 5143 1467 5211 opibus
1511 5144 1836 5211 eﬂ‘eruutur,
1874 5154 1928 5201 et
1956 5159 2052 5201 eos
2085 5148 2178 5217 qui
2219 5161 2312 5217 po-

741 5236 940 5284 testate
996 5241 1125 5284 sunt
1176 5235 1408 5303 prtediti.
1463 5234 1623 5301 Quod
1660 5238 1803 5292 enim
1850 5254 1915 5291 ex
1958 5237 2044 5292 his
2094 5254 2313 5308 quoque

743 5326 909 5395 aliqui
944 5324 1336 5389 credidissent.
1381 5330 1541 5383 docet
1593 5330 1647 5384 in
1706 5330 1948 5400 lﬁpistola
1986 5330 2051 5385 ad
2104 5330 2309 5401 Philip-

741 5433 938 5485 pouscs
969 5457 979 5467 .
1016 5436 1034 5469 ι
1074 5418 1325 5475 Salutant
1350 5422 1519 5487 enim,
1552 5423 1746 5494 inquit,
1801 5438 1898 5478 vos
1949 5422 2043 5494 qui
2073 5430 2199 5480 sunt
2242 5438 2307 5479 ex

2414 4600 2659 4667 κλητοῖς
2695 4598 2902 4667 ἁγίοις.
2939 4597 3047 4648 Καὶ
3098 4598 3219 4658 ταῖς
3262 4595 3434 4658 θείαις
3481 4598 3675 4657 αὐτοὺς
3714 4614 3984 4667 προσηγο-

2418 4693 2562 4762 ρίαις
2611 4690 2898 4758 τετίμηκε,
2955 4687 3050 4738 καὶ
3097 4686 3195 4754 τὴν
3264 4687 3581 4749 ἀλαζονείαν
3650 4688 3980 4743 κατέστειλε.

2415 4783 2636 4853 Πρῶτον
2669 4780 2767 4851 μὲν
2820 4778 2926 4847 γάρ
2959 4776 3176 4838 αὑτοὺς,
3229 4777 3326 4845 οὑχ
3380 4778 3456 4839 ὼς
3502 4778 3835 4847 κρατοῦντας
3884 4776 3985 4846 τῆς

2415 4872 2739 4942 οἰκουμένης
2789 4869 3051 4938 ἀπέκρινε
3087 4867 3210 4937 ’τῶν
3245 4868 3418 4921 ἄλλων
3452 4868 3643 4932 ἐθνῶν,
3687 4868 3822 4922 ἁλλά
3874 4870 3985 4931 τοῖς

2418 4966 2597 5027 ἄλλοις
2626 4963 2911 5031 ἀνέμιγεν·
2957 4959 3147 5012 ἔπειτα
3179 4958 3236 5011 δέ
3282 4961 3446 5011 πᾶσιν
3470 4960 3604 5027 ὁμοῦ
3639 4959 3859 5028 γράφει,
3892 4960 3985 5012 καὶ

2414 5058 2627 5117 οἰκέτας
2676 5052 3000 5122 ἀναμιγνὺς,
3058 5052 3154 5104 καὶ
3203 5052 3521 5122 προσαίτας,
3572 5054 3663 5104 καὶ
3696 5053 3986 5121 ἀποχειρο-

2417 5144 2663 5207 ϐιώτους,
2697 5142 2789 5195 καὶ
2813 5142 2939 5203 τοὺς
2968 5139 3181 5209 πλούτῳ
3214 5141 3517 5209 κομῶντας,
3550 5143 3644 5195 καὶ
3670 5143 3794 5204 τοὺς
3824 5142 3982 5195 δυνα-

2418 5238 2598 5292 στείαν
2660 5233 3097 5303 περικειμένους.
3161 5233 3284 5285 Ὀτι
3346 5233 3455 5303 γὰρ
3524 5233 3617 5286 καὶ
3671 5235 3735 5285 ἐκ
3780 5232 3986 5285 τούτων

2414 5324 2554 5399 ἦσαν
2580 5323 3005 5385 πεπιστευκότες
3039 5323 3203 5387 τινὲς,
3231 5324 3288 5375 ὲν
3317 5328 3380 5393 τῇ
3409 5325 3541 5394 πρὸς
3591 5324 3985 5392 Φιλιππησίους

2416 5419 2679 5474 διδάσκει.
2712 5436 2729 5467 ι
2783 5416 3139 5479 Ἀσπάζονται
3172 5417 3299 5488 γὰρ,
3334 5419 3515 5487 φησὶν,
3554 5417 3697 5487 ὑμᾶς
3722 5415 3771 5467 oi
3800 5416 3864 5467 ἐκ
3891 5417 3983 5483 τῆς

820 5583 831 5620 ι
878 5580 1064 5634 Matth.
1100 5597 1229 5643 vlu,
1262 5586 1351 5639 ‘27.
1433 5601 1445 5637 ι
1490 5588 1643 5644 Joan.
1680 5605 1822 5651 xui,
1865 5592 1948 5644 1‘2.
2028 5591 2051 5630 ¹ι
2095 5589 2221 5643 Luc.
2260 5604 2407 5649 xxrv,
2441 5586 2527 5640 ‘59.

2049 5728 2279 5783 νΑιιιΑῑ
2323 5727 2722 5784 LEC'I'IONES.

818 5791 851 5819 ¹¹
890 5786 931 5840 Β
966 5788 1365 5853 πιστεύσαντες.
