4194 6432
177 398 248 462 53
1036 406 1644 465 lN'l'ERPRETA'l‘lU
1677 405 1910 464 EPIST.
1950 409 2047 465 AD
2074 408 2254 468 ΗΘΜ.
2286 409 2441 467 CAP.
2486 410 2528 467 Ι.
3356 402 3426 469 Μ

184 512 477 581 Καίσαρος
503 514 700 576 οἰκίας.
735 534 751 564 ι
803 514 1030 580 Ἐδίδαξε
1063 516 1265 587 μέντοι,
1296 518 1369 580 ὡς
1390 518 1489 571 οὐκ
1515 518 1759 579 ἀπίστοις
1788 519 1831 575 Α

1788 519 1831 575 Α
1862 518 2092 573 tlaasaris
2110 518 2272 575 domo
2303 518 2340 573 ι.
2374 539 2391 570 ι
2424 518 2617 573 Docuit
2661 520 2862 586 itaque,
2904 517 3049 583 quod
3082 530 3190 570 non
3222 520 3424 570 scribat

187 605 418 673 γράφει,
452 605 595 658 ἀλλὰ
622 610 732 669 τοῖς
763 607 863 677 ήδη
898 610 1333 662 πεπιστευκόσιν.
1363 609 1527 663 Ὅθεν
1564 608 1763 671 αὐτοὺς

1866 608 2197 672 inﬁdelibus.
2236 612 2327 665 sed
2361 612 2428 665 iis
2462 610 2557 679 qui
2593 608 2705 678 jatn
2739 608 3106 663 crediderunt.
3146 604 3297 659 Unde
3332 621 3427 659 eos

190 695 287 745 ut
318 696 594 761 κλητοὺς
617 698 709 749 καὶ
738 698 949 765 ἁγίους
990 700 1403 770 προσαγορεύει,
1443 701 1565 764 ταῖς
1603 715 1765 753 πνευ-

1865 702 2033 757 etiatn
2062 712 2117 754 et
2134 711 2342 753 vocatos
2368 712 2419 754 et
2444 711 2654 754 sanctos
2682 701 2938 769 appellat,
2972 698 3310 767 spiritalibus
3335 714 3427 748 emt

194 789 466 852 ματααῖς
524 789 824 858 εὐφημίαις
874 792 1132 861 ἐπαίρων,
1206 794 1299 845 καὶ
1362 791 1452 845 τὸν
1514 791 1641 862 περὶ
1677 790 1768 843 τὸν

193 877 504 948 εὐεργέτην
536 880 701 933 πόθον
724 882 1027 952 πυρσεύων.
1057 885 1237 951 Χάρις
1265 883 1410 953 ὑμῖν
1443 884 1537 937 καὶ
1559 882 1768 951 εἰρήνη

193 968 314 1021 ἀπὸ
348 970 503 1024 Θεοῦ
534 974 762 1041 Πατρός
786 974 954 1042 ἡμῶν
994 974 1088 1028 καὶ
1139 977 1359 1043 Κυρίου
1406 975 1600 1041 Ἰησοῦ
1636 977 1768 1042 Χρι-

194 1060 373 1114 στοῦ.
414 1060 684 1116 Ἐνταῦθα
725 1064 1165 1135 συμπεπλήριυιιι
1189 1067 1287 1134 τὴν
1313 1064 1412 1133 τῆς
1453 1064 1772 1133 Ἐπιστολῆς

197 1152 562 1220 προγραφὴν
618 1154 857 1220 Παῦλος
914 1156 1043 1226 γὰρ,
1088 1158 1241 1227 φησι,
1300 1154 1521 1221 δοῦλος
1578 1155 1773 1222 Ἰησοῦ

195 1240 473 1304 Χριστοῦ
533 1242 685 1297 πᾶσι
730 1243 855 1310 τοῖς
898 1240 1075 1300 οὖσιν
1112 1248 1182 1299 ἐν
1214 1246 1404 1314 Ῥώμῃ
1446 1244 1773 1315 ἀγαπητοῖς

200 1332 377 1395 Θεοῦ,
412 1336 665 1400 κλητοῖς
693 1336 902 1405 ἁγίοις,
934 1339 1105 1407 χάρις
1131 1338 1274 1408 ὑμῖν
1294 1340 1390 1392 καὶ
1422 1338 1627 1405 εΙρήνη
1657 1338 1775 1391 ἀπὸ

202 1422 358 1475 Θεοῦ
400 1426 636 1491 Πατρός
678 1425 846 1494 ἡμῶν
886 1428 983 1481 καὶ
1019 1430 1237 1496 Kvpt'ov
1272 1427 1466 1495 Ἰησοῦ
1494 1428 1772 1496 Χριστοῦ.

203 1514 387 1567 Τίλλα
414 1515 474 1567 δὲ
507 1516 721 1570 ᾶπαντα
748 1518 948 1585 μεταξὺ
972 1520 1611 1589 παρενέθηκε,διδάσκων
1635 1520 1777 1582 τίνος

203 1622 261 1657 τε
293 1606 483 1676 κήρυξ
515 1608 900 1678 προϐέϐληται,
934 1611 1025 1663 καὶ
1070 1612 1229 1664 ὁποῖα
1265 1612 1555 1682 κηρύττειν
1609 1627 1778 1679 προσ⁴

204 1698 497 1760 τέτακται,
551 1700 644 1751 καὶ
696 1700 807 1753 τίσι
862 1701 1030 1755 ταῦτα
1071 1704 1406 1773 προσφέρειν
1452 1702 1776 1772 ἀφώρισται.

218 1789 551 1861 Ὲπεύχεται
601 1791 656 1845 δὲ
702 1792 904 1855 αὐτοῖς,
939 1792 1155 1861 πρῶτον
1203 1793 1302 1863 μὲν
1347 1794 1438 1847 τοῦ
1489 1795 1623 1847 Θεοῦ
1677 1794 1776 1865 τὴν

204 1879 372 1945 χάριν
394 1895 409 1908 ·
454 1878 549 1929 διὰ
575 1878 778 1947 ταύτης
808 1879 918 1949 γάρ
950 1879 1186 1940 ἅπαντες
1220 1884 1491 1953 σωτηρίας
1533 1885 1778 1954 ἀπήλαυ-

207 1986 307 2019 σαν
343 1970 396 2020 ol
418 1969 832 2033 πιστεύσαντες.
865 1966 997 2025 Εἶτα
1022 1974 1116 2043 τὴν
1145 1975 1389 2045 εἰρήνην,
1409 1978 1476 2029 δι’
1505 1973 1571 2047 ἦς
1604 1980 1782 2031 πᾶσαν

206 2060 516 2114 αἰνίττεται
562 2062 661 2130 τῆς
706 2063 906 2133 ἀρετῆς
943 2063 1039 2134 τὴν
1085 2066 1440 2135 κατόρθωσιν.
1498 2070 1780 2139 Εἰρηνεύει

204 2152 315 2221 γὰρ
344 2154 491 2222 πρὸς
516 2153 647 2206 Θεὸν
673 2157 701 2207 ὁ
728 2155 826 2224 τὴν
848 2156 1209 2228 εὐαγγελικὴν
1238 2159 1614 2229 ἀσπαζόμενος
1636 2162 1783 2214 πολι-

204 2246 384 2303 τείαν,
456 2247 488 2297 ὁ
539 2246 866 2316 θεραπεύειν
922 2252 1082 2305 αὐτὸν
1119 2256 1198 2317 εις
1229 2254 1446 2307 ἅπαντα
1471 2254 1783 2324 προθυμού-

208 2355 396 2402 μενος.
469 2340 693 2393 Τούτων
726 2342 783 2395 δὲ
827 2343 938 2397 τῶν
992 2345 1229 2415 δωρεῶν.
1295 2349 1356 2401 οὐ
1409 2347 1500 2401 τὸν
1567 2349 1783 2418 Πατέρα

208 2432 399 2497 μόνον,
431 2432 574 2484 ἀλλά
623 2437 715 2486 καὶ
764 2435 859 2488 τὸν
910 2438 1038 2490 Υἱδν
1070 2437 1310 2491 δείκνυσι
1345 2439 1601 2508 χορηγόνο
1643 2438 1783 2492 Ἀπὸ

208 2522 365 2573 Θεοῦ
396 2523 534 2593 γὰρ,
570 2524 721 2591 φησὶ,
746 2525 975 2594 Πατρός
996 2526 1182 2594 ἡμῶν,
1215 2528 1311 2582 καὶ
1329 2528 1549 2596 Κυρίου
1594 2528 1785 2594 Ἰησοῦ

209 2614 498 2677 Χριστοῦ.
531 2615 610 2666 Δι’
636 2609 708 2669 ὧν
738 2618 886 2687 ἡμᾶς
912 2617 1148 2683 ἐδίδαξεν
1173 2620 1431 2691 ἄντικρυς
1456 2621 1667 2692 Πατρὸς
1690 2620 1787 2674 καὶ

212 2703 341 2755 Tia;
364 2705 468 2771 τὴν
504 2706 742 2777 ἰσότητα.

278 2804 351 2867 η’.
412 2796 662 2864 Πρῶτον
694 2800 810 2866 μὲν
853 2802 1186 2870 εὐχαριστῶ
1241 2800 1320 2867 τῷ
1369 2802 1491 2869 Θεῷ
1535 2822 1655 2872 μου
1693 2804 1790 2859 διὰ

222 2886 437 2953 ἰησοῦ
469 2889 731 2955 Χριστοῦ
754 2892 907 2960 ὑπὲρ
934 2892 1173 2945 πάντων
1193 2892 1378 2962 ὑμῶν,
1409 2896 1497 2947 ὅτι
1525 2896 1563 2961 ἠ
1588 2895 1790 2961 πίστις

211 2979 383 3048 ὑμῶν
407 2984 877 3051 καταγγέλλεται
900 2984 970 3037 ἐν
998 2983 1118 3050 ὅλῳ
1150 2982 1231 3048 τῷ
1274 2987 1496 3053 κόσμῳ.
1531 2984 1701 3038 Τοῦτο
1733 2986 1789 3040 δὲ

214 3075 271 3123 οὐ
307 3072 640 3142 θεραπεύων
669 3076 886 3138 αὐτοὺς,
926 3076 1040 3130 ἀλλ’
1064 3076 1345 3146 ἀληθεύων
1387 3081 1416 3131 ὁ
1463 3080 1791 3144 Ἀπόστολος

1869 792 2133 845 laudibue
2162 791 2451 854 extollens,
2478 801 2531 846 ct
2554 805 2741 844 eorum
2779 790 2831 843 in
2867 804 2990 843 eum
3024 790 3115 856 qui
3157 790 3303 857 ipsos
3334 774 3429 839 illo

1869 882 2135 938 beneﬁcio
2165 882 2447 945 affecerat,
2476 881 2806 936 desiderium
2839 880 3203 933 inﬂauunans.
3240 878 3428 930 Gratia

1870 977 2012 1030 vobis
2029 985 2076 1029 et
2098 990 2203 1043 pax
2230 992 2259 1027 α
2284 974 2390 1028 Deo
2411 973 2575 1026 Patre
2598 984 2775 1026 nostra
2797 985 2843 1025 et
2876 973 3099 1025 Domino
3128 970 3253 1024 Iesu
3274 971 3428 1022 Chri-

1872 1078 1973 1120 sto.
1997 1064 2099 1119 Hic
2135 1064 2385 1133 Epistolas
2410 1063 2827 1133 inscriptionem
2859 1061 3120 1130 perfecit;
3153 1062 3252 1130 17
3287 1061 3429 1113 i’cu-

1872 1158 1977 1222 lus,
2004 1157 2205 1225 inquit,
2237 1171 2413 1208 servus
2446 1153 2577 1208 Iesu
2616 1153 2837 1215 Christi,
2879 1152 3115 1206 omnibus
3172 1154 3261 1222 qui
3312 1162 3431 1205 sunt

1876 1246 2053 1301 Romae
2085 1246 2295 1323 dilectis
2332 1244 2447 1308 Dei,
2478 1248 2671 1299 vocatis
2717 1246 2942 1305 sanctis,
2987 1246 3157 1313 gratia
3203 1245 3343 1297 vobis
3386 1254 3432 1294 et

1874 1350 1980 1404 pax
2002 1352 2034 1388 a
2058 1335 2165 1389 Deo
2193 1335 2355 1388 Patre
2380 1343 2557 1387 nostro
2581 1343 2627 1386 et
2660 1333 2888 1387 Domino
2915 1329 3044 1384 Jesu
3072 1328 3433 1383 Christo.Alm

1879 1441 2005 1481 vero
2033 1428 2212 1480 omnia
2244 1425 2538 1494 interjecit,
2564 1426 2772 1479 docens
2796 1440 2824 1477 a
2851 1437 3088 1493 quonam
3117 1420 3437 1491 praedicata:-

1879 1520 1951 1573 sit
1989 1520 2345 1583 constitutus,
2373 1526 2427 1572 et
2456 1531 2701 1586 qua-nam
2730 1516 3027 1585 praedicare
3053 1515 3243 1583 jussus
3270 1514 3361 1575 sit,
3386 1525 3437 1563 et

1881 1609 2204 1679 quibusnam
2236 1609 2349 1661 hanc
2376 1607 2573 1661 oll‘erre
2602 1606 2977 1675 praescriptum
3008 1606 3100 1659 sit.
3130 1602 3221 1657 Eis
3255 1612 3438 1655 autem

1883 1708 2158 1773 precatur,
2188 1700 2424 1769 primum
2452 1698 2669 1767 quidem
2706 1699 2797 1751 Dei
2829 1697 3057 1766 gratiam
3094 1714 3104 1744 :
3152 1711 3243 1761 per
3302 1694 3440 1745 hanc

1883 1794 2053 1856 enim,
2088 1795 2403 1861 quicunque
2431 1790 2801 1852 crediderunt,
2828 1790 3058 1843 salutem
3090 1796 3217 1840 sunt
3250 1800 3442 1839 conse-

1881 1887 2013 1940 cuti.
2053 1885 2255 1938 Deinde
2284 1896 2495 1952 pacem,
2528 1896 2624 1951 per
2648 1896 2811 1949 quam
2844 1894 3059 1934 omnem
3097 1886 3301 1932 rectam
3333 1878 3445 1930 vir-

1883 1978 2015 2030 tutis
2067 1976 2341 2031 actionem
2378 1974 2670 2044 signilicat.
2705 1971 2841 2025 Cum
2902 1969 3013 2024 Deo
3059 1972 3205 2023 enim
3252 1982 3442 2039 pacem

1885 2066 2067 2128 habet,
2095 2065 2187 2134 qui
2216 2062 2588 2132 evangelicam
2621 2063 2744 2115 vitae
2776 2059 3177 2114 institutionem
3213 2058 3446 2126 amplec-

1884 2158 2038 2221 titur,
2063 2158 2268 2229 quique
2307 2169 2430 2209 eutn
2466 2154 2656 2209 sedulo
2687 2153 2742 2206 in
2768 2150 3025 2206 omnibus
3055 2150 3188 2204 colit
3215 2158 3269 2203 et
3299 2152 3314 2167 '
3349 2148 3444 2202 ob-

1885 2260 2083 2306 servat.
2110 2247 2311 2302 Horum
2347 2257 2525 2301 autem
2570 2246 2837 2299 donorum
2866 2259 2973 2297 non
2995 2243 3173 2297 solum
3204 2240 3443 2303 Patrem,

1886 2342 1978 2398 sed
2006 2342 2170 2396 etiam
2204 2338 2398 2392 Filium
2431 2337 2745 2406 largitore-tt
2790 2352 2914 2390 esse
2956 2334 3218 2389 ostendit.
3255 2331 3299 2386 Α
3344 2332 3447 2385 Deo

1884 2436 2053 2498 enim,
2088 2432 2286 2502 inquit,
2320 2428 2482 2484 Patre
2506 2439 2708 2494 nostro,
2730 2438 2779 2482 et
2810 2427 3035 2481 Domino
3060 2423 3191 2479 Iesu
3213 2424 3443 2479 Christo.

1888 2526 1991 2582 Per
2030 2542 2151 2596 qua:
2190 2539 2290 2581 nos
2334 2532 2521 2593 aperte
2573 2520 2762 2577 docuit
2789 2518 2968 2575 Patris
2992 2526 3047 2575 et
3076 2518 3196 2573 Filii
3229 2516 3450 2587 aequali-

1888 2627 2073 2673 tatem.

1950 2801 2115 2855 Vens.
2151 2800 2204 2854 8.
2242 2798 2476 2852 Primum
2506 2798 2712 2867 quiaem
2732 2798 2935 2866 gratias
2965 2810 3062 2864 ago
3089 2793 3193 2847 Dee
3226 2807 3338 2846 meo
3363 2807 3452 2861 per

1889 2892 2075 2947 Iesum
2108 2891 2374 2946 Christum
2412 2907 2507 2959 pro
2533 2890 2675 2943 vobis
2700 2889 2962 2953 omnibus,
3019 2887 3156 2955 quod
3205 2886 3333 2952 ﬁdes
3382 2901 3455 2938 te-

1891 2996 2005 3040 stra
2027 2986 2374 3039 annuntiatur
2394 2985 2448 3036 in
2470 2985 2710 3037 universo
2740 2981 2953 3034 mundo.
2990 2980 3105 3033 Hoc
3131 2986 3311 3031 autem
3345 2991 3451 3030 nou

1892 3079 1972 3133 eis
2001 3077 2314 3139 blandiens,
2368 3074 2460 3129 sed
2492 3089 2619 3126 vera
2667 3074 2857 3126 dicens
2902 3071 3085 3141 posuit
3134 3068 3449 3137 Apostolus.

214 3164 483 3219 τέθεικεν.
517 3164 655 3217 Οὔτε
681 3167 786 3237 γὰρ
828 3161 939 3220 οἷόν
964 3185 1021 3221 τε
1050 3164 1118 3239 ἦν
1148 3167 1329 3223 λαθεῖν
1358 3172 1485 3234 τοὺς
1514 3171 1655 3225 κατά
1690 3172 1790 3243 τὴν
1817 3177 1861 3238 C

1817 3177 1861 3238 ο
1892 3167 2074 3237 Neque
2128 3166 2272 3221 enim
2309 3162 2426 3218 ﬁeri
2479 3170 2713 3233 poterat,
2747 3170 2806 3214 ut
2846 3175 2966 3230 qua:
3002 3158 3187 3213 Roma:
3241 3157 3452 3211 evenie-

216 3258 552 3327 οἰκουμένην
573 3261 639 3310 τὰ
663 3261 717 3311 ἐν
749 3262 815 3329 τῇ
863 3259 1046 3330 Ῥώμῃ
1069 3260 1452 3329 συμϐαίνοντα.
1490 3264 1577 3317 Ἑν
1608 3265 1792 3337 ἐκείνῃ

218 3351 325 3418 γὰρ
354 3345 509 3417 εἶχον
540 3350 700 3403 πάλαι
747 3351 1029 3415 Ῥωμαίων
1074 3354 1123 3404 οἱ
1158 3353 1393 3421 βασιλεῖς
1422 3355 1489 3425 τὰ
1525 3354 1789 3424 βασίλεια,

219 3439 481 3490 κάκεῖθεν
534 3439 588 3490 οἵ
632 3455 689 3490 τε
731 3440 837 3492 τῶν
875 3440 1045 3493 ὲθνῶν
1096 3442 1354 3512 ἄρχοντες
1398 3443 1790 3514 ἐξεπέμποντο,

222 3530 313 3580 καὶ
376 3530 427 3580 οε
480 3528 576 3580 τὸν
617 3528 819 3597 δασμὸν
851 3529 949 3592 τὰς
977 3531 1159 3594 πόλεις
1188 3533 1626 3603 εὶσπράττοντες.
1685 3536 1793 3588 Καὶ

224 3624 415 3690 μέντοι
451 3624 547 3673 καὶ
579 3624 658 3683 εἰς
691 3623 903 3687 ἐκείνην
932 3624 1247 3693 συνέτρεχον
1281 3624 1519 3687 ἅπαντας
1558 3627 1607 3678 οἱ
1637 3626 1791 3695 βασι-

222 3714 381 3776 λικὰς
459 3714 890 3780 ἐπαγγέλλοντες
953 3715 1202 3785 χάριτας.
1268 3717 1377 3770 Kal.
1441 3717 1528 3770 διὰ
1586 3719 1793 3775 τούτων

224 3808 483 3858 ἁπάντων
512 3822 640 3857 κατε
652 3805 884 3874 μηνύετο
913 3807 1209 3877 πανταχοῦ,
1232 3807 1306 3870 ὡς
1326 3808 1420 3860 καὶ
1442 3810 1473 3867 ἠ
1507 3808 1792 3877 Ῥωμαίων

222 3896 381 3956 πόλις
427 3896 529 3962 τὴν
566 3897 706 3947 κατά
756 3896 849 3949 τὸν
900 3896 1134 3967 Χριστὸν
1171 3897 1519 3951 διδασκαλίαν
1554 3898 1789 3962 ἐδέξατο.

221 3986 504 4053 Μεγίστην
520 3987 577 4037 δὲ
597 3986 753 4037 τοῦτο
774 3988 883 4048 τοῖς
902 3986 1187 4039 ἀκούουσιν
1203 3988 1471 4054 ὠφέλειαν
1488 3989 1623 4058 πρού
1632 3988 1790 4052 ξένει.

225 4080 389 4130 Ὅθεν
423 4082 451 4131 ὁ
496 4078 638 4137 θεῖος
675 4079 994 4138 ’Δπόστολος
1023 4080 1114 4131 ἐπὶ
1140 4079 1350 4143 τούτοις
1377 4081 1473 4134 τὸν
1518 4084 1794 4151 Δεσπότην

225 4172 563 4238 ἔινύμνησεν.
601 4171 816 4242 Ἐπειδὴ
849 4172 904 4224 δὲ
934 4173 1401 4243 κεχειροτονῆσθαι
1433 4174 1530 4243 μὲν
1556 4174 1658 4244 ἔφη
1688 4176 1796 4228 τῶν

221 4265 391 4317 ἐθνῶν
404 4264 441 4316 ἀ
450 4264 661 4315 πάντων
680 4263 1009 4326 διδάσκαλος,
1018 4263 1207 4333 συχνοῦ
1219 4264 1273 4316 δὲ
1283 4284 1313 4333 χ
1323 4267 1473 4333 ρόνου
1489 4265 1794 4335 διεληλυθό-

221 4374 305 4418 τος
322 4354 451 4407 οὔτε
470 4355 636 4417 αὐτὸς
659 4354 792 4424 πρὸς
808 4355 1002 4416 αὐτοὺς
1018 4354 1371 4425 ἀπελήλυθεν,
1388 4356 1507 4409 οὕτε
1520 4357 1607 4410 διὰ
1625 4375 1797 4427 γραμ-

223 4450 414 4515 μάτων
442 4446 640 4507 αὖτοὺς
670 4445 805 4515 πρὸς
823 4445 919 4517 τὴν
942 4443 1199 4517 ἀλήθειαν
1236 4446 1591 4517 ὲποδήγησεν,
1624 4450 1793 4518 ἀναγ-

218 4540 395 4600 καίως
428 4540 520 4589 καί
555 4538 653 4606 τὴν
671 4536 961 4603 ἀπολογίαν
975 4538 1289 4608 προσψέρει.
1308 4539 1401 4591 καὶ
1417 4539 1508 4592 τὸν
1522 4542 1796 4613 Δεσπότην

218 4630 353 4682 Θεὸν
376 4630 463 4691 εξς
491 4628 800 4698 μαρτυρίαν
820 4628 916 4697 τῆς
932 4630 1059 4699 περὶ
1089 4630 1284 4692 αὐτοὺς
1304 4629 1458 4683 καλεῖ
1482 4631 1796 4698 διαθέσεως.

288 4716 356 4782 θ’,
398 4726 450 4771 ι’.
467 4718 713 4785 Μάρτυς
734 4718 843 4787 γάρ
867 4737 986 4787 μου
1009 4720 1180 4773 ἐστὶν
1209 4724 1241 4774 ό
1273 4722 1433 4787 Θεὸς,
1457 4717 1505 4790 ᾦ
1530 4727 1797 4794 λατρεύω

218 4818 287 4869 ἐγ
314 4814 402 4879 τῷ
428 4813 727 4880 πνεύματί
750 4829 890 4881 μου,
921 4813 991 4865 ἐν
1014 4811 1095 4877 τῷ
1134 4816 1474 4883 Eiram-sliat
1506 4818 1611 4871 τοῦ
1656 4820 1794 4874 Υἱοῦ

219 4907 437 4969 αὑτοῦ,
484 4906 568 4969 ὡς
616 4902 1009 4968 ἀδιαλείπτως
1042 4906 1260 4973 μνείαν
1293 4906 1463 4975 ὑμῶν
1494 4910 1792 4979 ποιοῦμαι.

222 4998 499 5052 Πάντοτε
546 4996 646 5049 ἐπὶ
691 4995 808 5047 τῶν
846 4995 1200 5065 προσευχῶν
1238 5016 1359 5067 μου
1401 4998 1701 5068 δεόμενος,
1743 5004 1799 5056 et

222 5108 346 5155 πως
378 5088 499 5156 ἤδη
525 5087 673 5141 ποτὲ
694 5086 1136 5158 εὐοδωθήσομαι
1170 5090 1241 5141 ἐν
1270 5088 1349 5154 τῷ
1374 5093 1660 5161 θελήματι
1693 5094 1799 5149 τοῦ

226 5184 375 5236 Θεοῦ
412 5180 619 5236 ἐλθεῖν
642 5181 792 5248 πρὸς
815 5181 989 5250 ὑμᾶς.
1031 5182 1159 5253 Εῖδη
1186 5182 1439 5253 λατρείας
1474 5186 1662 5239 πολλὰ.
1692 5189 1800 5241 Καὶ

223 5274 331 5344 γὰρ
372 5277 402 5326 ὁ
438 5273 873 5345 προσευχόμενος
910 5273 1028 5351 Θεῷ
1063 5274 1334 5345 λατρεύει,
1370 5278 1463 5330 καὶ
1503 5279 1531 5329 ὀ
1575 5281 1798 5351 νηστείᾳ

224 5367 535 5437 χρώμενος,
556 5365 667 5416 ’καὶ
690 5364 717 5414 ὁ
737 5368 846 5427 τοῖς
872 5365 1037 5428 θείοις
1069 5367 1347 5438 προσέχων
1368 5366 1568 5434 λογίοις
1603 5371 1667 5433 ¹²,
1706 5374 1798 5424 καὶ

228 5459 415 5525 μέντοι
465 5456 562 5507 καὶ
606 5456 633 5506 ὁ
667 5455 764 5523 τῆς
812 5454 919 5507 τῶν
970 5454 1135 5519 ξένων
1176 5454 1468 5525 θεραπείας
1504 5458 1795 5527 ἐπιμελού-

300 5591 316 5633 ι
362 5592 609 5661 Philipp.
639 5609 711 5656 tv,
740 5593 829 5647 2‘2.

1895 3264 2043 3325 bant,
2084 3273 2149 3314 ea
2186 3258 2309 3312 illos
2348 3256 2441 3327 qui
2472 3256 2526 3309 in
2556 3263 2671 3309 toto
2706 3262 2863 3308 erant
2891 3262 3160 3307 terrarum
3189 3251 3323 3304 orbe
3374 3250 3451 3302 la-

1891 3357 2088 3406 terent.
2156 3348 2213 3403 In
2271 3348 2362 3401 illa
2431 3347 2575 3400 enim
2662 3344 3031 3397 Romanorum
3102 3343 3455 3410 imperatores

1894 3444 2095 3513 regiam
2127 3455 2282 3497 suam
2313 3438 2611 3500 habebant,
2653 3444 2707 3492 et
2738 3437 2890 3490 illinc
2923 3435 3299 3496 mittebantur,
3342 3440 3454 3486 tum

1892 3536 1983 3606 qui
2020 3534 2273 3605 gentibus
2308 3538 2629 3601 praeessent,
2667 3539 2779 3583 tum
2808 3529 2954 3598 quia
2993 3527 3307 3582 civitatibus
3337 3539 3458 3579 vec-

1895 3624 2024 3693 tigal
2048 3623 2342 3693 exigerent.
2376 3619 2498 3674 Jam
2528 3633 2657 3674 vero
2682 3620 2737 3672 in
2758 3618 2907 3671 illam
2928 3631 3149 3685 quoque
3164 3629 3459 3670 concurre-

1894 3719 2023 3772 baut
2052 3730 2243 3771 omnes
2274 3714 2368 3784 qui
2399 3712 2597 3783 regalia
2627 3710 2883 3781 petebant
2917 3707 3181 3764 beneﬁcia
3221 3724 3234 3760 :
3268 3714 3321 3761 et
3366 3720 3459 3775 per

1892 3810 1992 3864 ltos
2026 3823 2217 3863 omnes
2248 3806 2450 3876 ubique
2500 3802 2929 3874 signiﬁcabatur,
2956 3800 3098 3871 quod
3126 3799 3319 3854 civitas
3354 3799 3459 3851 lto-

1898 3914 2185 3953 manorum
2220 3897 2427 3952 Christi
2453 3896 2755 3950 doctrinam
2780 3899 3113 3962 perceperat.
3140 3888 3253 3944 Hoc
3277 3900 3457 3944 autem

1895 3998 1961 4050 iis
1998 3995 2092 4065 qui
2149 3993 2440 4048 audiebant
2490 3990 2782 4044 maximam
2827 3986 3117 4041 utilitatem
3182 3984 3456 4038 aﬂerebat.

1896 4086 2048 4142 Unde
2080 4096 2131 4140 et
2175 4084 2392 4138 divinus
2451 4081 2748 4151 Apostolus
2782 4086 3001 4149 propter
3026 4078 3138 4131 haec
3175 4076 3456 4130 Dominum

1902 4180 2006 4249 ιε
2040 4177 2315 4232 laudabat.
2358 4174 2628 4240 Quoniam
2691 4179 2873 4227 autem
2915 4170 3157 4224 omnium
3219 4169 3457 4237 gentium

1897 4289 1955 4328 se
1986 4272 2059 4325 ait
2084 4271 2251 4325 fuisse
2273 4269 2631 4322 constitutum
2657 4266 2989 4335 apostolum,
3017 4264 3248 4316 multum
3277 4269 3459 4315 autem

1898 4362 2161 4432 temporis
2188 4359 2542 4430 praeterierat,
2573 4371 2681 4425 quo
2709 4370 2806 4410 nec
2838 4356 2955 4423 ipse
2989 4352 3054 4405 ad
3091 4367 3185 4405 eos
3212 4358 3456 4406 venerat.

1900 4472 2000 4511 nec
2028 4456 2176 4523 ipsos
2208 4453 2401 4506 litteris
2429 4451 2494 4505 ad
2530 4450 2810 4503 veritatem
2859 4446 3175 4506 deduxerat,
3211 4458 3464 4497 necessa-

1902 4548 1985 4600 rio
2016 4544 2174 4599 all'ert
2198 4543 2639 4603 excusationem,
2670 4546 2724 4593 et
2748 4538 3033 4591 Dominum
3062 4536 3225 4589 Deum
3252 4534 3318 4588 ad
3352 4550 3464 4590 sua:

1901 4639 1956 4692 in
1988 4651 2083 4690 eos
2115 4630 2506 4689 benevolentiae
2536 4628 2906 4683 testimonium
2942 4636 3122 4680 vocat.

1980 4727 2141 4781 Vens.
2177 4725 2231 4788 9,
2264 4724 2347 4778 10.
2383 4722 2552 4777 Testis
2582 4720 2716 4773 enim
2742 4735 2883 4772 meus
2911 4728 2986 4772 est
3026 4717 3163 4771 Deus
3185 4717 3270 4769 cui
3299 4717 3464 4770 servio

1904 4822 1958 4874 in
1991 4819 2179 4886 spiritu
2202 4832 2335 4878 meo,
2372 4814 2423 4866 iu
2462 4810 2743 4881 Evangelia
2769 4807 2897 4861 Filii
2920 4808 3055 4875 ejus,
3079 4805 3216 4875 quod
3247 4806 3357 4859 sine
3388 4807 3466 4858 in-

1908 4911 2234 4969 termissione
2266 4905 2574 4960 memoriam
2602 4903 2759 4958 uestri
2793 4901 2950 4971 facio.
3004 4898 3213 4965 Semper
3240 4899 3295 4950 in
3341 4914 3464 4952 ora-

1903 5004 2127 5060 tionibus
2154 5000 2280 5054 meis
2302 4998 2763 5064 obsecrans,siqno
2789 4992 2939 5045 modo
2964 4989 3172 5043 tandem
3186 4988 3466 5059 aliquando

1898 5109 2202 5165 prosperum
2239 5093 2339 5145 iter
2366 5090 2583 5143 habeant
2630 5088 2683 5139 in
2717 5085 2980 5139 voluntate
3009 5081 3103 5136 Dei
3137 5082 3368 5135 veniendi
3398 5078 3467 5131 ad

1903 5206 2010 5243 vos.
2048 5186 2209 5241 Multa
2242 5182 2409 5236 divini
2438 5182 2619 5235 cultus
2652 5186 2779 5232 sunt
2802 5191 3019 5247 genera.
3054 5174 3184 5227 Nam
3221 5184 3273 5226 et
3297 5172 3463 5225 Deum

1903 5281 2036 5333 colit
2064 5278 2156 5348 qui
2189 5275 2355 5330 Deum
2390 5281 2664 5343 precatur,
2702 5279 2755 5323 et
2795 5270 2885 5337 qui
2931 5267 3139 5336 jejunio
3179 5265 3367 5326 utitur,
3414 5270 3467 5314 ct

1906 5374 1995 5442 qui
2035 5377 2191 5425 vacat
2231 5366 2427 5422 divinis
2452 5364 2724 5433 eloquiis:
2755 5370 2807 5414 ct
2867 5360 2911 5412 is
2939 5361 3098 5412 etiam
3136 5357 3224 5425 qui
3271 5370 3466 5408 Clll'aH'

1906 5465 2098 5517 dorum
2160 5458 2434 5526 hospitum
2512 5465 2697 5508 curam
2765 5450 2920 5519 gerit.
3003 5447 3224 5499 Diriuus
3287 5454 3465 5496 autem

1538 5667 1572 5719 κ·
1586 5667 1766 5721 Altle
1809 5662 2205 5719 LELTIONES.

300 5780 337 5809 ¹¹
379 5778 751 5830 (Ἐςηιιιρηὶιιε
784 5797 793 5829 :
832 5778 1007 5849 λόγοις
1060 5777 1373 5830 Theodulus
1408 5792 1417 5828 ε
1454 5776 1622 5829 sacris
1657 5775 1890 5828 Litteris.
