4194 6432
765 406 836 466 55
1778 389 2261 453 THEODORETI
2295 387 2630 448 EPISCOPL
2664 389 3029 449 CYRENSIS
3940 380 4021 441 56

768 512 1061 581 Apostolus
1124 512 1235 567 Deo
1287 507 1491 564 servire
1543 520 1602 559 se
1648 505 1800 568 dicit,
1854 505 1982 558 dum
2033 503 2158 557 Filii
2214 503 2408 571 ejusA
2441 522 2621 574 μενος.

765 604 1117 674 Evangelium
1163 599 1413 671 gentibus
1465 594 1668 667 profert
1710 614 1723 647 :
1775 603 1828 649 et
1870 594 2076 649 servire
2123 593 2339 663 spiritu,

768 697 869 749 hoc
898 702 1004 757 est,
1058 693 1182 747 data
1220 691 1413 760 gratia.
1468 690 1544 743 Ita
1595 686 1697 743 scit
1756 684 2024 754 Unigeniti
2079 684 2342 737 honorem

770 788 880 842 Deo
918 786 1151 855 placere.
1209 782 1477 836 Accurate
1519 787 1698 833 autem
1752 778 2004 847 loquens,
2060 790 2167 829 non
2206 774 2343 827 dixit

771 878 1090 948 simpliciter
1121 890 1181 931 se
1228 874 1331 929 iter
1382 873 1448 927 ad
1506 886 1601 928 eos
1643 870 1954 941 expetiisse,
2009 866 2104 923 sed
2135 867 2189 920 in
2250 880 2341 920 vo-

746 973 980 1023 luntate
1028 967 1143 1022 Dei.
1203 964 1260 1019 Si
1323 964 1445 1028 hoc,
1492 962 1688 1033 inquit,
1762 961 1938 1031 placet
2003 972 2184 1013 rerum
2224 972 2342 1012 om-

773 1062 922 1113 nium
972 1056 1356 1114 Gubernatori.
1392 1054 1546 1121 Quod
1579 1055 1644 1116 si,
1677 1053 1765 1107 ubi
1820 1052 1886 1105 de
1947 1058 2025 1105 tot
2058 1050 2339 1104 hominum

774 1150 1076 1223 myriadum
1108 1150 1126 1169 '
1170 1148 1347 1202 salute
1400 1146 1598 1216 agitur,
1631 1143 1763 1197 nihil
1824 1142 2140 1197 indistinCte
2188 1138 2341 1208 petiit

773 1241 993 1296 divinus
1040 1237 1360 1307 Apostolus,
1396 1234 1489 1290 sed
1526 1232 1777 1303 petitioni
1806 1229 2046 1285 divinam
2080 1227 2335 1282 volunta-

774 1344 879 1385 tein
910 1330 1217 1400 conjunxit.
1249 1341 1484 1398 quanam
1516 1325 1671 1380 venia
1704 1322 1855 1393 digni
1890 1335 2100 1384 sumus,
2135 1318 2228 1389 qui
2273 1318 2340 1373 de

772 1426 935 1480 rebus
958 1422 1305 1479 sensibilibus
1325 1427 1379 1474 et
1396 1418 1719 1473 disserimus
1742 1423 1795 1470 et
1817 1428 1911 1470 eas
1933 1420 2206 1483 optamus,
2239 1425 2340 1465 nec

775 1524 960 1571 nostra
980 1514 1161 1569 omnia
1185 1512 1383 1568 divina:
1399 1507 1658 1564 voluntati
1684 1504 2065 1576 permittimus,
2086 1502 2155 1557 ab
2168 1516 2341 1571 eaque

772 1606 1071 1677 pendemus
1099 1605 1122 1658 ?

847 1784 1013 1841 Vens.
1052 1786 1136 1839 Η.
1171 1784 1334 1851 Cupio
1358 1783 1498 1837 enim
1527 1782 1697 1836 videre
1723 1795 1831 1843 vos,
1856 1787 1913 1829 ut
1942 1774 2209 1843 impertiar
2232 1773 2337 1826 ali-

2679 505 2737 556 ’0
2765 504 2821 556 δέ
2851 520 2915 571 γε
2947 502 3090 564 θεῖος
3142 496 3455 561 Ἀπόστολος
3494 495 3773 567 λατρεύειν
3810 494 3917 562 ἔφη
3965 492 4014 524 ⁸³

2443 597 2522 668 τῷ
2548 596 2685 667 Θεῷ,
2722 596 2888 648 τὸτοῦ
2918 593 3046 648 Υίοῦ
3063 592 3228 645 αὑτοῦ
3256 594 3300 622 ³⁵
3328 589 3650 661 προσφέρων
3669 590 3780 649 τοῖς
3805 585 4016 638 ἔθνεσιν

2446 688 2775 756 Εὑαγγέλιον
2801 703 2812 714 ·
2842 686 2933 739 καὶ
2951 683 3228 756 λατρεύειν
3244 684 3300 736 ὲν
3319 681 3397 752 τῷ
3423 679 3713 749 πνεύματι,
3736 673 4015 728 τουτέστιν

2445 781 2503 831 ἐν
2527 778 2605 848 τῷ
2634 777 2894 846 διδομένῳ
2919 774 3218 846 χαρίσματι
3235 790 3246 802 ·
3287 770 3460 833 οὕτως
3487 765 3625 822 οἶδεν
3672 765 4013 837 ἁρέσκουσαν

2442 867 2520 936 τῷ
2546 865 2662 936 Θεῷ
2696 866 2791 917 τοῦ
2844 861 3180 931 Μονογενοῦς
3232 859 3332 929 τὴν
3386 858 3572 927 τιμήν.
3634 853 3911 924 Ἀκριϐεἰᾳ
3953 848 4016 901 δὲ

2443 957 2744 1027 χρώμενος,
2803 955 2900 1023 οὐχ
2948 953 3136 1015 ἁπλῶς
3190 947 3343 1004 εἶπεν
3403 947 3665 1019 ῂτηκέναι
3718 944 3818 1013 τὴν
3874 945 4013 1012 πρὺς

2442 1049 2640 1110 αὐτοὺς
2685 1046 2934 1116 πορείαν,
2978 1044 3092 1097 ἀλλ’
3126 1044 3183 1095 ὲν
3206 1041 3285 1112 τῷ
3319 1040 3587 1109 θελήματι
3617 1034 3711 1089 τοῦ
3740 1034 3897 1088 Θεοῦ.
3946 1035 4012 1085 ΕΞ

2441 1142 2595 1196 τοῦτο
2616 1185 2629 1204 ,
2664 1142 2846 1210 φησὶν,
2882 1137 3104 1207 ἀρέσκει
3150 1135 3229 1205 τῷ
3262 1132 3586 1201 Κυϐερνήτῃ
3613 1126 3722 1180 τῶν
3752 1126 3889 1177 ὅλων
3917 1141 3931 1153 ·
3961 1126 4015 1175 εἰ

2440 1234 2497 1287 δὲ
2523 1235 2655 1287 ὅπου
2689 1231 2930 1300 σωτηρία
2959 1226 3233 1299 μυριάδων
3255 1222 3545 1287 τοσούτων,
3567 1219 3720 1272 οὐδὲν
3746 1215 4015 1286 ἀορίστως

2442 1326 2644 1396 ᾔτησεν
2703 1324 2731 1374 ὁ
2782 1320 2924 1381 θεῖος
2972 1315 3311 1378 ’Λπόστολος,
3369 1311 3505 1366 ἀλλά
3556 1312 3623 1379 τῇ
3684 1309 3897 1376 αἰτήσει
3947 1303 4015 1355 τὸ

2442 1416 2580 1469 θεῖον
2605 1413 2855 1479 συνέταξε
2877 1410 3109 1479 θέλημα,
3136 1406 3290 1468 ποίας
3316 1405 3475 1473 ἡμεῖς
3494 1400 3631 1465 ἄξιοι
3654 1395 4009 1465 συγγνώμης.

2442 1509 2571 1577 περί
2600 1504 2875 1576 αἰσθητῶν
2916 1501 3282 1574 πραγμάτων,
3326 1498 3421 1550 καὶ
3468 1493 3860 1561 διαλεγόμενοι,
3914 1488 4012 1538 καὶ

2440 1598 2746 1669 εὐχόμενοι,
2805 1596 2900 1649 καὶ
2949 1595 3049 1663 τῆς
3092 1591 3242 1653 Θείας
3298 1587 3491 1659 βουλῆς
3544 1585 3645 1638 οὐκ
3679 1578 4013 1650 ὲξαρτῶντες

2440 1689 2506 1745 τὰ
2535 1688 2657 1743 καθ’
2688 1690 2722 1757 ή
2733 1688 2837 1757 μᾶς
2855 1706 2872 1749 ς

2511 1788 2602 1839 ια’.
2663 1756 2954 1831 Ἐέιιποθῶ
3006 1775 3116 1845 γὰρ
3147 1772 3294 1827 ἰδεῖν
3330 1766 3506 1837 ὑμᾶς,
3550 1766 3651 1819 ἵνα
3688 1781 3742 1817 τι
3782 1756 4016 1831 μεταδῶ

773 1838 1124 1946 quidfgratia:
1153 1838 1474 1942 spiritantia.
1496 1872 1635 1929 Sunt
1665 1875 1779 1926 haec
1812 1838 1917 1938 i9
1937 1838 2057 1939 qua:
2080 1867 2341 1921 dicuntur

2445 1871 2706 1941 χάρισμα
2728 1868 2871 1937 ὑμῖν
2898 1838 3324 1934 πνευματικόν.
3354 1854 3623 1946 Ταπεινοῦ
3666 1853 4015 1946 φρονήματος

776 1968 928 2036 plena
952 1966 1294 2022 humilitatis.
1343 1965 1461 2020 Non
1492 1966 1635 2020 enim
1667 1962 1827 2024 dixit,
1872 1968 1930 2015 ut
1968 1959 2115 2022 dem,
2161 1956 2254 2012 sed
2286 1965 2343 2009 ut

774 2057 1066 2125 impertiar.
1118 2056 1473 2111 Communico
1521 2055 1666 2110 enim
1709 2052 1859 2108 exiis
1882 2066 2003 2121 qua:
2040 2048 2245 2118 accepi.
2280 2045 2344 2101 Et

773 2149 901 2217 quia
928 2149 1134 2217 primus
1163 2147 1244 2203 eis
1262 2162 1491 2219 magnus
1522 2144 1719 2200 Petrus
1767 2144 2073 2198 doctrinam
2112 2152 2342 2208 evange-

778 2238 935 2293 licam
967 2238 1217 2308 praebuit,
1251 2236 1566 2293 necessario
1616 2234 1832 2289 intulit:
1854 2235 1932 2286 Ad
1955 2228 2343 2300 conﬁrmandos

774 2348 882 2385 vos.
903 2330 1019 2386 Non
1040 2333 1181 2386 enim
1207 2332 1389 2395 aliam,
1412 2329 1608 2401 inquit,
1633 2328 1937 2385 doctrinam
1962 2325 2115 2381 vobis
2132 2322 2342 2387 aﬂ‘erre,

776 2424 869 2479 sed
906 2437 1024 2478 eam
1056 2438 1177 2493 qu:e
1202 2423 1313 2493 jam
1339 2421 1522 2477 oblata
1549 2428 1634 2475 est
1662 2417 2014 2481 conﬁrmare,
2041 2424 2095 2471 et
2120 2413 2344 2469 arbores

770 2517 881 2583 jam
912 2516 1187 2587 plantatas
1224 2514 1453 2586 irrigare
1480 2513 1625 2568 volo.
1655 2511 1860 2567 Deinde
1915 2523 2110 2565 rursus
2147 2506 2344 2561 oratio-

778 2626 897 2664 nem
928 2608 1095 2663 multa
1128 2608 1300 2677 replet
1329 2605 1719 2663 moderatione.

848 2870 1015 2925 Vens.
1048 2871 1136 2925 12.
1178 2870 1291 2926 Hoc
1314 2878 1488 2925 autem
1516 2879 1594 2924 est
1639 2868 1797 2923 simul
1834 2866 2093 2921 consolari
2126 2867 2181 2920 in
2206 2866 2345 2921 vobis

776 2979 867 3031 per
911 2979 1027 3018 eam
1075 2979 1191 3031 qua:
1251 2962 1468 3017 invicem
1506 2970 1580 3016 est
1615 2960 1771 3029 [idem
1815 2967 2039 3013 vestram
2069 2968 2117 3012 et
2155 2973 2343 3011 meam.

780 3054 893 3108 Non
925 3055 1105 3110 solum
1131 3054 1277 3110 enim
1298 3054 1424 3109 volo
1446 3054 1597 3119 dare,
1639 3053 1733 3108 sed
1762 3052 1922 3107 etiam
1950 3065 1978 3103 a
2004 3049 2160 3104 vobis
2207 3048 2348 3103 acci-

2444 1964 2511 2019 τά
2545 1962 2809 2034 εἰρημένα
2861 1958 3051 2031 μεστά.
3111 1956 3187 2010 Οὐ
3242 1953 3351 2023 γάρ
3381 1944 3556 2013 εἶπεν,
3596 1948 3716 1998 Ἵνα
3747 1942 3842 2005 δῶ,
3874 1942 4013 2034 ἀλλ’,

2446 2057 2580 2111 Ἵνα
2602 2032 2853 2122 μεταδῶ’
2874 2051 2965 2121 ἀφ’
2990 2042 3065 2103 ὧν
3094 2046 3201 2117 γάρ
3227 2044 3436 2105 ἔλαϐον,
3459 2041 3670 2109 δίδωμι.
3698 2036 3806 2089 Καὶ
3825 2032 4017 2102 ἐπειδὴ

2444 2146 2661 2218 πρῶτος
2715 2143 2898 2205 αὐτοῖς
2946 2143 2976 2193 ὁ
3037 2140 3210 2210 μέγας
3258 2136 3462 2205 Πέτρος
3507 2135 3606 2200 τὴν
3653 2126 4017 2196 εθαγγελικὴν

2444 2236 2792 2292 διδασκαλίαν
2856 2234 3247 2305 προσήνεγκεν,
3324 2222 3641 2293 ἀναγκαίως
3708 2220 4011 2288 ἐπήγαγεν·

2441 2331 2545 2393 Εἰς
2586 2329 2653 2381 τὸ
2700 2323 3094 2395 στηριχθῆναι
3120 2322 3292 2394 ὑμᾶς.
3352 2322 3427 2375 Οὐ
3467 2319 3577 2388 γὰρ
3630 2318 3821 2388 ἑτέραν
3864 2317 4012 2386 ὑμῖν,

2447 2418 2599 2490 φησὶ,
2661 2413 3010 2471 διδασκαλίαν
3063 2414 3398 2485 προσφέρειν
3445 2409 3510 2472 η,
3572 2405 3710 2459 ἀλλὰ
3764 2407 3866 2476 τὴν
3910 2404 4013 2473 ἢδη

2447 2507 2904 2582 προσενεχθεῖσαν
2954 2503 3360 2577 βεϐαιώσασθαι
3424 2501 3705 2571 βούλομαι,
3764 2498 3855 2550 καὶ
3900 2500 4019 2559 τοῖς

2448 2604 2546 2676 ήδη
2583 2600 2891 2672 φυτευθεῖσι
2944 2600 3129 2669 φυτοῖς
3183 2596 3280 2667 τὴν
3335 2594 3558 2666 ἀρδείαν
3605 2591 4013 2662 προσενεγκεῖν.

2445 2692 2579 2751 Εἶτα
2635 2693 2799 2746 πάλιν
2860 2692 3209 2761 μετριότητος
3259 2686 3459 2757 πολλῆς
3503 2684 3593 2738 τδν
3640 2683 3796 2752 λόγον
3848 2680 4014 2750 ἐμπίν

2446 2789 2633 2858 πλησι.

2519 2878 2607 2951 ιβ’.
2645 2879 2825 2933 Τοῦτο
2862 2876 2930 2930 δέ
2984 2877 3115 2929 ἐστι
3148 2868 3730 2942 συμπαρακληθῆναι
3772 2867 3841 2920 ἐν
3873 2865 4019 2934 ὑμῖν

2445 2970 2543 3026 διὰ
2569 2970 2680 3038 τῆς
2716 2968 2785 3021 ἐν
2813 2967 3107 3032 ἀλλήλοις
3140 2965 3400 3029 πίστεως
3432 2960 3601 3030 ὑμῶν
3627 2976 3691 3012 τε
3718 2959 3813 3011 καί
3846 2957 4015 3026 ἐμοῦ.

2447 3063 2521 3117 Οὐ
2554 3062 2662 3131 γὰρ
2688 3059 2847 3130 μόνον
2871 3055 3053 3111 δοῦναι
3091 3054 3366 3125 βούλομαι,
3398 3050 3531 3104 ἀλλά
3561 3050 3653 3101 καὶ
3678 3047 3858 3100 λαϐεῖν
3886 3045 4020 3113 παρ’

782 3162 926 3215 pere.
979 3145 1193 3201 Excitat
1217 3155 1397 3204 autem
1480 3154 1535 3199 et
1582 3144 1899 3215 niagistrum
1954 3141 2342 3210 discipulorum

2450 3151 2623 3223 ὑμῶν.
2685 3148 3004 3219 Παρακαλεῖ
3046 3146 3103 3198 δὲ
3154 3145 3248 3197 καὶ
3293 3141 3611 3198 διδάσκαλον
3660 3142 3694 3208 ή
3740 3136 4022 3208 προθυμία

780 3239 1057 3294 alacritas.

849 3329 1014 3391 Vens,
1054 3331 1139 3386 15.
1186 3329 1328 3385 Nolo
1355 3338 1530 3383 autem
1565 3345 1649 3383 vos
1681 3330 1944 3397 ignorare,
1967 3327 2186 3396 fratres,
2208 3324 2346 3395 quod

781 3438 914 3491 sirpe
938 3422 1184 3491 proposui
1213 3420 1281 3474 ad
1312 3438 1399 3475 vos
1430 3421 1618 3484 venire,
1652 3429 1700 3473 et
1738 3418 2031 3487 prohibitus
2074 3433 2192 3472 sum
2250 3434 2343 3470 us-

781 3530 878 3580 que
908 3513 1095 3568 adhuc.
1122 3512 1186 3566 Et
1216 3513 1554 3581 propositum
1591 3510 1850 3574 ostendit,
1876 3517 1929 3565 et
1956 3508 2348 3579 providentiam

782 3604 1097 3661 declaravit.
1123 3604 1313 3659 Divina
1336 3605 1504 3668 enim,
1529 3601 1730 3671 inquit,
1749 3603 1920 3672 gratia
1940 3616 2024 3656 me
2056 3608 2115 3655 ut
2136 3601 2248 3654 vult
2265 3614 2351 3655 re-

784 3699 883 3768 git.
918 3697 1055 3752 Cum
1081 3707 1261 3752 autem
1285 3696 1703 3765 interposuisset
1726 3693 1880 3759 illud,
1915 3692 2218 3746 Pronibitus
2235 3708 2348 3746 sum

784 3792 1066 3859 hucusque,
1106 3789 1264 3844 docet
1283 3789 1524 3858 apertius
1547 3787 1899 3857 quamobrem
1930 3786 1996 3839 ad
2036 3785 2183 3853 ipsos
2204 3785 2353 3838 veni—

786 3898 843 3937 rc
886 3881 1136 3936 voluerit.
1172 3878 1237 3933 Ut
1272 3880 1499 3949 aliquem
1547 3879 1779 3948 fructum
1826 3878 1880 3930 in
1924 3876 2065 3930 vobis
2109 3874 2348 3937 habeam,

784 3976 916 4029 sicut
945 3983 993 4028 et
1020 3974 1076 4026 in
1102 3972 1307 4028 cazteris
1339 3970 1600 4041 gentibus.

862 4161 1024 4216 \‘tzns.
1060 4159 1147 4225 M,
1190 4159 1273 4212 ιε.
1314 4155 1512 4212 Gracia
1549 4165 1599 4209 et
1620 4155 1898 4218 Barbaris,
1930 4154 2253 4222 sapientibus
2306 4160 2355 4205 et

788 4251 1153 4320 insipientibus
1184 4249 1387 4304 debitor
1420 4264 1558 4303 sum.
1595 4250 1683 4300 tta
1707 4246 1842 4316 quod
1865 4247 1917 4298 in
1955 4260 2036 4298 me
2062 4251 2357 4311 promptum

2446 3245 2554 3299 τῶν
2588 3241 2865 3314 μαθητῶν.

2523 3342 2608 3404 ιγ’.
2646 3336 2727 3387 Οὐ
2774 3331 2926 3386 θέλω
2973 3329 3041 3383 δὲ
3096 3325 3252 3395 ὑμᾶς
3295 3323 3537 3393 ἀγνοεῖν
3561 3363 3575 3387 ,
3611 3321 3859 3389 ἀδελφοὶ
3884 3363 3899 3385 ,
3932 3319 4023 3373 ὅτι

2450 3425 2745 3491 πολλάκις
2771 3421 3105 3492 προεθέμην
3142 3417 3342 3472 ἐλθεῖν
3372 3413 3520 3483 πρὸς
3547 3412 3719 3482 ὑμᾶς,
3745 3411 3840 3464 καὶ
3877 3412 4021 3464 ἐκω-

2448 3521 2644 3586 λύθην
2694 3517 2832 3585 ἄχρι
2868 3512 2975 3566 τοῦ
3014 3511 3207 3578 δεῦρο.
3243 3509 3353 3562 Καὶ
3385 3506 3483 3575 τὴν
3539 3504 3793 3574 πρόθεσιν
3830 3502 4019 3568 ἔδειξε,

2451 3609 2545 3665 καὶ
2571 3608 2669 3678 τὴν
2702 3604 3012 3674 οἰκονομίαν
3040 3601 3325 3670 ἐδήλωσεν.
3363 3598 3429 3650 'H
3459 3598 3577 3649 θεία
3602 3595 3711 3664 γάρ
3734 3612 3799 3663 με
3836 3595 4016 3663 χάρις,

2452 3698 2636 3770 φησὶν,
2675 3696 2751 3758 ὡς
2788 3693 3036 3764 βούλεται
3080 3689 3337 3760 κυϐερνᾷ.
3369 3684 3638 3747 Τεθεικὼς
3680 3684 3737 3736 δὲ
3773 3684 3829 3734 ὲν
3868 3683 4020 3751 μέσῳ

2450 3790 2511 3845 τὸ
2539 3788 2850 3854 ἐκωλύθην
2878 3784 3015 3852 ἆγρι
3039 3781 3147 3835 τοῦ
3174 3778 3349 3846 δεῦρο
3371 3816 3385 3840 ,
3415 3776 3655 3829 διδάσκει
3688 3774 4020 3843 σαφέστερον

2452 3880 2595 3942 τινος
2620 3879 2803 3932 ἕνεκεν
2846 3875 2980 3947 πρὸς
3020 3871 3214 3935 αὐτοὺς
3258 3868 3510 3924 ἀπελθεῖν
3542 3865 3810 3935 ἠϐουλήθη
3836 3882 3847 3894 ·
3887 3864 4021 3916 Ἵνα

2455 3971 2586 4025 τινὰ
2610 3968 2840 4037 καρπὸν
2864 3965 2993 4033 σχῶ
3020 3964 3119 4017 καί
3145 3963 3215 4016 ἐν
3241 3959 3405 4029 ὑμῖν,
3440 3959 3636 4024 καθὼς
3680 3954 3778 4010 καὶ
3800 3956 3868 4008 ἐν
3898 3952 4022 4019 τοῖς

2454 4060 2691 4127 λοιποῖς
2720 4060 2980 4113 ἔθνεσιν.

2527 4154 2609 4219 ιδ’,
2656 4159 2737 4205 ιε’.
2775 4149 3040 4215 ’Ἕλλησί
3078 4163 3140 4200 τε
3187 4144 3284 4198 καὶ
3324 4140 3667 4210 βαρϐάροις,
3709 4137 3922 4206 σοφοῖς
3960 4150 4026 4186 τε

2457 4244 2555 4298 καί
2594 4241 2871 4307 ἀνοήτοις
2920 4236 3237 4307 ὀφειλέτης
3273 4237 3410 4304 ειμι.
3447 4233 3609 4288 Οὕτω
3645 4232 3712 4283 τι)
3760 4227 3885 4281 κατ’
3918 4226 4025 4313 εμὲ

788 4349 863 4393 est
890 4349 939 4395 et
978 4339 1122 4394 vobis
1180 4339 1271 4409 qui
1332 4337 1512 4393 Romae
1567 4337 1693 4392 estis
1731 4336 2111 4406 erangetizare.
2160 4332 2342 4387 Docwl

2457 4336 2763 4404 πρόθυμον
2776 4330 2872 4386 καὶ
2893 4329 3036 4399 ὑμῖν
3050 4328 3174 4393 τοῖς
3194 4328 3261 4380 ἐν
3289 4326 3477 4395 Ῥώμῃ
3498 4321 4020 4391 εὐαγγελίσασθαι.

791 4430 1034 4486 omnium
1091 4430 1331 4501 gentium
1394 4427 1730 4483 constitutus
1789 4404 1933 4481 sum.
1989 4422 2342 4489 Quamobrem

2458 4427 2580 4482 Τῶν
2608 4424 2775 4477 ἐθνῶν
2824 4422 3077 4476 ἁπάντων
3125 4416 3534 4489 ὲχειροτονήθην
3575 4412 3912 4473 διδάσκαλος.
3947 4404 4024 4463 Oh

793 4522 965 4578 debeo
992 4520 1251 4576 omnibus
1275 4518 1540 4575 doctrinas
1559 4517 1824 4581 debitum,
1867 4530 1975 4571 non
2001 4515 2177 4569 solum
2204 4512 2342 4568 Grin-

2456 4519 2520 4588 δὴ
2547 4518 2705 4588 χάριν
2731 4514 2893 4567 πᾶσιν
2930 4509 3131 4579 ὀφείλω
3153 4509 3251 4578 τῆς
3275 4504 3616 4566 διδασκαλίας
3648 4501 3708 4555 τὸ
3732 4500 3909 4570 χρέος,
3933 4500 4025 4551 καὶ

792 4613 893 4679 eis,
920 4611 1015 4667 sed
1049 4612 1210 4666 etiam
1233 4609 1511 4666 Barbarie.
1540 4608 1832 4679 Propterea
1863 4607 2006 4662 enim
2031 4614 2085 4662 et
2114 4605 2342 4660 diversa:

2452 4611 2551 4680 οὐχ
2585 4607 2809 4676 Ἕλλησι
2843 4604 3023 4673 μόνον,
3046 4599 3180 4654 ἀλλά
3209 4598 3302 4651 καὶ
3337 4596 3651 4668 βαρϐάροις.
3681 4592 3776 4644 Διά
3810 4590 3915 4659 γάρ
3942 4605 4024 4641 ττι

796 4700 953 4756 nobis
982 4699 1132 4754 dedit
1176 4700 1391 4771 linguas
1424 4700 1667 4771 Spiritus
1701 4698 1874 4754 sancti
1914 4698 2111 4770 gratia,
2140 4708 2195 4751 et
2226 4710 2359 4750 con—

794 4793 944 4848 venit
974 4799 1086 4845 tum
1120 4791 1187 4846 iis
1216 4792 1310 4862 qui
1350 4791 1421 4847 de
1467 4791 1715 4846 doctrina
1754 4805 1811 4845 se
1840 4788 2095 4852 ellerunt,
2148 4796 2261 4841 tum
2292 4787 2359 4842 iis

796 4885 889 4954 qui
919 4889 1173 4951 expertes
1200 4892 1328 4938 sunt
1360 4883 1621 4949 scientiae,
1646 4882 1890 4939 debitum
1914 4882 2216 4937 exsolvere.
2250 4878 2355 4934 Sa-

792 4979 987 5044 pientes
1016 4976 1159 5030 enim
1191 4991 1287 5031 eos
1316 4976 1574 5045 appellat,
1615 4976 1705 5045 qui
1732 4975 1839 5043 20
1875 4981 2098 5042 propter
2143 4969 2360 5027 dicendi

800 5069 1118 5125 facultatem
1161 5067 1466 5122 efferuntur
1501 5067 1845 5132 :insipientes
1882 5072 2063 5118 autem
2115 5079 2230 5127 eos,
2270 5063 2361 5132 qui

797 5163 964 5217 abiis
1006 5160 1097 5230 qui
1132 5157 1387 5213 dicuntur
1434 5157 1709 5227 sapientes
1753 5164 1975 5225 propter
2030 5155 2359 5226 imperitiam

800 5256 870 5306 ita
904 5261 1189 5306 vocantur.
1236 5248 1303 5303 Et
1351 5249 1608 5318 quoniam
1660 5262 1767 5302 non
1797 5261 1986 5299 omnes
2043 5245 2359 5315 Evangelii‘

801 5343 1241 5414 praedicationem
1272 5340 1665 5409 suscipiebant,
1695 5337 1890 5392 merito
1933 5336 2131 5405 adjecit
2163 5355 2174 5390 :
2210 5336 2361 5400 Quod

798 5440 852 5489 in
896 5450 974 5488 me
1009 5443 1304 5499 promptum
1328 5440 1431 5483 est.
1468 5429 1644 5483 Meum
1701 5436 1785 5482 est
1822 5427 1965 5481 enim
2023 5426 2359 5495 praedicare;

805 5524 1137 5580 audientium
1164 5532 1339 5576 autem
1370 5521 1609 5576 credere.
1652 5519 1916 5584 Quoniam
1947 5527 2127 5573 autem
2167 5519 2360 5587 prmdi-

2456 4699 2614 4754 τοῦτο
2667 4696 2887 4757 καὶτὰς
2934 4692 3223 4761 διαφόρους
3257 4687 3500 4757 γλώττας
3556 4685 3782 4739 δέδωκεν
3812 4684 3939 4751 ἡμῖν
3990 4683 4024 4749 ἡ

2455 4790 2549 4843 τοῦ
2598 4786 2911 4856 Πνεύματος
2941 4784 3122 4854 χάρις,
3170 4782 3262 4833 καὶ
3320 4780 3585 4850 προσήκει
3633 4775 3732 4847 μὲν
3773 4776 3866 4828 καὶ
3913 4777 4026 4835 τοῖς

2460 4880 2553 4933 ἐπὶ
2576 4876 2794 4947 παιδεία
2829 4875 2970 4945 μέγα
3009 4871 3286 4941 φρονοῦσι,
3306 4872 3400 4923 καὶ
3425 4872 3537 4931 τοῖς
3562 4868 3735 4936 λόγων
3766 4866 4029 4935 ἀμυήτοις

2462 4973 2673 5027 ἐκτῖσαι
2722 4969 2782 5021 τὸ
2814 4967 3056 5035 ὄφλημα.
3082 4963 3251 5017 Καλεῖ
3282 4962 3388 5032 γὰρ
3419 4958 3648 5027 σοφοὺς
3671 4957 3767 5026 μὲν
3792 4957 3917 5017 τοὺς
3940 4956 4029 5008 ἐπ’

2462 5061 2763 5131 εὐγλωττίᾳ.
2816 5056 3262 5129 βρενθυομένους,
3292 5051 3589 5117 ἀνοήτους
3642 5049 3698 5101 δὲ
3755 5050 3877 5109 τοὺς
3924 5047 4030 5098 ὑπὸ

2462 5157 2570 5209 τῶν
2599 5151 2947 5222 καλουμένων
2975 5146 3155 5216 σοφῶν
3196 5146 3263 5197 δι’
3298 5143 3651 5197 ἀπαιδευσίαν
3682 5140 3825 5193 οὕτω
3862 5155 4029 5210 προσ-

2466 5243 2913 5316 αγορευομένους.
2954 5238 3065 5292 Καὶ
3114 5233 3301 5303 ἐπειδὴ
3327 5234 3387 5287 οὐ
3433 5232 3631 5294 πάντες
3663 5231 3905 5299 ἐδέχοντο
3933 5228 4025 5279 τοῦ

2469 5335 2800 5400 Εὐαγγελίου
2848 5331 2908 5384 τὸ
2957 5332 3239 5399 κήρυγμα,
3272 5325 3495 5385 εὶκότως
3544 5321 3913 5391 προστέθεικεο
3958 5322 4027 5372 Τὸ

2470 5427 2596 5479 κατ’
2617 5423 2718 5493 ἐμὲ
2745 5424 3070 5491 πρόθυμον.
3088 5418 3248 5487 Ἐμὸν
3273 5416 3380 5487 γάρ
3395 5415 3453 5467 τὸ
3470 5414 3777 5485 κηρύττειν,
3802 5412 3863 5463 τὸ
3888 5410 3942 5463 δέ
3966 5426 4027 5477 γε

2471 5514 2746 5568 πιστεύειν
2777 5514 2881 5565 τῶν
2934 5510 3254 5564 ἀκουόντων.
3302 5507 3411 5560 Καὶ
3442 5506 3626 5574 ἐπειδὴ
3665 5505 3723 5557 τὸ
3770 5505 4027 5572 κήρυγμα

2104 5691 2333 5746 \‘ARIA‘I
2373 5690 2773 5748 LECTlONES.

882 5814 920 5845 ⁵³
948 5810 1308 5868 (Ε’έιιιηηιιίῖιε
1348 5829 1359 5864 :
1395 5810 1577 5879 ἔφησε.

1685 5811 1722 5841 "‘
1748 5808 1909 5863 αὑτοῦ
1943 5809 2088 5864 deest
2128 5808 2177 5862 in
2212 5808 2563 5864 Olicumenio.

2673 5808 2711 5837 "
2739 5804 2774 5859 Β
2804 5797 3113 5878 πωσφίρῶ.
3157 5804 3314 5858 Herv.
3352 5801 3535 5857 altero.
