4194 6432
728 387 801 453 ὸθ

1717 387 2168 449 TllEODORET
2177 392 2200 448 1
2242 390 2360 447 ΕΗ.

2368 391 2575 451 εε.‹;()Ρ[
2616 394 2979 455 CYRENSIS
3903 400 3975 464 6ο

733 497 907 551 solum
943 514 1061 567 quze
1100 498 1255 552 nobis
1294 496 1603 561 exhibetur,
1639 496 1744 566 22
1775 497 1868 552 sed
1906 506 1959 552 ct
2004 499 2146 552 illam
2182 513 2300 568 qum

2406 502 2467 569 τῇ
2498 502 2557 551 ὲκ
2588 501 2795 572 νεκρῶν
2834 502 3145 566 ἀναστάσει,
3170 502 3334 572 φημὶ,
3360 502 3452 555 καὶ
3484 505 3544 570 τῇ
3601 504 3803 575 αίωνίῳ
3833 505 3966 577 ζωῇ,

735 589 786 640 in
820 589 939 656 ipso
970 589 1393 659 dispensationis
1440 590 1699 658 myStcrio
1754 600 1939 657 aperte
1970 592 2297 645 ostenditur.

731 676 849 731 Non
890 680 1037 732 enim
1070 680 1118 733 vi
1152 688 1393 733 nostram
1441 680 1671 733 salutem
1727 680 2151 742 administravit,
2201 696 2300 735 nec

736 769 966 837 imperio
994 785 1055 823 ac
1079 770 1242 823 verbo
1268 770 1460 823 mortis
1490 770 1781 838 potentiam
1806 770 2033 835 evertit;
2068 774 2161 825 sed
2216 772 2301 839 ju-

733 862 937 913 stitiam
969 860 1339 915 misericordia
1371 863 1710 930 temperavit.
1746 861 1808 914 Et
1846 861 2023 932 ipsmu
2056 863 2300 933 unigeni-

734 963 846 1003 tum
888 952 977 1005 Dei
1012 952 1269 1015 Verbum,
1319 953 1511 1006 Adami
1555 961 1801 1007 naturam
1848 954 2118 1019 indutum,
2174 970 2298 1009 cum

735 1044 800 1092 ab
836 1042 981 1094 omni
1018 1052 1238 1111 peccato
1294 1044 1586 1095 immunem
1631 1042 1777 1095 illam
1836 1051 2128 1107 servasset,
2178 1059 2296 1097 eam

732 1147 832 1199 pro
896 1134 1053 1187 nobis
1106 1133 1326 1195 obtulit,
1385 1143 1438 1186 ct
1497 1142 1701 1187 naturae
1756 1133 1936 1187 debito
1996 1136 2295 1204 persoluto,

734 1238 1020 1276 commune
1048 1227 1292 1277 omnimn
1322 1226 1599 1278 hominum
1626 1224 1865 1277 dehitum
1892 1225 2161 1279 dissolvit.
2193 1224 2298 1278 Sed

734 1314 955 1367 divimis
982 1315 1275 1382 Apostolus
1300 1316 1411 1369 haec
1440 1330 1540 1368 nos
1569 1315 1726 1368 docet
1748 1319 1990 1385 apertius
2018 1315 2066 1367 in
2088 1316 2154 1368 iis
2184 1332 2302 1385 qua:

733 1416 1060 1474 sequuntur.
1099 1406 1207 1459 Nos
1251 1416 1431 1459 autem
1482 1406 1983 1475 interpretationem
2021 1408 2297 1476 sigillatim

735 1510 1147 1561 persequamur.
1182 1494 1316 1547 Cum
1350 1496 1533 1564 itaque
1567 1496 1795 1549 dixisset
1844 1494 2048 1550 imbris
2072 1505 2124 1550 et
2154 1496 2293 1550 Grie-

736 1586 815 1636 t'lS'
851 1584 1161 1638 volentibus
1190 1584 1382 1639 adesse
1434 1587 1685 1647 salutem,
1718 1586 1922 1637 dictum
1965 1599 2123 1638 suum
2155 1584 2301 1637 Scri-

732 1683 903 1744 ptma:
982 1676 1293 1730 testimonio
1354 1676 1717 1739 continuavit,
1771 1682 1823 1730 et
1888 1677 2023 1730 dixit
2089 1694 2101 1730 :
2152 1675 2300 1731 Sicut

730 1770 980 1835 scriptum
1015 1777 1090 1820 est
1130 1783 1148 1820 :
1186 1766 1371 1820 Justus
1412 1777 1583 1821 autem
1624 1784 1687 1820 ea:
1741 1768 1844 1836 ﬁde
1887 1769 2029 1824 vivit.
2066 1768 2175 1824 Iloc
2206 1787 2302 1823 nu-

2405 592 2499 643 καὶ
2523 596 2585 662 τῇ
2618 594 2866 665 βασιλεία
2894 596 3004 648 τῶν
3054 595 3321 665 οὐρανῶν.
3348 596 3703 665 Δικαιοσύνην
3732 598 3785 649 δὲ
3835 598 3973 651 Θεοῦ

2401 682 2490 734 διὰ
2541 685 2634 736 τοῦ
2686 686 3016 753 Εὐαγγελίου
3049 685 3530 739 ἀποκαλύπτεσθαι
3570 687 3694 755 ἔφη.
3727 690 3785 739 ού
3812 691 3975 757 μόνον

2401 774 2499 840 τὴν
2523 775 2654 842 ἡμῖν
2688 776 3121 845 χορηγουμένην,
3158 776 3293 829 ἀλλὰ
3348 778 3440 829 καὶ
3487 776 3584 846 τὴν
3626 780 3681 829 ἐν
3721 779 3868 846 αύτῷ
3893 779 3974 848 τῷ

2401 866 2499 932 τῆς
2543 865 2849 933 οἰκονομίας
2906 867 3187 937 μυστηρίῳ
3242 869 3535 936 προφανῶς
3595 870 3968 940 δεικνυμέκκην.

2402 956 2475 1006 Οὐ
2503 955 2612 1025 γάρ
2640 956 2858 1028 ἐξουσίᾳ
2884 959 2981 1028 τὴν
3021 959 3294 1028 ἡμετέραν
3323 959 3638 1029 ᾠκονόμησε
3673 961 3969 1029 σωτηρίαν,

2401 1046 2520 1097 οὐδὲ
2580 1048 2960 1117 προστάγματι
3013 1049 3269 1119 καὶλὸγῳ
3299 1049 3561 1102 κατέλυσε
3597 1050 3688 1104 τοῦ
3738 1050 3969 1104 θανάτου

2401 1136 2461 1188 τὸ
2490 1137 2708 1205 κράτος,
2740 1138 2856 1190 ἀλλ’
2894 1140 3123 1209 ἐκέρασε
3157 1141 3233 1210 τῷ
3284 1140 3476 1209 δικαίῳ
3523 1141 3613 1193 τὸν
3651 1142 3817 1195 ἔλεον.
3862 1145 3971 1195 Καὶ

2401 1226 2561 1290 αὐτὸς
2586 1230 2613 1280 6
2652 1229 2941 1299 μονογενὴς
2997 1230 3090 1282 τοῦ
3123 1231 3256 1284 Θεοῦ
3307 1231 3499 1298 Λόγος,
3545 1234 3643 1301 τὴν
3675 1232 3765 1284 τοῦ
3797 1235 3971 1302 Ἀδάμ

2400 1319 2761 1387 ἐνδυσάμενος
2806 1318 2996 1386 φύσιν,
3030 1320 3123 1373 καί
3180 1326 3358 1392 πάσης
3399 1325 3675 1393 ἁμαρτίας
3729 1324 3969 1391 φυλάξας

2400 1409 2666 1479 ἀμύητον.
2698 1411 2899 1479 ταύτην
2952 1412 3092 1482 ὑπὲρ
3142 1414 3299 1483 ἡμῶν
3340 1417 3733 1486 προσενήνοχε,
3782 1417 3873 1468 καὶ
3907 1417 3968 1468 τὸ

2401 1499 2557 1566 χρέος
2597 1498 2696 1566 τῆς
2728 1498 2939 1564 φύσεως
2963 1501 3209 1564 ἀποδοὺς,
3244 1502 3304 1554 τὸ
3322 1502 3495 1555 κοινὸν
3518 1503 3734 1555 πάντων
3756 1504 3967 1575 ἀνθρὼ-

2402 1603 2519 1639 πων
2551 1586 2792 1639 διέλυσεν
2823 1588 3066 1658 ὄφλημα.
3108 1592 3267 1644 ’Λλλά
3317 1593 3477 1646 τοῦτο
3520 1594 3757 1648 διδάσκει
3801 1595 3965 1661 σαφέ·

2403 1692 2590 1746 στερον
2621 1678 2769 1745 ἡμᾶς
2794 1678 2847 1728 ἐν
2885 1680 2998 1740 τοῖς
3035 1678 3159 1747 ἑξῆς
3187 1682 3214 1731 ό
3246 1680 3386 1741 θεῖος
3413 1680 3747 1742 Ἀπόστολος.
3777 1680 3966 1748 Ἡμεῖς

2400 1767 2457 1819 δὲ
2503 1767 2605 1836 τῆς
2654 1767 2793 1820 κατὰ
2851 1769 3019 1837 μέρος
3065 1770 3359 1839 ἑρμηνείας
3408 1769 3677 1838 ἐχώμεθα.
3717 1766 3966 1837 Είρηκὼς

733 1868 837 1913 tem
873 1858 1179 1913 Iudaeorum
1220 1862 1394 1928 gratia
1428 1862 1628 1928 posuit,
1661 1861 1863 1914 docens
1906 1876 2001 1915 eos
2057 1877 2163 1914 non
2218 1862 2296 1916 leo

2398 1860 2578 1911 τοίνυν
2606 1860 2681 1922 ὡς
2705 1860 2797 1911 καὶ
2839 1860 3115 1923 Ἰουδαίοις
3154 1860 3246 1913 καὶ
3275 1861 3499 1929 Ἕλλησι
3553 1860 3890 1929 βουλομένοις
3934 1861 3965 1926 ἡ

730 1951 902 2020 galem
943 1952 1178 2004 retinere
1225 1952 1649 2013 institutionem,
1704 1951 1800 2005 sed
1826 1968 1958 2005 suos
2005 1952 2299 2022 prophetas

730 2042 904 2110 sequi.
940 2040 1005 2094 Hi
1056 2043 1199 2095 enim
1246 2044 1434 2096 multis
1483 2052 1628 2097 retro
1659 2046 1873 2097 sarculis
1908 2044 2146 2099 futuram
2205 2061 2300 2115 per

732 2134 890 2187 fidem
920 2135 1147 2188 salutem
1188 2135 1573 2202 praedicarunt.
1636 2134 1774 2189 llinc
1813 2138 1995 2202 itaque
2030 2136 2299 2191 desistens

728 2225 945 2280 Judieos
977 2224 1208 2294 primum
1277 2240 1564 2289 accusare,
1624 2241 1813 2281 omnes
1859 2227 2000 2281 alios
2051 2227 2299 2282 homines

730 2326 973 2379 accusat,
1000 2325 1057 2371 ut
1084 2318 1175 2387 qui
1211 2318 1379 2387 legem
1405 2319 1458 2370 in
1496 2327 1692 2370 natura
1724 2318 1793 2371 ab
1830 2316 2037 2388 Opifice
2067 2319 2296 2389 positam

731 2413 935 2478 altsquc
969 2410 1079 2464 ullo
1109 2416 1252 2464 metu
1277 2408 1651 2463 transilierint.
1683 2407 1885 2464 Horum
1927 2420 2108 2465 autem
2140 2426 2299 2465 accu-

732 2501 875 2555 satio
929 2502 1088 2554 habet
1148 2502 1308 2555 etiam
1364 2501 1734 2555 defensionem
1815 2500 2113 2556 Creatoris.
2164 2500 2299 2558 Cum

730 2594 873 2645 οιιιίιιι
904 2608 998 2647 eos
1037 2592 1296 2653 condidit,
1325 2608 1428 2645 non
1476 2593 1721 2661 permisit
1754 2600 1812 2647 ut
1874 2593 2158 2648 brutorum
2213 2592 2300 2647 in-

738 2693 855 2736 star
904 2682 1185 2748 vivereut';
1220 2683 1312 2736 sed
1351 2682 1560 2736 ratione
1595 2682 1900 2745 honoravit,
1931 2690 1986 2735 et
2035 2681 2300 2751 judicium

730 2773 899 2834 dedit,
951 2773 1327 2840 bonorumque
1354 2787 1417 2826 ac
1460 2773 1863 2826 contrariorum
1916 2770 2183 2842 judicium
2215 2773 2300 2825 in-

732 2863 885 2918 didit.
947 2863 1011 2917 Et
1064 2865 1165 2917 hoc
1223 2865 1425 2918 dictum
1456 2880 1558 2919 suo
1612 2864 1924 2919 testimonio
1975 2863 2305 2918 confirmant

732 2955 825 3021 qui
846 2962 971 3007 ante
995 2954 1167 3023 legem
1195 2951 1490 3008 Mosaicatu
1512 2953 1714 3007 virtute
1734 2961 1788 3007 et
1810 2954 2011 3023 pietate
2030 2954 2305 3010 excellue-

733 3054 881 3111 runt,
914 3055 965 3097 et
991 3046 1082 3113 qui
1119 3060 1315 3100 rursus
1370 3043 1472 3098 iter
1499 3044 1839 3097 contrarium
1870 3043 2106 3112 ingressi
2154 3058 2301 3098 sunt.

2403 1949 2644 2021 σωτηρία
2691 1951 3062 2020 προσγίνεται,
3102 1952 3140 2003 Γ
3147 1955 3347 2021 ραφικῇ
3386 1951 3659 2021 μαρτυρίᾳ
3692 1953 3781 2002 τὸν
3809 1951 3964 2015 λόγον

2400 2041 2681 2111 ὠχύρωσε,
2712 2042 2805 2095 καί
2828 2058 2989 2113 φησι·
3017 2041 3216 2107 Καθὼς
3243 2040 3559 2110 γέγραπται
3586 2059 3598 2071 ·
3644 2043 3703 2093 '0
3760 2041 3826 2092 δὲ
3876 2040 3963 2091 δί-

2401 2153 2569 2202 καιος
2621 2136 2689 2188 ἐκ
2758 2136 3014 2199 πίστεως
3075 2133 3329 2198 ζήσεται.
3382 2132 3551 2185 Τοῦτο
3594 2132 3650 2184 δὲ
3702 2130 3965 2183 Ἰουδαίων

2398 2229 2562 2282 ’ἑνεκα
2584 2226 2811 2280 τέθεικε·
2851 2226 3117 2278 διδάσκων
3142 2226 3338 2287 αὖτοὺς
3357 2223 3433 2294 μὴ
3468 2227 3565 2293 τῆς
3585 2222 3813 2293 νομικῆς
3837 2223 3957 2274 άντ-

2401 2319 2621 2389 έχεσθαι
2684 2317 2983 2379 πολιτείας,
3033 2316 3172 2369 ἀλλὰ
3221 2318 3335 2379 τοῖς
3385 2315 3604 2377 οἰκείοις
3661 2316 3966 2385 προφήταις

2401 2408 2731 2464 ἀκολουθεῖν.
2764 2402 2921 2461 Οὗτοι
2955 2408 3062 2479 γὰρ
3086 2407 3288 2462 ἄνωθεν
3320 2406 3419 2477 τὴν
3441 2405 3529 2459 διὰ
3567 2406 3800 2467 πίστεως
3838 2421 3970 2474 προ-

2401 2500 2672 2571 εκήρυξαν
2703 2501 2994 2571 σωτηρίαν.
3034 2500 3311 2552 Ἐντεῦθεν
3339 2499 3518 2551 τοίνυν
3546 2498 3654 2552 τῶν
3700 2495 3969 2550 Ἰουδαίων

2403 2594 2560 2661 ἀφεὶς
2620 2592 2833 2663 πρῶτον
2890 2594 3252 2662 κατηγορεῖν,
3291 2591 3588 2660 κατηγορεῖ
3634 2588 3740 2641 τῶν
3794 2587 3970 2641 ἄλλων

2403 2685 2656 2738 ἁπάντων
2700 2682 3016 2754 ἀνθρώπων,
3041 2683 3115 2746 ὡς
3164 2683 3254 2736 τὸν
3297 2684 3353 2735 ὲν
3382 2684 3446 2751 τῇ
3483 2679 3642 2749 φύσει
3687 2678 3837 2750 παρά
3874 2676 3969 2730 τοῦ

2404 2781 2743 2853 Δημιουργοῦ
2769 2780 2988 2834 τεθέντα
3015 2782 3175 2849 νόμον
3207 2779 3378 2841 ἀδεῶς
3408 2776 3790 2847 παραϐάντων.
3833 2771 3972 2827 Ἥδι

2404 2891 2468 2943 γε
2491 2873 2693 2927 τούτων
2715 2872 3014 2943 κατηγορία
3041 2871 3130 2923 καὶ
3156 2868 3445 2935 ἀπολογίαν
3462 2866 3574 2935 ἔχει
3603 2863 3696 2917 τοῦ
3718 2860 3964 2931 Ιιοιητοῦ.

2406 2963 2823 3033 Δημιουργήσας
2852 2963 2960 3032 γάρ
2989 2961 3203 3021 αὐτοὺς.
3231 2959 3330 3011 οὐκ
3363 2957 3570 3023 ἀλόγων
3613 2955 3769 3023 δίκην
3821 2952 3971 3005 εἴασε

2410 3052 2689 3124 βιοτεύειν,
2716 3052 2855 3105 ἀλλὰ
2903 3051 2982 3121 τῷ
3043 3051 3185 3121 λόγῳ
3236 3050 3534 3119 τετίμηκε,
3563 3047 3657 3099 καὶ
3701 3044 3972 3113 διάκρισιν

734 3138 943 3192 Etenim
961 3138 1128 3190 Adam
1153 3147 1198 3201 Ρ,
1221 3152 1342 3191 cum
1360 3136 1546 3189 statim
1584 3144 1908 3205 praeceptum
1928 3144 2305 3204 transgressus

2408 3147 2628 3211 δέδωκε,
2660 3144 2755 3201 καὶ
2780 3143 2890 3198 τῶν
2909 3142 3130 3212 ἀγαθῶν
3164 3141 3256 3196 καὶ
3287 3141 3393 3193 τῶν
3420 3138 3675 3191 ἐναντίων
3702 3134 3971 3189 ἐντέθεικε

733 3236 905 3293 esset,
926 3236 977 3281 et
999 3229 1066 3282 de
1090 3228 1267 3282 fructu
1291 3227 1394 3282 sibi
1410 3227 1683 3297 prohibito
1699 3227 1803 3295 23
1825 3234 2116 3295 gustasset,
2140 3227 2309 3282 latere

731 3317 949 3385 quidem
964 3327 1192 3372 conatus
1205 3327 1431 3381 est,eum
1452 3318 1746 3369 uleiscente
1761 3314 2309 3371 conscientia‘.Dein-

735 3413 802 3463 de
832 3411 884 3463 in
902 3409 1165 3478 judicium
1183 3420 1432 3475 Vocatus,
1456 3424 1555 3462 nec
1577 3408 1774 3463 factum
1794 3406 2064 3463 inliciatus
2083 3416 2188 3470 est,
2206 3424 2309 3465 nec

736 3507 803 3553 ad
841 3502 923 3555 sui
952 3501 1320 3555 defensionem
1354 3500 1710 3570 ignorantiam
1733 3499 2166 3569 praetenditzsed
2188 3499 2308 3569 ejus

736 3592 803 3644 de
832 3607 939 3660 quo
969 3592 1335 3645 accusabatur
1367 3590 1579 3659 culpam
1604 3590 1659 3643 in
1686 3591 1969 3645 mulierem
2002 3592 2303 3647 transtulit.

738 3687 934 3750 Aperte
960 3683 1143 3751 itaque
1196 3682 1300 3736 hoc
1334 3682 1509 3744 docet,
1567 3680 1710 3750 quod
1746 3690 1943 3735 natura
1984 3681 2171 3737 habuit
2226 3698 2309 3738 rc-

740 3789 859 3827 rum
904 3773 1393 3827 discernendarum
1449 3780 1791 3841 potestatem.
1828 3770 1919 3827 Sic
1974 3772 2143 3829 etiam
2173 3773 2305 3829 Cain

740 3866 963 3917 fratrem
995 3864 1211 3932 quidem
1248 3864 1557 3916 clanculum
1592 3861 1867 3917 interfecit
1900 3882 1914 3916 :
1941 3863 2309 3934 interrogatus

742 3966 940 4018 :mtem,
981 3973 997 4004 ι
1022 3953 1122 4008 Ubi
1153 3964 1236 4009 est
1292 3954 1425 4009 Abel
1459 3952 1628 4008 frater
1686 3962 1812 4007 tuus
1839 3954 1863 4007 ἲ
1890 3972 1910 4006 ι
1965 3957 2201 4025 negavit,
2255 3964 2308 4009 et

742 4045 942 4099 factum
973 4047 1153 4099 celare
1185 4056 1415 4099 conatus
1440 4053 1547 4099 est.
1582 4044 1883 4100 Convictus
1912 4060 2064 4112 vero,
2098 4047 2305 4117 justum

740 4151 864 4189 esse
888 4136 1220 4205 supplicium
1251 4134 1542 4190 confessus
1574 4142 1679 4200 est,
1711 4143 1766 4189 et
1792 4135 1995 4204 judicis
2022 4135 2307 4193 sententiae

742 4244 1001 4283 assensus
1027 4236 1131 4292 est,
1163 4239 1217 4283 et
1248 4230 1493 4298 gravius,
1533 4244 1695 4299 quam
1728 4238 1788 4283 ut
1816 4230 1972 4283 venia
1991 4229 2190 4302 dignus
2216 4245 2306 4285 cs-

742 4326 846 4382 set,
884 4336 943 4373 se
966 4335 1221 4389 peccasse
1242 4321 1377 4374 dixit
1398 4330 1449 4375 (ι.
1489 4320 1914 4375 Innumerabilia
1944 4328 2125 4377 autem
2154 4319 2306 4392 ejus-

746 4409 889 4462 modi
917 4414 1040 4464 Iicet
1065 4411 1116 4463 in
1152 4427 1308 4464 sacra
1351 4412 1636 4481 Scriptura
1667 4411 1929 4467 invenire.
1956 4412 2017 4465 Et
2033 4411 2154 4467 ideo
2170 4411 2308 4465 dixit

743 4504 967 4561 divinus
1000 4502 1296 4571 Apostolus
1334 4520 1347 4555 :

2410 3239 2508 3309 τὴν
2535 3238 2846 3307 διάγνωσιν.
2876 3238 2987 3291 Καὶ
3004 3234 3137 3305 τῷδε
3165 3231 3504 3304 μαρτυροῦσι
3526 3228 3601 3299 τῷ
3625 3228 3765 3294 λόγῳ
3800 3229 3846 3277 οί
3870 3224 3973 3295 πρὸ

2408 3328 2501 3381 τοῦ
2530 3329 2825 3383 Μωσαῖκου
2854 3324 3021 3395 νόμου
3068 3324 3468 3395 διαπρέψαντες
3502 3323 3559 3372 ὲν
3587 3316 3831 3386 εὐσεϐείᾳ
3878 3316 3973 3367 καὶ

2408 3421 2602 3490 ἀρετῇ,
2635 3418 2728 3471 καὶ
2756 3412 2822 3471 αὗ
2857 3416 3017 3471 πάλιν
3041 3415 3089 3467 oi
3116 3414 3213 3485 τὴν
3241 3413 3485 3466 ἐναντίαν
3511 3408 3845 3467 ὁδεύσαντες.
3862 3405 3971 3457 Καὶ

2407 3512 2516 3582 γάρ
2539 3513 2567 3564 6
2595 3510 2783 3577 Ἀδὰμ,
2814 3509 2976 3571 εὐθὺς
3022 3506 3120 3576 τὴν
3183 3502 3399 3573 ἐντολὴν
3446 3500 3699 3571 παραϐάς
3751 3500 3845 3551 καὶ
3877 3494 3968 3547 τοῦ

2409 3598 2623 3670 καρποῦ
2676 3598 3043 3666 γευσάμενος,
3073 3595 3133 3647 δν
3178 3593 3519 3668 ἀπηγόρευεν
3572 3588 3739 3655 αὐτῷ,
3791 3584 3973 3637 λαθεῖν

2412 3692 2509 3765 μὲν
2538 3689 2823 3760 ἐπειράθη,
2855 3687 2949 3741 τοῦ
2981 3685 3279 3746 συνειδότος
3305 3682 3655 3753 ἀμείψαντος.
3689 3674 3819 3729 Εἶτα
3845 3678 3973 3765 κλη-

2407 3762 2520 3846 θεὶς
2547 3782 2625 3843 εἰς
2661 3779 2720 3831 τὸ
2753 3777 3053 3846 κριτήριον,
3087 3773 3209 3826 οὔτε
3238 3771 3448 3842 ἠρνήθη
3479 3768 3538 3819 τὸ
3562 3767 3783 3834 γεγονὸς
3805 3805 3819 3825 ,
3850 3762 3969 3815 οὔτε

2409 3873 2519 3944 μὴν
2546 3870 2645 3941 τὴν
2674 3868 2895 3935 ἄγνοιαν
2924 3868 3002 3928 είς
3026 3862 3318 3931 ἀπολογίαν
3352 3857 3709 3930 προύϐάλετο,
3742 3852 3854 3907 ἀλλ’
3882 3853 3973 3905 ἐπὶ

2405 3962 2501 4031 τὴν
2526 3961 2756 4027 γυναῖκα
2776 3954 3125 4026 μετατέθεικε
3147 3953 3244 4023 τῆς
3275 3949 3604 4021 κατηγορίας
3619 3947 3679 4000 τὸ
3701 3945 3970 4013 ἔγκλημα.

2406 4049 2599 4120 Σαφῶς
2624 4048 2680 4101 δὲ
2711 4048 2865 4101 τοῦτο
2898 4044 3159 4108 διδάσκει,
3191 4043 3265 4106 ὡς
3286 4036 3430 4111 εἶχεν
3463 4042 3495 4109 ή
3549 4037 3708 4107 φύσις
3745 4034 3839 4105 τὴν
3868 4032 3973 4085 τῶν

2407 4140 2747 4210 πραγμάτων
2774 4138 3083 4204 διάγνωσιν.
3107 4133 3264 4186 Οὕτω
3290 4134 3382 4185 καὶ
3411 4134 3439 4184 6
3482 4130 3637 4188 Κάῖν.
3671 4126 3846 4196 λάθρα
3877 4124 3974 4192 μὲν

2406 4231 2583 4285 ἀνεῖλε
2636 4228 2728 4282 τὸν
2779 4226 3043 4294 ἀδελφόνο
3078 4224 3373 4295 ἐρωτηθεὶς
3416 4222 3492 4287 δὲ,
3532 4238 3551 4271 ι
3601 4217 3707 4271 Ποῦ
3758 4214 3913 4267 ’Λϐελ
3947 4214 3974 4263 ό

2406 4319 2635 4389 ἀδελφός
2673 4336 2766 4373 σου
2795 4336 2810 4383 ;
2851 4337 2869 4370 ι
2901 4314 3133 4387 ἠρνήθη,
3171 4315 3264 4367 καὶ
3300 4312 3361 4365 τὸ
3386 4310 3605 4380 γεγονὸς
3654 4305 3975 4374 ἐπεχείρησε

2408 4410 2610 4482 κρύψαι
2636 4429 2649 4441 ⁸
2688 4407 2961 4477 ἐλεγχθεὶς
3012 4406 3066 4458 δέ
3100 4422 3185 4473 γε,
3215 4403 3532 4474 ὡμολόγησε
3572 4398 3784 4451 δικαὲαν
3839 4390 3975 4445 εἶναι

2340 4499 2384 4553 D
2414 4502 2509 4574 τὴν
2535 4499 2827 4571 τιμωρίαν,
2852 4498 2948 4550 καὶ
2972 4495 3373 4564 συνεψηφίσατο
3406 4492 3483 4561 τῷ
3509 4493 3692 4562 κριτῇ,
3722 4489 3813 4540 καὶ
3837 4487 3977 4551 πέρα

748 4592 1077 4663 συγγνώμης
1109 4587 1259 4643 εἶπεν
1294 4593 1693 4663 ἡμαρτηκέναι.
1729 4593 1839 4645 Καὶ
1882 4590 2047 4665 ἕτερα
2079 4590 2137 4646 δὲ
2171 4591 2342 4665 μυρία
2388 4592 2613 4646 τοιαῦτα
2645 4591 2790 4643 ἐστιν
2839 4589 3015 4658 εὑρεῖν
3063 4586 3213 4657 παρά
3258 4589 3323 4656 τῇ
3382 4583 3501 4655 θείᾳ
3541 4582 3747 4653 Γραφῇ.
3778 4581 3977 4631 Τούτου

747 4689 904 4758 χάριν
934 4686 961 4736 ὁ
993 4685 1133 4746 θεῖος
1176 4682 1491 4746 Ἀπόστολος
1527 4683 1628 4753 ἔφη
1650 4699 1663 4711 '

825 4779 984 4831 Vens.
1024 4774 1107 4828 l8.
1140 4773 1418 4827 ltevelatur
1448 4775 1588 4827 enim
1626 4774 1711 4827 ira
1749 4772 1846 4827 Dei
1874 4771 1939 4827 de
1980 4770 2115 4829 calo
2155 4788 2314 4841 super

748 4885 953 4924 onlnem
982 4850 1304 4935 impietatem
1338 4875 1385 4919 et
1434 4867 1758 4930 iniustitiam
1808 4865 2081 4920 hominum
2107 4881 2312 4930 eorum,

746 4960 838 5028 qui
879 4958 1151 5012 veritatem
1198 4958 1254 5009 in
1292 4956 1557 5023 injustitia
1604 4956 1856 5011 detinent.
1915 4954 2121 5010 Natura
2168 4956 2313 5012 enim

749 5065 846 5104 eos
870 5058 1163 5115 utrumque
1199 5044 1410 5111 docuit,
1447 5055 1500 5099 et
1534 5045 1699 5101 Deum
1721 5046 1845 5101 esse
1866 5046 2111 5100 omnium
2138 5044 2304 5114 Opifi-

752 5157 893 5203 cem,
922 5148 977 5195 et
1015 5140 1203 5208 fugere
1238 5137 1460 5207 quidem
1492 5138 1844 5206 iujustitiam.
1869 5137 2142 5205 justitiam
2184 5152 2314 5193 vero

758 5230 1032 5301 amplecti.
1066 5228 1170 5282 Sed
1212 5228 1359 5283 datis
1381 5230 1488 5283 sibi
1515 5230 1947 5299 praeceptoribus
1985 5245 2095 5285 non
2124 5236 2184 5283 ut
2223 5242 2323 5297 par

757 5324 859 5379 fuit
886 5323 969 5376 usi
1003 5330 1151 5376 sunt.
1191 5317 1347 5375 Unde
1373 5321 1538 5374 etiam
1568 5322 1651 5376 eis
1694 5320 1937 5373 futurum
1984 5319 2321 5389 supplicium

761 5419 998 5466 minatus
1024 5419 1129 5465 est.
1162 5408 1568 5465 Convenienter
1602 5420 1782 5465 autem
1836 5410 1924 5464 hic
1970 5423 2188 5479 quoque
2238 5424 2326 5478 po-

759 5506 889 5568 suit,
918 5501 1201 5562 reveletur,
1246 5502 1390 5571 quod
1428 5501 1523 5570 qui
1566 5503 1867 5556 intentatas
1923 5501 2323 5569 suppliciorum

760 5596 937 5648 minas
965 5608 1074 5647 non
1112 5592 1369 5657 credunt,
1410 5606 1505 5647 eas
1544 5592 1657 5647 sint
1686 5601 1875 5661 postea
1908 5606 2067 5647 veras
2104 5607 2160 5646 re
2209 5592 2326 5658 ipsa

840 5775 861 5813 Γ
897 5776 1033 5831 Cen.
1062 5792 1119 5831 ιιι
1145 5819 1158 5830 .
1192 5775 1241 5830 8.
1323 5784 1348 5823 ιι
1388 5773 1521 5828 Gen.
1558 5789 1630 5837 tv,
1667 5773 1813 5824 8-15.

2495 4775 2583 4837 ιη’.
2616 4764 3127 4819 Ἀποκαλύπτεται
3167 4760 3277 4830 γὰρ
3310 4757 3456 4826 ὀργὴ
3497 4756 3642 4809 Θεοῦ
3689 4756 3788 4808 da‘
3812 4759 3984 4821 οὐρα-

2418 4859 2528 4914 νοῦ
2560 4859 2656 4911 ἐπὶ
2686 4857 2892 4913 πᾶσαν
2917 4855 3197 4909 ἀσέϐειαν
3224 4850 3318 4903 καί
3372 4848 3609 4902 ἀδικίαν
3637 4847 3981 4914 ἀνθρώπων,

2418 4950 2537 5005 τῶν
2570 4950 2682 5017 τὴν
2705 4949 2994 5013 ἀλήθειαν
3023 4947 3091 4999 ἐν
3129 4944 3326 5009 ἀδικίᾳ
3348 4943 3737 5010 κατεχόντων.
3782 4938 3983 5007 Ἀμφό-

2418 5060 2549 5113 τερα
2566 5042 2672 5113 γὰρ
2687 5041 2883 5102 αὐτοὺς
2896 5040 2929 5108 ή
2945 5038 3103 5105 φύσις
3122 5035 3346 5100 ἐδίδαξε,
3364 5033 3459 5085 καὶ
3476 5031 3563 5083 τὸν
3576 5030 3709 5081 Θεὸν
3727 5024 3986 5082 εἶναιτῶν

2424 5133 2674 5186 ἁπάντων
2699 5128 3057 5200 Δημιουργὸν,
3082 5127 3178 5178 καὶ
3199 5125 3259 5177 τὸ
3283 5124 3501 5193 φεύγειν
3528 5122 3623 5191 μὲν
3641 5120 3734 5183 τὴν
3752 5120 3984 5179 ἀδικίαν,

2417 5224 2514 5294 τὴν
2546 5224 2601 5275 δέ
2636 5239 2697 5289 γε
2729 5219 3073 5287 δικαιοσύνην
3107 5215 3471 5278 ἀσπάζεσθαι·
3499 5212 3612 5265 ἀλλ’
3632 5213 3730 5264 οὐκ
3764 5214 3840 5271 εἰς
3868 5210 3990 5261 δέον

2419 5318 2529 5376 τοῖς
2556 5313 2782 5365 δοθεῖσιν
2808 5310 3110 5381 ἐχρήσαντο
3146 5304 3486 5365 διδασκάλοις
3507 5319 3519 5332 ο
3544 5301 3665 5354 ὅθεν
3697 5301 3875 5361 αὐτοῖς
3898 5300 3990 5351 καὶ

2421 5407 2518 5474 τὴν
2549 5404 2813 5473 ἐσομένην
2844 5400 3104 5469 ἠπείλησε
3127 5398 3365 5450 κόλασιν.
3384 5395 3616 5454 Εἰκότως
3635 5392 3691 5444 δὲ
3714 5390 3991 5444 κάνταῦθα

2422 5497 2482 5549 τὸ
2508 5494 2987 5548 ἀποκαλύπτεται
3009 5490 3267 5550 τέθεικεν,
3300 5487 3373 5547 ὼς
3406 5485 3515 5537 τῶν
3545 5480 3913 5538 ἀπιστούντων
3928 5481 3989 5532 ού

2425 5586 2727 5654 δεχομένων
2753 5584 2850 5645 τὰς
2881 5580 3127 5643 ἀπειλὰς,
3152 5578 3258 5630 τῶν
3278 5576 3331 5629 δέ
3362 5593 3421 5644 γε
3449 5575 3727 5645 ὀψομένων
3756 5572 3853 5643 τὴν
3885 5574 3992 5625 τῶν
