4194 6432
796 401 861 464 ετ
886 428 889 431 η
1781 385 2267 449 THEODORETI
2293 382 2630 443 EPISCOPI
2652 380 3015 440 CYRENSIS
3960 380 4036 443 68

870 511 1035 566 \‘Lss.
1082 510 1172 564 '52.
1221 508 1324 575 Qui
1366 523 1482 559 cum
1525 504 1793 572 justitiam
1842 502 1937 556 Det
1980 498 2360 569 cognovissent,
2393 500 2439 556 Α

2393 500 2439 556 Α
2535 493 2631 565 λβ’.
2662 495 2888 558 Οἵτινες
2916 490 2982 545 τὸ
3008 490 3301 560 δικαίωμα
3342 489 3443 543 τοῦ
3482 489 3628 543 Θεοῦ
3664 490 4032 561 ἐπιγνόντες,

796 604 932 670 quod
958 604 1045 667 qui
1077 602 1205 654 talia
1241 607 1400 668 agunt
1454 596 1601 665 digni
1645 604 1767 649 sunt
1814 600 2000 655 morte,
2041 607 2146 644 nou
2190 588 2362 643 solum

794 714 854 750 ea
894 696 1116 765 faciunt,
1145 694 1233 745 sed
1263 690 1425 743 etiam
1461 690 1528 741 iis
1551 688 1638 756 qui
1660 704 1719 739 ea
1747 686 1952 753 faciunt
1975 682 2361 740 assentiuntur,

795 798 842 840 et
897 804 955 839 ea
1005 782 1371 850 comprobant.
1426 778 1783 833 Ostendimus
1835 774 2112 843 quomodo
2164 781 2362 826 natura

796 880 957 930 dmet
993 884 1107 928 tum
1141 875 1407 927 bonorum
1444 869 1792 930 electionem,
1828 875 1945 919 tum
1986 863 2167 934 fugam
2228 875 2362 914 con-

797 971 1109 1021 trariorum.
1149 964 1253 1018 Sed
1288 973 1466 1016 tamen
1494 961 1571 1021 lii,
1610 960 1808 1029 inquit,
1844 973 1951 1010 non
1984 957 2119 1010 satis
2156 952 2365 1007 ducunt

798 1062 911 1114 hcce
951 1060 1152 1118 facere,
1185 1054 1275 1107 sed
1324 1053 1487 1105 etiam
1515 1051 1583 1104 iis
1620 1050 1712 1119 qui
1755 1046 1956 1101 similia
2008 1044 2215 1098 faciunt
2246 1043 2364 1095 lau-

794 1154 889 1204 des
918 1154 1233 1202 νοιιιυκυίιι.
1272 1142 1371 1196 ilic
1406 1150 1585 1195 autem
1637 1147 1950 1208 postremus
2010 1146 2094 1190 est
2152 1131 2358 1202 iniqui-

796 1242 922 1293 tatis
952 1236 1173 1305 gt‘udtls.
1204 1232 1501 1302 Oportebat
1538 1230 1683 1282 enim
1735 1241 1844 1279 non
1903 1224 2083 1279 solum
2130 1223 2361 1276 aliorum

796 1332 1136 1398 iniquitatem
1178 1325 1382 1381 odisse.
1411 1323 1503 1375 sed
1539 1321 1700 1372 etiam
1738 1332 1895 1371 suam
1930 1316 2253 1369 abhorrere.

1394 1498 1503 1567 29
1533 1494 1685 1550 CAP.
1736 1494 1800 1551 ιι.

867 1595 1065 1650 Deinde
1107 1607 1302 1646 rursus
1349 1591 1508 1643 aliter
1539 1585 1785 1642 ostendit
1821 1598 1921 1637 nos
1973 1582 2176 1635 habere
2219 1580 2362 1633 bona

793 1703 844 1743 et
885 1688 1028 1740 mula
1083 1681 1432 1739 discernendi
1482 1678 1827 1732 facultatem.

868 1781 1029 1833 Vens.
1073 1781 1118 1831 t.
1170 1776 1397 1842 Propter
1425 1773 1563 1840 quod
1614 1768 1993 1822 inexcusabius
2017 1781 2094 1827 es,
2123 1780 2152 1816 o
2211 1761 2364 1815 homo

2465 585 2550 639 ὅτι
2570 589 2622 639 οἱ
2638 584 2709 638 τὰ
2728 585 2969 639 τοιαῦτα
2998 582 3380 651 πράσσοντες
3402 582 3556 644 ἄξιοι
3580 581 3839 635 θανάτου
3854 584 3995 636 eicit
4020 624 4035 645 ,

2461 679 2533 730 οὺ
2552 679 2744 745 μόνον
2780 678 2930 729 αὐτὰ
2948 673 3251 737 ποιοῦσιν,
3287 674 3443 727 ἀλλὰ
3463 672 3560 726 καὶ
3594 672 4039 727 συνευδοκοῦσι

2464 764 2588 829 τοῖς
2619 765 3006 832 πράττουσιν.
3052 763 3363 830 Ἐδείξαμεν
3420 764 3568 825 ὅπως
3609 764 3641 832 ἡ
3693 762 3852 831 φύσις
3894 761 4040 813 διδά-

2463 872 2583 908 σκει
2604 855 2699 907 καὶ⁵
2725 854 2832 906 τῶν
2861 854 3080 920 ἀγαθῶν
3111 855 3207 922 τὴν
3227 852 3346 923 αἶρε
3358 870 3466 913 σιν,
3495 854 3588 905 καὶ
3619 854 3717 923 τὴν
3743 851 3850 905 τῶν
3878 853 4035 903 ἐναν-

2462 948 2590 1001 τίων
2616 949 2811 1018 φυγήν.
2846 947 2984 999 Ἀλλ’
3022 948 3169 1016 ὅμως
3206 940 3373 1004 οὗτοι,
3427 944 3614 1013 φησιν,
3655 945 3755 996 οὐκ
3789 943 4038 1013 ἀποχρῆν

2462 1039 2721 1109 ἡγοῦνται
2745 1038 2807 1091 τὺ
2855 1037 3029 1091 ταῦτα
3067 1041 3241 1089 ποιεῖν
3266 1054 3279 1067 ’
3326 1035 3463 1089 ἀλλὰ
3496 1037 3588 1088 καὶ
3632 1035 3887 1096 ἐπαίνους
3926 1038 4038 1095 τοῖς

2461 1129 2533 1181 τὰ
2562 1131 2721 1198 ὅμοια
2759 1128 2960 1199 δρῶσιν
2985 1128 3318 1194 ὑφαίνουσιν.
3349 1128 3616 1196 Ἕσχατος
3645 1126 3699 1178 δὲ
3728 1119 3879 1189 οὗτος
3913 1125 4039 1196 ὄρος

2463 1221 2561 1289 τῆς
2588 1221 2956 1290 παρανομίας.
2996 1221 3142 1272 Ἔδει
3166 1220 3272 1288 γὰρ
3297 1218 3371 1288 μὴ
3401 1219 3561 1287 μόνον
3596 1217 3696 1286 τὴν
3729 1216 3837 1267 τῶν
3860 1216 4039 1270 ἄλλων

2465 1311 2804 1382 παρανομίαν
2859 1313 3059 1379 μισεῖν,
3111 1309 3243 1361 ἀλλὰ
3287 1308 3380 1360 καὶ
3423 1307 3522 1376 τὴν
3561 1307 3766 1359 οἰκείαν
3818 1304 4037 1375 βδελύτ-

2462 1401 2675 1455 τεσθαι.

3100 1493 3350 1545 ΚΕΦΑᾹ.
3400 1492 3472 1542 Β’.

2537 1581 2666 1638 Εἶτα
2680 1585 2844 1638 πάλιν
2876 1585 3076 1655 ἑτέρως
3109 1584 3379 1637 δείκνυσιν
3402 1581 3623 1651 ἔχοντας
3652 1582 3797 1650 ἡμᾶς
3814 1580 3909 1650 τὴν
3930 1581 4039 1633 τῶν

2466 1677 2685 1745 ἀγαθῶν
2716 1677 2809 1730 καὶ
2834 1676 2941 1729 τῶν
2961 1675 3217 1728 ἐναντίων
3246 1675 3540 1745 διάκρισιν.

2540 1774 2609 1821 α’.
2663 1767 2756 1819 Διὸ
2806 1767 3262 1832 ἀναπολόγητος
3315 1760 3391 1828 εἷ,
3427 1759 3475 1817 ὦ
3520 1763 3812 1830 ἄνθρωπε,
3856 1761 3973 1828 πᾶς
4004 1767 4041 1817 ό

794 1873 965 1922 omnis
1012 1868 1099 1936 qui
1146 1863 1376 1929 iudicas.
1435 1858 1497 1914 In
1523 1875 1624 1929 quo
1677 1860 1816 1911 enim
1858 1855 2073 1924 judicas
2111 1852 2357 1913 alterum,
2397 1830 2438 1888 θ

2397 1830 2438 1888 Β
2466 1858 2704 1925 κρίνων.
2737 1857 2834 1908 Ἐν
2866 1850 2913 1921 ᾦ
2942 1855 3051 1924 γὰρ
3091 1830 3335 1922 νκρίιιεις
3360 1854 3466 1907 τὸν
3505 1855 3727 1923 ἕτερον,
3776 1853 4039 1907 σεαυτιἰ·

797 1956 1016 2020 "ipsum
1046 1950 1367 2003 condemnas
1404 1964 1420 2003 :
1454 1946 1637 2000 eadem
1674 1946 1810 1998 enim
1843 1945 1957 2013 agis
1991 1942 2081 2011 qui
2120 1941 2357 2009 judicas.

796 2046 900 2099 Sed
932 2044 1183 2113 quamvis
1207 2044 1281 2094 ita
1302 2039 1493 2094 affecti
1526 2038 1670 2103 sitis,
1705 2038 1749 2090 si
1791 2034 2073 2105 judicandi
2123 2040 2362 2102 potesta-

795 2146 903 2188 tem
928 2136 997 2187 ab
1032 2134 1215 2202 aliquo
1250 2128 1601 2199 acceperitis,
1636 2143 1731 2181 eus
1757 2126 1849 2196 qui
1886 2126 2031 2195 leges
2080 2134 2362 2194 transgre-

793 2228 1017 2280 diuntur
1045 2235 1300 2293 tanquam
1347 2236 1475 2276 reos
1510 2220 1739 2289 punitis.
1774 2217 2009 2271 Tantum
2044 2214 2259 2270 habetis
2298 2213 2365 2268 de

793 2320 958 2372 rebus
992 2318 1152 2370 bouis
1186 2321 1241 2369 et
1280 2312 1577 2368 contrariis
1612 2308 1912 2379 judicium.
1948 2306 2247 2361 Sciendum
2280 2314 2365 2359 est

792 2420 993 2472 autem,
1030 2406 1175 2475 quod
1207 2420 1303 2474 per
1341 2417 1462 2474 quae
1500 2402 1641 2455 alios
1661 2400 1754 2471 qui
1787 2406 2017 2468 peccant
2066 2394 2355 2468 judicatis,

792 2517 893 2557 vos
943 2514 1160 2570 quoque
1216 2498 1368 2564 ipsos
1433 2494 1643 2552 eisdem
1700 2490 1989 2548 sententiis
2070 2489 2361 2559 subjicitis.

794 2593 1049 2647 Eaindem
1070 2591 1218 2645 enim
1244 2590 1299 2643 in
1334 2604 1432 2644 vos
1457 2587 1800 2656 iniquitatem
1824 2583 2108 2651 suscipere
2128 2581 2361 2636 audetis.

866 2683 1027 2738 Vens.
1061 2682 1116 2738 2.
1172 2680 1381 2735 Scimus
1429 2680 1568 2733 enim
1625 2676 1764 2748 quod
1809 2674 2078 2744 judicium
2130 2670 2232 2725 Dei
2288 2680 2367 2725 est

792 2775 1076 2831 secundum
1113 2774 1385 2827 veritatem
1422 2772 1473 2823 in
1505 2787 1593 2823 eos
1634 2769 1724 2839 qui
1766 2768 1901 2819 talia
1933 2772 2116 2834 agunt.
2140 2763 2236 2818 Est
2265 2776 2364 2817 att-

795 2881 900 2921 teau
934 2865 1283 2920 manifestum
1312 2863 1380 2918 iis
1420 2863 1513 2931 qui
1550 2862 1793 2929 sapiunt,
1831 2856 1979 2927 quod
2030 2855 2125 2923 qui
2174 2853 2364 2907 iniuua

794 2968 981 3029 agunt,
1007 2958 1188 3010 divina
1216 2957 1485 3011 sententia
1516 2954 1843 3023 puniuntur.

871 3052 1034 3104 \‘ecs.
1070 3053 1121 3112 ὖ,
1164 3051 1216 3102 4.
1252 3048 1549 3101 Existimas
1605 3054 1779 3097 autem
1815 3043 1933 3106 hoc,
1976 3059 2006 3095 o
2044 3040 2222 3101 homo,
2278 3037 2365 3105 qui

2462 1947 2837 2015 κατακρίνεις
2864 1964 2877 1979 ·
2944 1946 3016 2000 τὰ
3067 1947 3178 2017 γὰρ
3233 1946 3387 2000 αὐτὰ
3411 1944 3708 2015 πράσσεις
3734 1949 3766 2000 ὁ
3796 1946 4035 2013 κρίνων.

2475 2040 2634 2093 Ἀλλὰ
2661 2039 2753 2092 καὶ
2783 2039 2926 2092 οὕτω
2963 2039 3324 2111 διακείμενοι,
3362 2041 3411 2092 εί
3451 2038 3544 2092 τοῦ
3595 2038 3801 2109 κρίνειν
3828 2037 3925 2107 τὴν
3952 2036 4040 2102 ἑξ-

2462 2131 2649 2185 ουσίαν
2690 2130 2841 2201 παρά
2882 2148 3027 2194 τινος
3092 2131 3326 2191 λάϐοιτε,
3365 2130 3488 2192 τοὺς
3513 2128 3619 2181 τῶν
3646 2129 3827 2196 νόμων
3860 2143 4041 2196 παρα-

2463 2224 2631 2287 ϐάτας
2660 2224 2735 2287 ὡς
2762 2222 3097 2287 ὑπευθύνους
3139 2223 3397 2287 κολάζετε
3417 2235 3433 2249 ‘
3461 2220 3725 2289 τοσαύτην
3760 2219 3908 2290 ἔχετε
3930 2220 4040 2270 τῶν

2465 2316 2684 2385 ἀγαθῶν
2711 2316 2806 2368 καὶ
2856 2315 2963 2368 τῶν
3027 2314 3288 2369 ἐναντίων
3329 2314 3641 2381 διάγνωσιν.
3689 2313 3806 2383 Χρὴ
3854 2311 4039 2382 μέντοι

2464 2409 2684 2474 ειδέναι,
2706 2409 2787 2461 ὅτι
2811 2408 2878 2462 δι’
2903 2400 2979 2461 ὧν
3001 2407 3129 2470 τοὺς
3156 2406 3351 2469 ἄλλους
3374 2405 3787 2476 ἁμαρτάνοντας
3800 2404 4037 2473 κρίνετε,

2464 2500 2556 2555 καὶ
2574 2500 2716 2571 ὑμᾶς
2743 2500 2940 2563 αὐτοὺς
2992 2501 3113 2562 ταῖς
3165 2498 3357 2562 αὑταῖς
3380 2498 3581 2571 ψήφοις
3615 2498 3855 2565 ὑπάγετε
3887 2513 3899 2525 ·
3938 2499 4039 2566 τὴν

2464 2591 2635 2662 αὐτὴν
2662 2590 2769 2661 γὰρ
2792 2591 3026 2661 τολμᾶτε
3059 2590 3423 2661 παρανομίαν.

2537 2682 2604 2751 β’.
2635 2682 2992 2752 οἴδαμενδὲ,
3015 2681 3104 2735 ὅτι
3122 2682 3186 2735 τὸ
3210 2681 3387 2751 κρῖμα
3410 2681 3517 2736 τοῦ
3552 2681 3701 2737 Θεοῦ
3727 2682 3859 2737 ἐστι
3888 2680 4042 2734 κατὰ

2464 2772 2755 2839 ἀλήθειαν
2782 2770 2881 2823 ἐπὶ
2901 2770 3044 2836 τοὺς
3097 2771 3171 2823 τὰ
3212 2769 3460 2825 τοιαῦτα
3493 2770 3899 2840 πράσσοντας.
3936 2770 4039 2838 Δῆ.

2466 2862 2557 2914 λον
2588 2862 2645 2914 δὲ
2676 2864 2786 2925 τοῖς
2812 2857 2870 2915 εὖ
2936 2861 3248 2932 φρονοῦσιν,
3283 2863 3367 2915 ὅτι
3417 2861 3559 2915 κατὰ
3595 2862 3747 2916 θείαν
3782 2862 3961 2932 ψῆφον
3989 2864 4040 2914 oi

2467 2954 2565 3016 τὰς
2603 2954 2947 3025 παρανομίας
2979 2953 3288 3023 τολμῶντες
3328 2954 3670 3017 κολάζονται.

2539 3044 2690 3112 γ’,δ’.
2727 3043 2935 3113 Λογίζῃ
2989 3043 3057 3097 δὲ
3084 3044 3282 3109 τοῦτο,
3327 3036 3376 3098 ὦ
3406 3044 3696 3113 ἄνθρωπε,
3738 3049 3771 3100 ό
3820 3047 4044 3116 κρίνων

786 3145 1002 3215 judicas
1032 3158 1118 3193 eos
1162 3140 1250 3209 qui
1309 3137 1445 3189 talia
1488 3144 1678 3205 agunt,
1737 3141 1785 3185 ct
1840 3131 1974 3200 facis
2005 3147 2088 3193 ca,
2132 3132 2266 3198 quod
2310 3136 2360 3177 tu
2390 3163 2432 3220 C

2390 3163 2432 3220 ο
2470 3136 2609 3202 τοὺς
2636 3135 2709 3190 τὰ
2762 3136 3005 3190 τοιαῦτα
3043 3136 3452 3205 πράσσοντας,
3504 3137 3601 3190 καὶ
3650 3137 3837 3191 ποιῶν
3864 3137 4039 3199 αὐτὰ,

793 3237 1009 3306 clfugies
1032 3232 1296 3300 judicium
1346 3228 1484 3282 Dei?
1537 3228 1617 3278 An
1664 3223 1879 3277 divitias
1917 3222 2171 3275 bonitatis
2222 3218 2357 3286 ejus,

795 3338 843 3382 et
872 3326 1165 3396 patientia',
1190 3331 1238 3374 et
1278 3317 1697 3389 longanimitatis
1733 3316 2068 3369 contemnis?
2097 3310 2208 3366 Nos
2237 3310 2360 3380 qui-

796 3420 918 3475 dem
947 3418 1151 3473 scimus
1210 3412 1355 3484 quod
1390 3409 1687 3476 unicuique
1733 3406 1921 3474 inique
1950 3403 2132 3472 agenti
2176 3402 2363 3470 justus

793 3512 961 3579 judex
1013 3522 1113 3561 suo
1162 3515 1405 3573 tempore
1451 3499 1780 3569 supplicium
1832 3497 2094 3565 imponet.
2130 3491 2238 3547 Vos
2262 3506 2360 3545 au-

798 3614 928 3661 tem,
989 3597 1188 3667 inquit,
1248 3594 1341 3663 qui
1407 3592 1547 3645 alios
1606 3588 1834 3658 punitis,
1888 3593 2125 3641 vestram
2180 3592 2359 3637 autem

799 3691 1145 3761 iniquitatem
1186 3684 1374 3740 videre
1435 3696 1544 3735 non
1599 3679 1798 3741 vultis,
1861 3676 2194 3731 existimatis
2249 3675 2364 3729 fore

798 3793 858 3837 ut
889 3783 1131 3835 divinum
1160 3776 1429 3846 judicium
1459 3772 1753 3841 eﬂ‘ugiatis.
1788 3768 1893 3823 Sed
1924 3769 2036 3823 haec
2059 3784 2165 3821 non
2205 3769 2278 3821 ita
2305 3783 2364 3822 se

797 3873 1019 3926 habent.
1050 3870 1295 3923 Sustinet
1326 3866 1492 3927 enim,
1530 3872 1584 3916 et
1622 3860 1883 3915 diuturna
1917 3859 2140 3913 lenitate
2170 3859 2362 3922 utitur,

799 3973 949 4015 tuam
988 3968 1318 4028 exspectans
1340 3952 1740 4025 paenitentiam.
1781 3948 1896 4003 Hoc
1927 3949 2070 4003 enim
2106 3957 2190 4003 est
2215 3946 2364 4017 quod

800 4053 1023 4107 intulit:
1052 4050 1309 4120 Ignorans
1341 4048 1479 4115 quod
1530 4041 1825 4110 benignitas
1875 4038 1972 4091 Dei
2009 4049 2057 4092 te
2090 4038 2158 4091 ad
2192 4040 2364 4107 paeni-

801 4145 1021 4197 tentiam
1053 4140 1291 4192 adducit.

872 4235 1036 4287 Vens.
1070 4231 1138 4296 5,
1179 4230 1234 4284 6.
1290 4228 1590 4284 Secundum
1651 4236 1827 4282 autem
1875 4227 2130 4279 duritiam
2184 4235 2356 4287 tuam,

798 4332 845 4377 et
872 4320 1194 4389 impwnitens
1229 4334 1340 4383 cor,
1371 4317 1701 4371 thesaurizas
1737 4318 1833 4370 tibi
1872 4318 2006 4369 iram
2045 4309 2101 4368 in
2128 4314 2213 4368 dic
2244 4314 2361 4375 ircc,

799 4421 847 4463 et
878 4409 1232 4470 reuelationis,
1269 4417 1318 4461 et
1344 4407 1484 4476 justi
1521 4407 1717 4477 judicii
1754 4408 1876 4473 Dei,
1909 4409 2017 4479 30
2047 4409 2135 4478 qui
2184 4406 2365 4460 reddet

2470 3230 2559 3283 ὅτι
2589 3230 2671 3283 σὺ
2698 3229 2962 3299 ἐκφεύξῃ
2982 3229 3046 3281 τὸ
3079 3229 3256 3297 κρῖμα
3272 3229 3380 3282 τοῦ
3407 3229 3553 3283 Θεοῦ
3574 3246 3592 3294 ;
3626 3232 3692 3283 Ἡ
3720 3230 3825 3283 τοῦ
3853 3232 4010 3282 πλού
4028 3260 4043 3269 -

2469 3339 2575 3375 του
2613 3320 2724 3389 τῆς
2777 3322 3181 3389 χρηστότητος
3229 3319 3437 3383 αὑτοῦ,
3479 3320 3578 3373 καὶ
3633 3317 3737 3387 τῆς
3777 3318 4040 3389 ἀνοχῆς,

2470 3414 2568 3467 καὶ
2619 3412 2729 3481 τῆς
2775 3412 3181 3481 μακροθυμίας
3239 3411 3666 3481 καταφρονεῖς
3711 3410 3900 3481 Ἡμεῖς
3941 3411 4043 3480 μὲν

2471 3502 2649 3571 ἴσμεν,
2680 3501 2756 3564 ὡς
2783 3502 2862 3562 εἰς
2898 3502 3089 3571 καιρὸν
3141 3501 3355 3571 ἑκάστῳ
3409 3500 3814 3571 παρανομοῦντι
3836 3501 3933 3571 τὴν
3962 3519 3990 3553 τ
4016 3532 4047 3543 ο

2474 3590 2682 3662 μωρίαν
2707 3594 2735 3643 b
2763 3591 2971 3654 δίκαιος
3022 3591 3213 3655 ἐπάξει
3269 3592 3481 3663 κριτής.
3517 3593 3702 3662 Ὑμεῖς
3735 3593 3813 3654 δὲ,
3854 3594 4040 3661 φησὶν.

2471 3682 2906 3752 ὑπολαμϐάνετε,
2950 3685 2999 3735 οἱ
3054 3684 3180 3746 τοὺς
3217 3683 3314 3752 μὲν
3346 3682 3537 3745 ἄλλους
3568 3683 3906 3747 κολάζοντες,
3939 3686 4044 3753 τὴν

2469 3774 2526 3826 δὲ
2558 3773 2767 3826 οἰκείαν
2819 3775 3162 3843 παρανομίαν
3221 3774 3347 3827 ἰδεῖν
3403 3774 3503 3827 οὐκ
3550 3774 3846 3839 ἐθέλοντες,
3876 3776 4046 3829 ὅτιτὸ

2471 3861 2611 3913 θεῖον
2635 3861 2983 3930 διαφεύξεσθε
3012 3862 3381 3933 δικαστήριον.
3414 3862 3554 3915 ’Δλλ⁹
3576 3864 3673 3932 οὐχ
3695 3863 3837 3915 οὓτω
3868 3862 4045 3916 ταῦτα

2471 3951 2605 4023 ἔχει.
2652 3951 2926 4023 Ἀνέχεται
2964 3952 3074 4023 γὰρ
3110 3952 3203 4005 καὶ
3257 3952 3617 4024 μακροθυμεῖ,
3644 3954 3744 4024 τὴν
3786 3955 3883 4025 σὴν
3912 3958 4047 4008 ἁνα-

2475 4043 2650 4113 μένων
2675 4045 2984 4114 μετάνοιαν.
3044 4043 3214 4097 Τοῦτο
3268 4044 3377 4115 γὰρ
3428 4047 3739 4115 ἐπήγαγενο
3784 4045 4048 4115 Ἀγνοὼι·

2471 4135 2563 4188 ὅτι
2610 4136 2675 4188 τὸ
2707 4136 2973 4204 χρηστὸν
3004 4135 3106 4189 τοῦ
3141 4135 3290 4188 Θεοῦ
3318 4138 3405 4200 εἰς
3431 4136 3751 4205 μετάνοιάν
3779 4154 3853 4191 σε
3890 4138 4043 4207 ἆγε..

2543 4233 2604 4279 ε’.
2623 4229 2780 4280 Κατὰ
2801 4227 2868 4279 δὲ
2892 4227 3004 4295 τὴν
3019 4228 3404 4296 σκληρότητα
3436 4245 3573 4290 σου,
3598 4228 3695 4281 καὶ
3714 4230 4046 4297 ἀμετανόη-

2472 4335 2579 4371 τον
2595 4318 2865 4386 καρδίαν,
2890 4320 3263 4387 θησαυρίζεις
3281 4318 3517 4385 σεαυτῷ
3540 4320 3728 4389 ὀργὴν
3754 4321 3813 4373 ἐν
3851 4321 4048 4390 ἡμέρᾳ

2472 4409 2657 4479 ὀργῆς
2693 4411 2789 4463 καὶ
2818 4411 3279 4480 ἀποκαλύψεως,
3319 4411 3419 4465 καί
3459 4410 3897 4480 δικαιοκρισίας
3933 4413 4047 4466 τοῦ

798 4503 1076 4570 unicuique
1134 4499 1417 4552 secundum
1485 4517 1642 4569 opera
1673 4502 1808 4571 ejus.
1866 4502 2138 4569 Quoniam
2216 4502 2362 4556 enim
2396 4512 2442 4569 ι)

2396 4512 2442 4569 ι)
2473 4502 2620 4556 Θεοῦ
2645 4542 2659 4565 ,
2702 4502 2769 4566 ὃς
2818 4502 3117 4555 ἀποδώσει
3168 4501 3402 4567 ἑκάστῳ
3453 4503 3603 4556 κατὰ
3634 4504 3705 4556 τὰ
3747 4504 3890 4571 ἔργα
3930 4508 4044 4558 αὺ-

798 4594 935 4647 dura
965 4607 1024 4646 es
1051 4598 1106 4646 et
1136 4590 1399 4670 indomita
1431 4599 1634 4655 mente,
1667 4602 1722 4648 et
1754 4594 1809 4648 in
1852 4594 2200 4663 improbitate
2235 4608 2363 4663 per-

798 4699 1037 4747 severas,
1078 4681 1222 4737 ieres
1274 4682 1539 4738 adversus
1568 4684 1802 4753 teipsum
1855 4685 2184 4740 sententiam
2232 4699 2363 4754 sup-

798 4777 946 4847 plicii
981 4793 995 4828 :
1031 4792 1192 4843 quam
1248 4791 1395 4828 nunc
1443 4776 1667 4844 quidem
1719 4775 1865 4831 Deus
1902 4776 2083 4831 dill‘ert
2142 4786 2365 4847 propter

799 4883 954 4923 suam
1019 4867 1483 4931 misericordiam,
1526 4867 1624 4922 sed
1651 4882 1771 4922 eam
1818 4869 2085 4923 revelahit
2116 4876 2365 4923 extremo

799 4960 906 5022 die,
956 4958 1321 5027 operibusque
1369 4959 1755 5013 convenientes
1799 4959 2082 5014 mercedes
2148 4959 2359 5014 reddet.

798 5049 936 5104 Illud
970 5056 1150 5102 autem
1186 5049 1515 5103 thesaurizas
1570 5047 1667 5101 tibi
1708 5058 1853 5104 recte
1915 5051 2123 5119 posuit,
2169 5057 2359 5106 osten-

798 5140 935 5195 dens
991 5139 1135 5209 quod
1188 5140 1397 5193 nullum
1453 5147 1701 5194 nostrum
1760 5140 1967 5195 dictum
2024 5141 2111 5195 vel
2155 5140 2359 5195 factum

798 5232 1057 5287 oblivioni
1110 5234 1432 5296 mandatur;
1469 5231 1563 5285 sed
1595 5239 1649 5285 et
1686 5232 1911 5287 virtutis
1956 5240 2229 5287 amatores
2267 5233 2363 5286 bo-

799 5338 993 5378 norum
1026 5323 1344 5377 thesaurum
1368 5323 1470 5378 sibi
1499 5332 1806 5394 congerunt
1840 5333 1934 5378 :et
1963 5324 2058 5393 qui
2091 5324 2357 5393 iniquita-

799 5421 908 5468 tem
942 5422 1257 5483 operantur,
1306 5412 1557 5469 similiter
1599 5414 1864 5469 malorum
1907 5414 2225 5470 thesaurum
2266 5430 2361 5467 ac.

798 5505 1093 5560 cumulant.

870 5594 1035 5651 Vens.
1086 5598 1134 5649 Ἰ.
1181 5596 1258 5652 Iis
1318 5596 1527 5667 quidem
1570 5598 1660 5667 qui
1712 5613 1800 5667 per
1860 5600 2173 5666 patientiam
2242 5600 2358 5651 boui

801 5690 970 5755 operis
997 5688 1220 5758 gloriam
1251 5698 1298 5741 et
1328 5691 1576 5742 honorem
1628 5700 1677 5740 et
1724 5689 2167 5753 incorruptionem
2218 5704 2360 5755 qutt-

801 5788 941 5845 runt,
973 5781 1130 5831 vitam
1183 5790 1445 5832 (etcruam.
1489 5778 1549 5830 Et
1601 5779 1813 5832 virtutis
1868 5780 2078 5831 labores
2143 5779 2346 5839 ιιυυιιιι,

2472 4592 2599 4647 τοῦ.
2636 4592 2850 4663 Ἐπειδὴ
2889 4594 2997 4665 γὰρ
3022 4594 3331 4663 ἀτεράμονα
3378 4592 3605 4663 γνώμην
3642 4593 3809 4663 ἔχεις,
3856 4596 3950 4647 καὶ
3972 4599 4046 4665 τῇ

2472 4684 2708 4755 πονηρία
2774 4685 3124 4754 προσμένεις,
3182 4682 3326 4736 κατὰ
3410 4684 3611 4736 σαυτοῦ
3675 4688 3878 4753 κρινεῖς
3938 4687 4047 4755 τῆς

2448 4775 2743 4845 ¹τιμωρίας
2795 4774 2892 4844 τὴν
2931 4775 3133 4844 ψῆφονυ
3180 4777 3245 4847 ἣν
3283 4776 3376 4829 νῦν
3426 4776 3524 4845 μὲν
3567 4777 3596 4829 ὀ
3628 4775 3759 4837 Θεὸς
3800 4776 3866 4828 δι’
3894 4776 4045 4828 ἔλεον

2471 4866 3206 4936 ἁναϐἀλλεταιβποκαλύψει
3237 4868 3293 4921 δὲ
3320 4867 3461 4921 κατὰ
3487 4867 3586 4937 τὴν
3618 4867 3717 4936 τῆς
3736 4867 4046 4930 συντελείας

2472 4960 2707 5031 ἡμέραν,
2754 4959 2848 5013 καὶ
2899 4959 3267 5030 καταλλήλους
3317 4962 3428 5023 τοῖς
3479 4958 3659 5029 ἔργοις
3702 4958 3798 5020 τὰς
3837 4960 4049 5012 aut-.66-

2473 5069 2585 5115 σεις
2614 5051 2855 5122 παρέξει.
2884 5051 3076 5116 Καλῶς
3115 5052 3172 5104 δὲ
3207 5053 3301 5104 καὶ
3324 5052 3385 5104 τὸ
3409 5052 3782 5120 θησαυρίζεις
3806 5052 4049 5117 σεαυτῷ

2470 5144 2697 5208 τέθεικε,
2731 5144 2943 5207 δεικνὺς
2994 5143 3069 5206 ὡς
3095 5144 3247 5197 οὐδὲν
3272 5144 3381 5196 τῶν
3424 5144 3707 5214 ἡμετέρων
3742 5144 3774 5214 ἢ
3808 5144 3981 5207 λόγων
4008 5145 4044 5215 ἢ

2470 5234 2646 5303 ἔργων
2676 5233 3035 5305 παραδέδοται
3076 5233 3213 5303 λήθῃ
3244 5251 3257 5264 ·
3307 5234 3443 5286 ἀλλὰ
3496 5236 3592 5287 καὶ
3623 5236 3670 5287 oi
3716 5237 3813 5303 τῆς
3839 5235 4047 5304 ἀρετῆς

2470 5326 2699 5397 ἐρασταὶ
2727 5326 2908 5394 σφίσιν
2938 5326 3147 5388 ἑαυτοῖς
3186 5324 3255 5377 τὰ
3290 5324 3468 5392 ἀγαθὰ
3510 5326 3918 5395 θησαυρίζουσι,
3949 5329 4050 5378 καὶ

2469 5418 2519 5470 οἱ
2549 5417 2645 5487 τῆς
2674 5416 2935 5487 πονηρίας
2959 5418 3187 5487 ἐργάται
3208 5416 3372 5469 ταυτὸ
3399 5417 3557 5471 τοῦτο
3577 5418 3811 5473 ποιοῦσι.

2542 5595 2604 5659 ζ’.
2628 5594 2753 5659 Τοῖς
2782 5594 2894 5662 μὲν·
2918 5596 3044 5646 καθ’
3069 5594 3573 5661 ὑπομονὴνέρτοσι
3593 5593 3814 5659 ιὶγαθοῡ
3830 5591 4040 5656 δόξαν,

2471 5686 2565 5739 καὶ
2599 5685 2796 5753 τιμὴν,
2824 5687 2917 5737 καί
2949 5686 3289 5753 ἀφθαρσίαν
3308 5684 3565 5751 ζητοῦσι.
3603 5683 3753 5749 ζωὴν
3782 5683 4041 5736 αἰώνιον,

2464 5778 2571 5831 Καὶ
2596 5779 2717 5840 τοὺς
2754 5778 2944 5840 πόνους
2982 5778 3184 5842 “ca-1mg:
3238 5778 3333 5847 τῆς
3381 5779 3598 5848 ἀρετῆς,
3636 5778 3727 5830 καὶ
3766 5775 3889 5838 τοὺς
3921 5791 4040 5828 στε-
