4194 6432
795 366 860 435 νη
1829 357 2316 422 THEODORETI
2357 357 2691 418 EPISCOPI
2731 359 3094 420 CYRENSIS
3971 361 4048 429 ’ῖᾶ

803 483 986 545 nibus,
1016 485 1031 501 ⁶
1065 479 1334 550 bonisque
1368 475 1678 532 actionibus
1713 476 1878 530 vitam
1933 487 2289 536 uxorum-ere,
2319 479 2371 525 et

2478 474 2528 528 δὲ
2553 476 2786 544 ἀγαθαῖς
2811 478 2900 530 τὸν
2931 477 3045 546 βίον
3073 471 3612 544 κατακοσμήσαντες,
3646 474 3738 526 καὶ
3768 471 3916 540 σοφῶν
3944 474 4047 525 αὺ-

800 574 904 628 sibi
931 573 1064 642 ipsis
1102 574 1270 641 legem
1307 571 1505 624 tulere.
1593 635 1596 638 λ

871 659 1038 715 Vens.
1077 662 1166 725 15,
1201 660 1286 715 16.
1321 659 1425 725 Qui
1466 658 1744 712 extendunt
1777 672 1904 724 opus
1946 655 2072 724 legis
2120 657 2374 721 scriptum

801 753 854 804 in
910 750 1155 804 cordibus
1217 751 1360 815 suis,
1403 750 1759 804 testimonium
1811 747 2057 800 reddente
2098 747 2206 800 illis
2249 763 2373 799 con-

801 843 1044 903 scientia,
1069 850 1117 894 et
1141 841 1278 894 inter
1319 858 1371 894 se
1401 841 1623 893 invicem
1669 838 2080 909 cogitationibus
2119 853 2376 890 accusan—

804 935 962 994 libus,
992 942 1084 984 aut
1155 913 1314 986 etiam
1360 929 1779 998 defendentibus.
1822 928 1887 982 In
1919 928 2003 982 die
2050 935 2169 981 cum
2221 927 2374 994 judio

803 1025 939 1076 cubit
972 1023 1111 1078 Deus
1161 1022 1367 1074 occulta
1395 1021 1665 1074 hominum
1700 1011 1986 1073 secundum
2032 1017 2376 1088 Erangelium

803 1132 973 1167 meum
1006 1131 1095 1181 per
1122 1112 1305 1166 desum
1334 1111 1628 1166 Christum.
1664 1111 1916 1164 Ostendit
1966 1111 2137 1180 legem
2168 1118 2378 1163 natura}

802 1205 1060 1258 cordibus
1098 1203 1444 1271 inscriptam,
1478 1212 1531 1255 ct
1582 1202 1935 1255 conscientia:
1982 1211 2096 1255 tum
2147 1215 2376 1255 accusa-

803 1295 1004 1348 tionem
1060 1300 1177 1348 tum
1233 1292 1610 1346 defensionem
1668 1292 1903 1345 veritate
1950 1300 2220 1346 ornatam.
2266 1290 2378 1360 Ego

802 1392 982 1437 autem
1035 1398 1119 1437 me
1161 1397 1338 1450 operae
1381 1381 1618 1450 pretium
1673 1380 1947 1434 facturum
1998 1381 2276 1444 existimo,
2330 1380 2376 1435 si

807 1487 920 1526 rem
965 1472 1149 1540 aliquo
1183 1472 1435 1540 exemplo
1469 1472 1818 1524 manifestam
1855 1469 2111 1524 effecero.
2147 1469 2377 1536 Quando

802 1566 945 1618 enim
979 1565 1128 1617 illum
1165 1565 1218 1616 in
1251 1563 1537 1632 Beniamin
1567 1569 1749 1615 actum
1779 1562 2099 1617 ordiebatur
2136 1563 2378 1617 admira-

801 1658 926 1711 bilis
969 1655 1194 1725 Josepb,
1244 1664 1298 1710 ct
1355 1655 1514 1724 quasi
1570 1655 1797 1708 calicem
1860 1653 2162 1709 suﬂ‘uratus
2207 1661 2376 1718 esset,

802 1763 1021 1803 servum
1085 1747 1355 1801 abducere
1404 1747 1748 1810 conabatur,
1807 1745 2044 1799 fratrum
2098 1745 2260 1799 veluti
2322 1745 2374 1798 in

804 1843 928 1910 igne
959 1851 1194 1894 mentem
1231 1838 1495 1908 probans.
1533 1846 1720 1907 aperte
1753 1846 1976 1891 ostensa
2005 1843 2089 1891 est
2110 1837 2191 1890 vis
2223 1837 2376 1890 testi-

802 1933 969 1985 monii
996 1931 1370 1986 conscientiae.
1396 1930 1550 1984 Tunc
1577 1931 1743 1993 enim,
1775 1937 1909 1983 tunc
1933 1930 2007 1981 illi
2051 1928 2372 1999 tragmdiam

800 2025 1018 2093 quidem
1078 2023 1220 2077 lianc
1300 2021 1586 2082 attendere
1647 2022 1876 2075 minimc
1930 2021 2221 2086 volebant,
2281 2022 2375 2077 sed

801 2116 1027 2170 admissi
1062 2124 1189 2169 ante
1229 2115 1366 2168 duos
1400 2121 1456 2167 et
1486 2113 1680 2182 viginti
1719 2128 1895 2168 annos
1924 2114 2151 2169 sceleris
2184 2129 2376 2169 recor-

800 2207 1076 2260 dabantur
1112 2213 1207 2258 :ct
1268 2205 1361 2257 alii
1413 2204 1636 2274 quidem
1681 2203 1961 2266 dicebant,
2005 2221 2022 2253 ι
2053 2203 2263 2258 Fratris
2291 2204 2376 2259 sui

798 2294 1036 2361 junioris
1089 2294 1414 2363 sanguinem
1466 2309 1530 2347 ex
1569 2294 1824 2347 manibus
1857 2308 2045 2346 eorum
2080 2294 2307 2362 requiri,
2353 2312 2370 2344 ι

803 2384 992 2439 Ruben
1047 2392 1229 2439 autem
1290 2385 1462 2439 factas
1533 2384 1642 2464 illis
1705 2384 2110 2440 admonitiones
2155 2385 2209 2438 in
2259 2399 2375 2439 mc-

802 2477 1034 2531 moriam
1078 2476 1388 2530 revocabat.
1420 2474 1824 2530 Convenienter
1871 2475 2000 2530 huic
2031 2475 2375 2530 similitudini

802 2569 1183 2623 describamus
1244 2565 1492 2621 futurum
1544 2565 1856 2636 judicium,
1918 2575 1974 2620 et
2029 2581 2220 2620 eorum
2283 2567 2377 2637 qui

802 2668 954 2711 extra
1004 2659 1175 2728 legem
1241 2657 1494 2710 vixerunt
1553 2656 1982 2719 conscientiam,
2040 2673 2164 2726 qua:
2232 2671 2378 2712 nunc

802 2751 1022 2821 quidem
1056 2766 1113 2804 se
1146 2748 1410 2812 defendit,
1441 2756 1495 2802 et
1531 2748 1899 2817 ignorantiam
1929 2749 2203 2813 obtendit,
2231 2763 2377 2804 nunc

805 2850 987 2896 autem
1045 2842 1262 2910 culpam
1326 2840 1610 2909 agnosi:it,
1660 2847 1714 2892 et
1771 2841 1894 2894 latae
1931 2840 2038 2910 33
2095 2840 2378 2896 sententia:

804 2934 1120 3002 aequitatem
1165 2930 1427 2999 prasdicat
1466 2941 1512 2981 ³.
1547 2929 1624 2982 Ita
1669 2940 1722 2984 et
1752 2929 2089 2994 Abimelecb,
2117 2946 2240 2985 cum
2277 2932 2376 2986 ha-

806 3026 959 3079 beret
983 3024 1334 3079 conscientia:
1362 3022 1756 3083 testimonium,
1786 3021 1896 3076 Deo
1920 3022 2136 3076 dicebat
2167 3042 2179 3077 :
2214 3041 2232 3073 ι
2274 3022 2378 3079 Do-

807 3119 974 3176 mine.
1023 3124 1237 3186 gentem
1297 3115 1636 3184 ignorantem
1681 3121 1736 3167 ct
1784 3115 1990 3182 justam
2043 3114 2378 3170 interﬁcies?

806 3209 996 3262 Nonne
1026 3208 1141 3276 ipse
1173 3206 1302 3259 milii
1331 3206 1488 3269 dixit,
1519 3205 1692 3258 Soror
1727 3220 1843 3260 mea
1891 3216 1993 3268 est,
2025 3216 2077 3259 et
2106 3207 2223 3276 ipsa
2250 3207 2380 3260 mihi

806 3300 942 3354 ditit
968 3341 982 3364 ,
1024 3297 1213 3351 Frater
1249 3311 1404 3350 meus
1445 3295 1565 3349 est?
1596 3293 1739 3348 Pura
1781 3302 1962 3348 mente
2007 3294 2111 3348 hoc
2156 3296 2236 3364 egi
2272 3296 2316 3348 ι.
2359 3315 2376 3345 υ

806 3389 942 3442 Cum
1005 3397 1188 3443 autem
1255 3385 1373 3440 haec
1425 3384 1708 3440 docuisset
1759 3383 1982 3438 divinus
2049 3384 2381 3453 Apostolus,

809 3481 1078 3536 convertit
1106 3492 1412 3535 sermonem
1448 3476 1512 3531 ad
1547 3475 1817 3540 Judaeum,
1844 3484 1898 3531 et
1926 3475 2058 3530 dicit
2087 3495 2099 3530 :

833 3755 1048 3812 .Vens.
1109 3757 1192 3809 l7.
1241 3755 1374 3809 Ecce
1432 3764 1487 3808 tu
1547 3752 1767 3808 Juda‘us
1821 3752 2233 3823 eognominaris.
2267 3751 2383 3807 lloc

811 3849 956 3903 enim
990 3862 1186 3901 nomen
1216 3860 1510 3900 commune
1541 3845 1671 3898 olim
1705 3854 1824 3897 erat
1857 3852 1912 3898 et
1946 3841 2254 3898 venerabile
2283 3862 2298 3898 :
2330 3852 2384 3898 et

812 3939 936 3992 ideo
970 3954 1076 3991 non
1111 3937 1250 3990 dixit
1299 3935 1618 3999 nominaris,
1650 3933 1744 3990 sed
1789 3936 2285 4003 cognominaris.—
2317 3934 2384 3988 Et

812 4031 1096 4098 requiescis
1136 4029 1191 4081 iu
1228 4027 1355 4096 lege.
1385 4024 1500 4079 Non
1533 4025 1679 4079 enim
1715 4026 1960 4090 laboras,
1999 4035 2058 4080 ut
2089 4027 2186 4097 qui
2232 4036 2382 4082 extra

815 4132 983 4194 legem
1029 4129 1304 4184 versatur,
1339 4132 1591 4187 quarens
1635 4116 1768 4186 quid
1819 4117 1892 4170 sit
1926 4116 2198 4188 agendum
2236 4133 2251 4171 :
2289 4117 2384 4172 sed

814 4215 985 4269 babes
1039 4212 1251 4280 legem,
1305 4224 1426 4279 quae
1479 4215 1532 4261 te
1593 4209 1778 4261 omnia
1838 4217 2024 4278 aperte
2087 4208 2266 4263 docet.
2316 4207 2386 4261 Et

815 4304 1069 4376 gloriaris
1119 4303 1174 4354 in
1220 4299 1350 4353 Deo.
1403 4299 1475 4353 Ut
1524 4297 1618 4367 qui
1677 4306 1730 4352 te
1766 4298 2069 4366 praetulerit
2125 4299 2387 4353 omnibus

817 4397 1090 4466 gentibus,
1116 4407 1237 4462 qua:
1281 4398 1442 4446 erant
1479 4391 1533 4444 in
1561 4399 1674 4442 toto
1706 4389 1840 4443 orbe
1882 4397 2177 4453 terrarum,
2203 4397 2262 4443 ut
2291 4390 2385 4460 qui

2477 568 2586 620 τῶν
2617 569 2903 638 νομοθέται
2932 566 3234 635 γενόμενοι.

2551 667 2632 724 ιε’,
2671 666 2766 724 ις’.
2802 661 3030 724 Οῖτινες
3057 656 3466 711 ἐνδείκνυνται
3509 651 3574 707 τὸ
3603 654 3778 721 ἔργον
3807 650 3912 706 τοῦ
3943 654 4049 706 νό-

2473 771 2591 823 μου
2622 751 2882 820 marmor
2917 752 2986 804 ἐν
3018 748 3147 815 ταῖς
3173 747 3441 817 καρδίαις
3469 743 3686 808 αὐτῶν,
3704 759 4050 813 atquiath-

2470 845 2704 911 ρούσης
2763 841 2960 896 αὐτῶν
3016 840 3126 908 τῆς
3189 837 3622 905 συνειδήσεως,
3675 837 3773 888 καί
3819 835 4051 904 μεταξὺ

2478 932 2767 1000 ἀλλήλων
2799 931 2915 984 τῶν
2946 929 3252 1000 λογισμῶν
3298 927 3820 996 κατηγορούντων,
3871 925 3908 992 ἢ
3950 925 4052 978 καί

2478 1022 2998 1092 ἀπολογουμένων.
3041 1022 3144 1074 Ἐν
3195 1019 3414 1087 ἡμέρᾳ,
3454 1017 3552 1071 ὅτε
3600 1017 3788 1084 κρινεῖ
3831 1020 3862 1069 ό
3906 1017 4054 1080 Θεές

2479 1115 2551 1167 τὰ
2602 1116 2833 1181 κρυπτὰ
2878 1112 2996 1164 τῶν
3026 1109 3349 1177 ἀνθρώπων
3393 1109 3542 1162 κατὰ
3574 1107 3641 1161 τὸ
3683 1106 4054 1176 Edam-elidi-

2476 1223 2592 1274 μου
2626 1204 2724 1257 διὰ
2772 1205 2971 1271 Ἰησοῦ
3013 1200 3291 1271 Χριστοῦ.
3325 1201 3533 1266 Ἔδειξε
3569 1199 3657 1253 τὸν
3701 1200 3801 1268 τῆς
3838 1199 4054 1267 μύσεως

2477 1296 2641 1364 νόμον
2669 1297 2789 1358 ταῖς
2831 1294 3080 1364 καρδίαις
3109 1291 3577 1362 ἐγγεγραμμένον,
3619 1290 3714 1342 καὶ
3743 1289 3838 1342 τοῦ
3871 1306 4053 1341 συνει-

2477 1387 2625 1448 δότος
2654 1385 2750 1437 καὶ
2777 1387 2876 1454 τὴν
2905 1383 3238 1453 κατηγορίαν
3268 1383 3362 1435 καὶ
3386 1382 3484 1452 τὴν
3507 1381 3804 1448 ἀπολογίαν
3822 1380 4054 1450 ἀληθείᾳ

2479 1475 2924 1544 κεκοσμημένην.
2974 1471 3114 1539 Ἐγὼ
3152 1472 3208 1525 δὲ
3250 1470 3525 1542 προῦργου
3553 1469 3757 1539 νομίζω
3789 1471 3877 1523 διά
3904 1487 4055 1526 τινος

2480 1567 2918 1638 παραδείγματος
2973 1565 3120 1636 σαφῆ
3175 1565 3399 1634 ποιῆσαι
3448 1563 3540 1616 τὸν
3593 1562 3773 1629 λόγον.
3815 1562 3943 1614 Ὅτε
3987 1560 4056 1614 τὸ

2479 1658 2623 1712 κατὰ
2653 1657 2740 1712 τὸν
2771 1657 3027 1725 Βενιαμὶν
3060 1655 3292 1726 ὲξύφηνε
3321 1656 3506 1726 δρᾶμα
3529 1655 3558 1706 ὁ
3587 1652 3892 1722 θαυμάσιος
3929 1653 4052 1704 Ἰω-

2483 1751 2613 1818 σὴφ,
2648 1748 2742 1802 καὶ
2780 1748 2855 1811 ὡς
2881 1746 3182 1816 κεκλοφότα
3227 1745 3318 1799 τὸν
3352 1745 3529 1808 κόνδυ,
3573 1742 3759 1797 δοῦλον
3795 1744 4056 1812 ἐπειρᾶτο

2477 1841 2693 1902 λαϐεῖν,
2737 1840 2845 1892 τῶν
2898 1837 3143 1906 ἀδελφῶν
3178 1836 3254 1900 ὡς
3298 1839 3356 1890 ὲν
3411 1837 3565 1906 πυρὶ¹
3595 1834 3903 1904 δοκιμάζων
3953 1833 4055 1902 τὴν

2476 1929 2721 2000 γνώμην,
2749 1930 3008 1998 ἄντικρυς
3035 1927 3248 1998 ἐδείχθη
3278 1927 3377 1996 τῆς
3397 1926 3490 1979 τοῦ
3517 1926 3815 1988 συνειδότος
3841 1941 4055 1994 μαρτυ-

2482 2022 2604 2092 ρίας
2637 2019 2938 2091 ἡδύναμις.
2971 2020 3104 2072 Τότε
3134 2019 3241 2090 γὰρ
3268 2018 3352 2088 δὴ,
3379 2017 3500 2070 τότε
3529 2016 3703 2088 ταύτῃ
3732 2015 3830 2084 μὲν
3849 2016 4054 2085 ἥκιστα

2475 2114 2542 2182 τῇ
2577 2111 2854 2183 τραγῳδίᾳ
2897 2108 3188 2182 προσέχειν
3235 2107 3536 2172 ἐϐούλοντο,
3583 2108 3685 2176 τῆς
3717 2107 3775 2159 δὲ
3807 2106 3912 2178 πρὸ
3955 2106 4054 2158 δύο

2478 2204 2572 2256 καὶ
2614 2203 2786 2256 εἴκοσι
2833 2201 2970 2255 έτῶν
3005 2199 3300 2270 γενομένης
3347 2198 3691 2270 παρανομίας
3747 2198 4052 2268 ἀνεμιμνή-

2479 2308 2690 2346 σκοντο.
2729 2293 2838 2345 Καὶ
2878 2294 2926 2344 ol
2961 2291 3058 2362 μὲν
3088 2291 3294 2357 ἔλεγον,
3325 2291 3406 2342 ὅτι
3442 2309 3461 2341 ι
3498 2289 3570 2342 To
3603 2284 3742 2359 αἷμα
3781 2288 3864 2342 τοῦ
3895 2288 4054 2342 ἀδελ-

2479 2382 2581 2452 φοῦ
2631 2383 2788 2452 ἡμῶν
2824 2382 2917 2434 τοῦ
2963 2383 3230 2453 νεωτέρου
3275 2381 3585 2452 ὲκζητεῖται
3627 2382 3706 2443 είς
3736 2380 3833 2444 τὰς
3863 2383 4055 2450 χεῖρας

2477 2475 2666 2548 ἡμῶν*
2706 2493 2724 2526 ι
2763 2476 2870 2528 τῶν
2896 2473 2952 2528 δὲ
2977 2471 3358 2544 γεγενημένων
3383 2473 3520 2544 πρὸς
3541 2473 3738 2536 αὐτοὺς
3765 2473 4052 2544 παρακλή-

2481 2583 2620 2620 σεων
2669 2569 2697 2619 ὁ
2733 2566 2991 2636 Ῥουϐεὶμ
3025 2565 3420 2636 ἀνεμίμνησκε.
3445 2564 3602 2619 Κατὰ
3627 2563 3828 2636 ταύτην
3853 2566 3950 2635 τὴν
3976 2567 4058 2616 εἰ-

2478 2659 2611 2712 κόνα
2636 2657 3025 2730 διαγράφωμεν
3053 2657 3114 2711 τὸ
3144 2657 3334 2729 μέλλον
3373 2657 3665 2729 κριτήριον,
3700 2656 3923 2711 καὶτῶν
3943 2655 4058 2720 ἔξω

2479 2753 2643 2821 νόμου
2668 2749 3144 2821 πολιτευσαμένων
3173 2749 3235 2803 τὸ
3267 2749 3525 2813 συνειδὸς,
3569 2749 3662 2803 νῦν
3708 2749 3807 2820 μὲν
3849 2748 4054 2802 ἀπολο-

2478 2844 2576 2914 γού
2585 2861 2764 2915 μενον,
2800 2843 2894 2896 καὶ
2922 2841 3018 2912 τὴν
3043 2841 3265 2910 ἄγνοιαν
3291 2839 3749 2911 προϐαλλόμενον,
3784 2840 3880 2894 νῦν
3904 2839 3962 2895 δέ
3985 2857 4057 2906 γε

2477 2938 2575 3007 τὴν
2629 2934 2964 3006 κατηγορίαν
3015 2934 3334 3004 δεχόμενον,
3390 2933 3484 2986 καὶ
3529 2932 3901 3004 ἀνακηρύττον
3950 2930 4058 3001 τῆς

2481 3026 2861 3098 ἐπενεχθείσης
2883 3025 3062 3095 ψήφου
3090 3024 3151 3077 τὸ
3179 3023 3403 3078 δίκαιον.
3435 3022 3590 3077 Οὕτω
3615 3022 3710 3075 καὶ
3741 3023 4055 3093 Ἀϐιμέλεχ,

2406 3135 2452 3198 c
2482 3116 2575 3169 τοῦ
2627 3115 2924 3178 συνειδότος
2960 3113 3096 3184 ἔχων
3127 3113 3226 3183 τὴν
3264 3113 3589 3187 μαρτυρίαν,
3625 3113 3760 3183 πρὸς
3793 3112 3882 3166 τὸν
3920 3114 4059 3166 Θεὸν

2484 3210 2635 3277 ἔλεγε
2657 3225 2669 3238 ’
2715 3229 2732 3260 ι
2774 3207 2965 3278 Κύριε,
3003 3205 3155 3268 ἔθνος
3184 3205 3410 3275 ἀγνοοῦν
3451 3205 3546 3259 καὶ
3582 3206 3789 3260 δίκαιον
3820 3207 4058 3259 ἀποκτε-

2483 3305 2628 3366 νεῖς;
2660 3300 2774 3354 Οὐκ
2797 3299 2956 3360 αὐτός
2985 3314 3074 3368 μοι
3094 3294 3265 3361 εἶπεν,
3288 3297 3370 3350 ὅτι
3404 3297 3628 3367 Ἀδελφή
3657 3314 3758 3367 μου
3791 3297 3929 3359 ἐστὶ,
3962 3299 4062 3349 καὶ

2486 3392 2621 3461 αὐτή
2665 3407 2753 3461 μοι
2798 3385 2951 3442 εἶπεν
2976 3427 2991 3452 ,
3039 3391 3121 3442 ὅτι
3164 3389 3413 3458 ’Λδελφός
3445 3407 3544 3459 μου
3585 3388 3768 3452 Early;
3828 3389 3915 3440 Ἐν
3956 3406 4063 3441 κα-

2485 3483 2629 3554 θαρᾷ
2674 3481 2870 3552 καρδία
2919 3480 3152 3548 ἐποίησα
3199 3479 3261 3533 τὸ
3311 3480 3463 3552 ῥῆμα
3497 3479 3674 3532 τοῦτο.
3718 3498 3736 3530 ι
3776 3478 3835 3531 '0
3869 3479 4059 3549 μέντοι

2486 3572 2628 3635 θεῖος
2673 3569 2991 3630 ’Δπὸστολος
3019 3567 3161 3620 οὕτω
3186 3567 3358 3622 ταῦτα
3401 3567 3638 3631 διδάξας,
3667 3567 3761 3620 ἐπὶ
3791 3567 3881 3620 τὸν
3922 3569 4061 3621 Ἰου-

2483 3663 2632 3716 δαῖον
2661 3660 2955 3732 μεταφέρει
2990 3659 3079 3713 τὸν
3114 3659 3293 3726 λόγον,
3324 3657 3418 3712 καί
3445 3675 3608 3728 φησιν
3630 3674 3643 3689 ’

2557 3755 2640 3817 ιζ’.
2677 3753 2800 3808 Ἴδε
2822 3753 2902 3806 σὺ
2927 3755 2971 3785 ³⁸
3012 3751 3289 3816 Ἰουδαῖος
3314 3749 3672 3818 ἐπονομάζῃ.
3719 3749 3912 3804 Κοινδν
3945 3748 4015 3816 γὰ
4026 3767 4063 3819 ρ

2483 3846 2644 3900 τοῦτο
2667 3845 2729 3899 τὸ
2761 3845 2952 3914 ὄνομα,
2982 3845 3076 3897 καὶ
3100 3844 3282 3914 τίμιον
3312 3837 3382 3913 ἦν
3409 3842 3578 3895 πάλαι
3601 3857 3614 3871 ⁸
3649 3841 3731 3895 διὸ
3760 3842 3860 3894 οὐκ
3879 3835 4061 3904 εἶπεν,

2483 3935 2745 4009 ὀνομάζῃ.
2787 3936 2902 3990 ἀλλ’
2931 3935 3289 4004 ἐπονομάζῃ.
3318 3965 3387 3978 --
3417 3936 3525 3989 Kat
3569 3936 3930 4004 ἐπαναπαύῃ
3975 3937 4065 4000 τῷ

2485 4032 2668 4100 νόμῳ.
2711 4031 2786 4084 Οὐ
2815 4029 2926 4101 γὰρ
2959 4031 3210 4098 κάμνεις,
3259 4029 3335 4092 ὼς
3368 4027 3472 4093 ἔξω
3509 4029 3675 4099 νόμου
3705 4027 4067 4098 πολιτευόμε-

2487 4139 2596 4185 νος,
2643 4121 2712 4174 τὸ
2761 4121 3032 4191 πρακτέον
3064 4121 3370 4190 ἐπιζητῶνο
3423 4119 3538 4174 ἀλλ’
3580 4119 3724 4189 ἔχεις
3757 4119 3849 4172 τὸν
3892 4119 4066 4188 νόμον

2490 4209 2679 4279 σαφῶς
2732 4209 2948 4264 ᾶπαντά
2991 4226 3052 4262 σε
3098 4210 3438 4263 διδάσκοντα.
3491 4208 3596 4264 Καί
3655 4207 3955 4278 καυχᾶσαι
3990 4209 4069 4260 ἐν

2492 4303 2632 4368 Θεῷ.
2689 4303 2776 4366 Ὠς
2811 4302 3030 4355 πάντων
3071 4318 3131 4354 σε
3172 4299 3589 4372 προτετιμηκότι
3628 4298 3736 4352 τῶν
3784 4299 3924 4352 κατὰ
3960 4298 4068 4369 τὴν

2489 4393 2813 4464 οἰκουμένην
2856 4392 3046 4456 ὲθνῶν,
3089 4393 3164 4456 ὡς
3193 4390 3392 4462 πολλῆς
3430 4409 3488 4443 σε
3529 4389 3852 4460 κηδεμονίας
3895 4389 4068 4459 ὴξιωι

820 4499 1068 4553 magnam
1098 4482 1178 4534 tui
1215 4495 1404 4535 curam
1446 4493 1637 4547 gerere
1665 4479 1922 4546 dignatus
1953 4483 1968 4501 ⁶
1999 4479 2093 4543 sit,
2130 4486 2185 4532 ct
2210 4479 2377 4548 legem

2491 4485 2628 4546 κότι,
2652 4485 2746 4538 καὶ
2774 4484 2937 4553 νόμον
2956 4483 3233 4548 δεδωκότι,
3253 4483 3346 4535 καὶ
3367 4482 3452 4535 διὰ
3476 4481 3583 4534 τῶν
3612 4479 3902 4551 προφητῶν
3923 4479 4027 4533 ποδ
4043 4509 4067 4519 -

816 4571 1052 4634 dederit,
1080 4578 1134 4623 et
1163 4583 1257 4638 per
1292 4568 1582 4637 prophetas
1621 4567 1939 4620 instituerit.

892 4657 1054 4713 VERS.
1093 4659 1177 4712 18.
1213 4657 1280 4710 Et
1317 4659 1456 4709 nosti
1485 4655 1804 4709 uoluntatem
1838 4657 1976 4723 ejus,
2009 4655 2099 4710 Dei
2147 4657 2381 4715 scilicet.

818 4752 884 4807 Et
908 4750 1097 4818 probas
1127 4751 1368 4804 utiliora.
1397 4747 1511 4802 Hoc
1537 4755 1642 4811 est,
1672 4748 1950 4816 dignoscis
1983 4763 2045 4802 ea
2090 4764 2212 4817 quae
2246 4749 2387 4805 inter

819 4859 877 4898 se
919 4850 1046 4896 sunt
1091 4841 1390 4901 contraria,
1442 4839 1715 4908 justitiam
1764 4847 1818 4893 et
1867 4839 2386 4906 injustitiam,tem-

821 4935 1118 5003 perautiam
1172 4940 1226 4985 et
1277 4931 1775 5000 intemperantiam,
1846 4930 2100 4998 pietatem
2167 4939 2222 4982 et
2283 4931 2387 4984 im-

818 5027 1092 5096 pietatem.
1145 5023 1444 5076 lustructus
1495 5037 1586 5089 per
1638 5021 1820 5090 legem.
1849 5019 1941 5071 Illa
1997 5021 2142 5074 enim
2180 5020 2295 5075 haec
2333 5030 2387 5076 te

818 5119 1026 5172 decuit.

895 5207 1060 5261 Vens.
1114 5206 1196 5269 l9,
1238 5205 1328 5260 9.0.
1375 5203 1442 5257 Et
1496 5201 1720 5270 conﬁdis
1769 5202 1990 5270 teipsum
2051 5218 2162 5256 esse
2203 5203 2385 5257 ducem

893 5357 916 5385 ³
958 5345 1093 5400 Gen.
1129 5360 1257 5396 xuii
1293 5353 1338 5396 et
1384 5359 1522 5397 τινα.
1607 5343 1624 5377 ι
1670 5340 1803 5395 Gen.
1838 5357 1936 5404 xx,
1981 5342 2039 5404 ί,
2071 5340 2123 5393 Ei.

2485 4577 2768 4645 ηγήσαντι.

2564 4670 2655 4735 ιη’.
2717 4664 2826 4716 Καί
2875 4662 3185 4732 γινώσκεις
3239 4661 3307 4715 τὸ
3353 4661 3602 4728 θέλημα.
3667 4660 3912 4714 τουτέστι
3962 4659 4066 4712 τοῦ

2491 4752 2647 4807 Θεοῦ.
2689 4753 2794 4807 Καὶ
2832 4751 3160 4828 δοκιμάζεις
3202 4749 3275 4802 τὰ
3317 4750 3692 4818 διαφέροντα.
3751 4749 3894 4801 Ἀντὶ
3939 4748 4061 4812 τοῦ,

2493 4846 2711 4900 ἐναντία
2749 4845 3015 4914 ἀλλήλοις,
3050 4841 3393 4911 δικαιοσύνην
3440 4842 3534 4895 καὶ
3571 4843 3806 4905 ἀδικίαν,
3845 4857 4067 4909 σωφρο-

2500 4937 2663 5006 σύνην
2685 4937 2777 4988 καὶ
2804 4934 3120 4996 ἀκολασίαν,
3143 4931 3422 4984 εὐσέϐειαν
3453 4933 3543 4983 καὶ
3580 4931 3854 4984 ἀσέϐειαν.
3910 4934 4070 4984 Κατ-

2496 5025 2836 5093 ηχούμενος
2859 5023 2927 5075 ἐκ
2962 5022 3068 5076 τοῦ
3114 5023 3324 5090 νόμου.
3358 5022 3574 5076 Τούτων
3604 5022 3713 5093 γάρ
3745 5038 3826 5074 σοι
3855 5021 4068 5084 ἐκεῖνος

2493 5114 2807 5177 διδάσκαλος
2835 5113 3143 5180 γεγένηται.

2569 5203 2652 5266 ιθ’,
2686 5211 2755 5257 κ’.
2815 5202 3105 5268 Πέποιθάς
3142 5219 3206 5256 τε
3235 5201 3495 5256 σεαυτὸν
3537 5201 3758 5270 όὸηγῶν
3788 5197 3937 5255 εἶναι
3968 5217 4071 5254 τυ-

2085 5456 2319 5511 Ϋιὶῐῖιίῖζ
2363 5455 2760 5511 LECTIONES.

890 5585 936 5615 ³³
971 5583 1164 5635 Totum
1196 5576 1325 5632 illud
1361 5595 1371 5628 :
1410 5577 1512 5629 Ἴδε
1554 5576 1638 5638 σὺ,
1679 5595 1731 5629 κ.
1764 5595 1811 5628 τ.
1837 5576 1910 5632 λ..
1941 5575 2006 5627 ad
2043 5590 2183 5626 vers.
2219 5573 2310 5635 Et,
2339 5587 2432 5636 per
2460 5572 2936 5640 interrogationem
2974 5571 3100 5625 olim
3139 5571 3354 5625 codices
3401 5569 3586 5639 aliqui,
3628 5573 3778 5640 teste
3809 5564 4073 5640 Theodo-

824 5665 939 5707 reto
988 5656 1038 5705 in
1075 5651 1273 5705 Ca'ena
1309 5667 1440 5702 nise.
1481 5649 1532 5698 in
1572 5636 1739 5706 l-lpist.
1780 5648 1844 5698 ad
1899 5647 2055 5698 lima.
2107 5645 2159 5695 in
2196 5643 2332 5698 ll:bi.
2364 5636 2694 5701 Bodleiana,
2731 5643 2820 5708 qui
2866 5652 3045 5695 tmncn
3085 5644 3196 5710 ipse
3241 5636 3530 5710 lectionem
3565 5641 3729 5710 istam
3768 5636 4068 5710 improbat.

823 5705 897 5777 lia
933 5723 1090 5774 .loaa.
1133 5721 1330 5772 .‘tlitlius
1368 5721 1431 5770 ad
1484 5718 1541 5769 Ν.
1582 5705 1644 5768 Τ.
1689 5719 1740 5769 in
1793 5718 1937 5768 hunc
1987 5714 2135 5765 Pauli
2190 5716 2389 5766 locum.
2425 5714 2528 5764 Sed
2586 5705 2776 5768 ver-eor
2826 5728 2891 5764 ne
2937 5705 3247 5766 observatio
3290 5711 3410 5765 cod.
3470 5708 3748 5763 Bodleiani
3790 5705 4067 5762 Thcodmi

825 5795 1122 5864 Mopsuest.
1155 5791 1242 5852 sit,
1278 5798 1368 5842 aut
1418 5789 1554 5841 alius
1587 5787 1782 5840 similis
1815 5785 2147 5839 Theodoreti
2186 5783 2443 5837 nominis.
