4194 6432
167 366 237 426 ’Π

1050 361 1655 423 INTERPRETATIO
1690 359 1920 419 EPlS'l‘.
1964 362 2061 419 Al)
2104 364 2275 422 ΝΟΜ.
2321 365 2471 423 CAP.
2520 367 2625 423 1H.
3352 378 3423 437 73

172 491 324 537 σεως
381 474 706 544 ἑσχηκότων
737 472 1046 540 διάγνωσιν,
1082 474 1300 537 τούτους
1329 474 1511 527 λαϐεῖν
1542 474 1635 526 καὶ
1674 471 1766 524 τοῦ
1797 474 1828 531 Α

1762 474 1838 531 ιΑ
1869 487 1930 524 ev
1977 486 2166 526 na:nra
2217 485 2297 529 est
2338 474 2703 545 cognitionem
2756 478 3041 540 haberem,
3088 494 3181 534 eos
3249 481 3418 554 legem

174 566 353 634 νόμον
392 564 494 635 τὴν
532 566 706 618 θέσιν.

246 661 323 722 γ’.
371 658 435 708 τί
465 656 583 724 γὰρ
606 660 660 709 ει
688 656 1039 724 ἠπίστησάν
1078 673 1271 721 (trag;
1308 654 1393 722 μὴ
1439 656 1475 722 ἡ
1523 654 1769 707 ἀπιστία

174 745 393 798 αὐτῶν
442 748 567 812 τὴν
614 749 825 801 πίστιν
871 749 975 802 τοῦ
1034 745 1181 800 Θεοῦ
1232 743 1626 812 καταρτήσει;
1672 745 1768 809 Μὴ

180 837 448 905 γένοιτο.
490 838 675 908 Ἱέίδει,
714 840 895 908 φησὶν,
926 838 1127 890 ἄνωθεν
1148 839 1175 890 6
1194 837 1300 891 τῶν
1333 837 1468 889 ὅλων
1496 836 1647 898 Θεὸς,
1678 835 1771 888 καὶ⁸

178 930 307 988 to};
348 928 613 994 φύλακας
654 929 943 998 ἐσομένους
971 929 1063 981 τοῦ
1100 928 1284 997 νόμον,
1320 927 1412 980 καὶ
1438 928 1563 989 τοὺς
1582 925 1772 978 τοῦτον

181 1014 625 1082 παραϐήσεσθαι
679 1017 1002 1085 μέλλοντας·
1052 1015 1297 1085 οὐδαμῶς
1349 1015 1528 1067 τοίνυν
1559 1016 1609 1066 οἱ
1644 1014 1771 1066 ἀπι-

183 1112 496 1173 στήσαντες
535 1106 876 1174 ἐλυμήναντο
928 1105 1025 1167 τὰς
1076 1105 1225 1167 Θείας
1266 1104 1601 1174 εὐεργεσίας.
1652 1104 1771 1155 Κᾶν

182 1197 292 1264 γὰρ
327 1196 585 1257 ἇπαντες
619 1198 670 1247 ot
707 1194 980 1264 ἄνθρωποι
1016 1196 1141 1265 περὶ
1171 1195 1331 1247 αὑτὸν
1358 1194 1643 1265 ἀχάριστοι
1676 1193 1769 1261 γέ-

184 1303 412 1350 νωνται,
446 1287 557 1338 οὐκ
585 1286 879 1339 ἐλαττώσει
912 1286 1006 1338 τοῦ
1041 1285 1172 1337 Θεοῦ
1203 1285 1299 1356 τὴν
1327 1285 1481 1351 δόξαν
1509 1287 1541 1354 ἠ
1568 1284 1771 1336 τούτων

186 1377 514 1445 ἀχαριστία.
557 1376 730 1429 Τοῦτο
766 1379 871 1447 γὰρ
922 1377 1013 1429 διὰ
1063 1378 1172 1429 τῶν
1223 1378 1575 1447 ἐπαγομένων
1614 1377 1769 1446 δεδή-

188 1485 352 1519 εωκε.

250 1558 316 1612 δ’.
349 1559 639 1613 Γινέσθω
668 1558 735 1610 δὲ
763 1561 795 1611 ὀ
825 1559 967 1627 Θεὸς
996 1558 1227 1627 ἀληθής
1248 1577 1261 1590 ·
1308 1557 1424 1624 πᾶς
1452 1558 1519 1611 δὲ
1547 1558 1769 1627 ἄνθρω-

187 1662 296 1713 πος
326 1650 641 1715 ψεύστης.
674 1650 861 1719 Δῶμεν
899 1650 1032 1719 γὰρ,
1074 1651 1228 1719 φησὶ,
1259 1649 1337 1719 τῷ
1366 1650 1528 1720 λόγῳ,
1567 1651 1771 1720 μηδένα

187 1740 291 1791 τῶν
342 1739 670 1809 ἀνθρώπων
720 1742 817 1811 τὴν
851 1743 1232 1812 προσήκουσαν
1283 1740 1429 1811 αὐτῷ
1467 1742 1770 1809 δοξολογίαν

190 1831 558 1900 προσφέρειν,
592 1830 732 1884 ἀλλὰ
776 1831 985 1895 πάντας
1026 1832 1345 1902 ἀχαριστίαν
1377 1836 1554 1885 νοσεῖν
1589 1831 1771 1902 (τοῦτο

188 1923 293 1992 γὰρ
338 1922 499 1991 λέγει
519 1939 534 1951 ·
562 1922 691 1986 Πᾶς
717 1923 784 1976 δὲ
818 1925 1126 1991 ἄνθρωπος
1157 1926 1467 1996 ψεύστηςΥ
1498 1928 1654 1979 ποίαν
1684 1930 1771 1980 ὲν-

189 2013 381 2065 τεῦθεν
410 2014 657 2082 μείωσιν
686 2016 717 2082 ἡ
760 2014 854 2067 τοῦ
884 2015 1019 2069 Θεοῦ
1058 2016 1263 2080 δέξεται
1288 2016 1447 2082 δόξα;
1478 2017 1646 2071 Τοῦτο
1681 2020 1771 2072 καὶ

189 2102 762 2171 ἀλλαχοῦντέθεικενὸ
795 2104 1065 2174 μακάριος
1093 2105 1321 2169 Παῦλος.
1368 2126 1385 2158 ι
1426 2108 1486 2160 Εἰ
1518 2109 1772 2161 ἀπιστοῦ-

191 2212 287 2264 μεν
316 2196 455 2265 γὰρ.
495 2198 688 2265 φησὶν,
736 2198 940 2260 ἐκεῖνος
990 2197 1179 2261 πιστὸς
1221 2199 1399 2269 μένει·
1432 2199 1769 2271 ἀρνήσασθαι

188 2288 293 2356 γὰρ
316 2288 528 2340 ἑαυτὸν
576 2288 640 2340 οὐ
674 2287 913 2340 δύναται.
959 2307 977 2340 ι
1017 2288 1276 2342 Ἐνταῦθα
1303 2291 1358 2343 δὲ
1393 2292 1483 2343 καὶ
1521 2291 1767 2363 Γραφικῇ

190 2378 461 2447 κέχρηται
516 2379 830 2449 μαρτυρία·
872 2380 1145 2447 Καθάπερ
1174 2380 1489 2450 γέγραπται
1513 2398 1527 2411 ’
1573 2383 1771 2449 Ὅπως

190 2466 261 2520 ἂν
300 2464 641 2533 δικαιωθῇς
668 2468 736 2519 ἐν
772 2465 896 2531 τοῖς
936 2468 1134 2535 λόγοις
1179 2480 1333 2529 σου,
1381 2470 1479 2522 καί
1514 2469 1771 2537 νικήσῃς

189 2560 253 2609 ἐν
275 2558 360 2623 τῷ
390 2559 716 2625 κρίνεσθαί
749 2575 841 2613 σε.
891 2558 965 2611 Τὸ
994 2559 1050 2611 δὲ
1082 2558 1239 2625 ὅπως
1272 2560 1369 2612 οὐκ
1415 2560 1771 2631 αἰτιολογικόν

193 2653 334 2702 ἐστιν
376 2649 649 2712 ἐνταῦθα,
680 2650 813 2703 ἀλλὰ
840 2652 938 2719 τῆς
971 2651 1241 2715 ἐκϐάσεως
1276 2653 1590 2723 δηλωτικόν.
1636 2655 1770 2708 Οὐδὲ

192 2741 294 2808 γὰρ
329 2742 538 2793 τούτου
570 2743 731 2811 χάριν
771 2743 1175 2812 ἁμαρτάνομεν,
1217 2743 1305 2796 ἵνα
1347 2744 1441 2797 τοῦ
1489 2745 1623 2798 Θεοῦ
1672 2747 1771 2817 τὴν

194 2832 612 2903 φιλανθρωπίαν
646 2832 935 2902 δείξωμεν·
990 2835 1102 2887 ἀλλ’
1139 2836 1300 2897 αὐτὸς
1343 2838 1439 2905 μὲν
1467 2837 1576 2889 τῶν
1619 2839 1771 2909 £559-

194 2926 388 2990 γεσιῶν
420 2927 658 2995 χορηγεῖ
695 2925 793 2987 τὰς
827 2924 1031 2993 πηγὰς,
1060 2927 1334 2997 σωτηρίαν
1383 2932 1770 2999 πραγματευόέ

200 3032 352 3081 μενος
398 3015 616 3067 ἅπασιν
637 3032 651 3044 ·
688 3014 1022 3079 αὖτεξούσιοι
1058 3016 1112 3069 δὲ
1143 3017 1294 3081 ὄντες
1322 3022 1369 3073 ot
1401 3020 1697 3091 ἄνθρωποι,
1723 3024 1769 3075 οί

1869 578 2089 632 quoque
2123 580 2417 634 accepisse.

1941 652 2103 708 Vens.
2137 657 2188 709 5.
2239 656 2375 720 Quid
2401 658 2572 719 enim,
2606 659 2652 711 si
2701 658 2868 727 aliqui
2916 675 3017 711 non
3067 661 3424 728 crediderunt,

1870 746 2102 815 nunquid
2151 749 2493 801 incredulitas
2543 751 2753 802 illorum
2792 751 2947 819 ﬁdem
2986 749 3079 803 Dei
3112 753 3427 808 evacuabit!

1870 838 2037 891 Absit.
2068 839 2306 900 Sciebat,
2333 841 2529 909 inquit,
2560 840 2699 894 Deus
2731 844 2839 909 jam
2883 842 2951 895 ab
2984 843 3156 902 initio,
3199 847 3421 911 quinam

1872 929 2040 997 legem
2082 939 2265 984 essent
2319 932 2612 995 servaturi,
2642 939 2693 985 et
2721 935 2942 1001 quinam
2994 935 3420 1004 transgressnri.

1870 1017 2053 1088 Itaque
2108 1023 2200 1089 qui
2254 1038 2360 1075 non
2408 1023 2780 1083 crediderunt,
2832 1040 3169 1093 nequaquam
3225 1026 3426 1079 divinis

1871 1108 2153 1163 beneﬁciis
2182 1110 2499 1165 otl'ecerunt.
2535 1113 2649 1165 Etsi
2681 1113 2826 1165 enim
2860 1128 3048 1167 omnes
3079 1115 3329 1168 homines
3374 1116 3426 1167 in

1870 1214 1993 1254 eum
2045 1201 2241 1270 ingrati
2294 1202 2521 1266 fuerint,
2563 1205 2812 1273 ingratus
2849 1219 3037 1257 eorum
3082 1206 3293 1258 animus
3332 1205 3423 1258 Dei

1870 1291 2097 1360 gloriam
2153 1308 2257 1345 non
2316 1294 2597 1347 diminuet.
2642 1293 2755 1347 lloe
2801 1295 2944 1348 enim
3001 1310 3097 1363 per
3146 1296 3427 1364 sequentia

1870 1382 2181 1437 declaravit.

1942 1552 2107 1609 Vens.
2140 1557 2189 1609 4.
2217 1556 2300 1610 Sit
2318 1565 2492 1609 autem
2523 1556 2663 1609 Deus
2689 1572 2866 1620 verax,
2890 1559 3056 1611 omnis
3076 1570 3247 1612 autem
3275 1560 3427 1612 homo

1872 1646 2118 1700 mendax.
2150 1646 2529 1702 Concedamus
2578 1649 2744 1712 enim,
2790 1650 2988 1717 inquit,
3032 1653 3239 1703 nullum
3290 1652 3429 1705 inter

1875 1738 2123 1793 homines
2156 1739 2263 1792 Deo
2298 1754 2459 1808 quam
2498 1754 2595 1809 par
2642 1749 2726 1795 est
2758 1742 2986 1811 gloriam
3039 1742 3289 1805 reddere,
3331 1745 3424 1797 sed

1874 1843 2063 1881 munes
2090 1830 2288 1898 ingrati
2324 1829 2493 1883 animi
2526 1830 2756 1885 crimine
2782 1832 3031 1887 laborare
3059 1834 3077 1902 (
3102 1834 3205 1888 hoc
3240 1840 3256 1856 ‘
3285 1837 3429 1888 enim

1875 1920 2028 1983 dicit,
2062 1921 2245 1976 Omnis
2272 1932 2445 1976 autem
2477 1923 2630 1976 homo
2662 1923 2939 1992 mendax);
2965 1925 3223 1993 quidnam
3254 1942 3321 1981 ex
3363 1942 3430 1982 eo

1873 2011 1965 2065 Dei
2038 2012 2223 2077 gloria:
2282 2013 2616 2069 decesserit?
2657 2013 2770 2069 Hoc.
2832 2017 2998 2070 etiam
3051 2017 3179 2069 alibi
3250 2021 3432 2086 posuit

1872 2101 2063 2155 beatus
2117 2100 2339 2158 Paulus.
2405 2120 2424 2153 ι
2480 2101 2534 2156 Si
2587 2119 2697 2158 non
2755 2104 3049 2172 credimus,
3101 2108 3296 2177 inquit.
3342 2110 3432 2163 ille

1871 2199 2051 2245 tamen
2097 2192 2273 2247 lidelis
2338 2202 2543 2249 manet.
2595 2192 2843 2264 Seipsnm
2880 2197 3025 2250 enim
3075 2214 3275 2268 negare
3322 2215 3427 2253 non

1870 2291 2048 2352 potest
2078 2291 2125 2337 κ.
2169 2302 2187 2334 ι
2224 2282 2321 2338 Hic
2358 2292 2539 2338 autem
2588 2286 2749 2339 etiam
2782 2284 3077 2355 Scriptura:
3111 2290 3430 2344 testimonio

1870 2378 2046 2430 utitur
2079 2394 2090 2428 :
2136 2373 2287 2429 Sicut
2316 2376 2569 2444 scriptum
2600 2385 2677 2429 est
2703 2385 2755 2440 1,
2793 2375 2863 2429 Ut
2888 2378 3199 2447 justiﬁceris
3239 2383 3293 2434 in
3318 2398 3430 2434 ειν-⁴

1870 2467 2109 2521 monibus
2150 2469 2276 2531 tuis,
2308 2476 2356 2520 et
2398 2470 2573 2520 vincas
2599 2484 2716 2521 cum
2765 2469 3051 2537 judicaris.
3083 2472 3217 2526 Illud
3243 2483 3425 2527 autem

1870 2567 1927 2609 ut
1955 2572 2063 2611 non
2110 2557 2285 2612 reddit
2314 2558 2400 2610 hic
2428 2558 2715 2623 rationem,
2745 2560 2837 2614 sed
2878 2571 3128 2615 eventum
3162 2564 3423 2617 declarat.

1870 2647 2053 2718 Neque
2083 2649 2226 2702 enim
2278 2649 2398 2701 ideo
2442 2663 2756 2717 peccamus,
2802 2659 2861 2704 ut
2898 2650 2987 2705 Dei
3032 2652 3425 2709 humanitatem

1871 2739 2248 2810 ostendamus,
2279 2739 2370 2793 sed
2406 2738 2523 2807 ipse
2556 2740 2775 2807 quidem
2827 2741 3213 2796 benetleiorum
3251 2742 3429 2798 fontes

1873 2829 2219 2898 suppeditat,
2274 2829 2383 2900 38
2445 2831 2673 2885 salutem
2734 2846 3038 2900 procurans
3115 2836 3425 2890 omnibus:

1873 2920 2122 2976 homines
2154 2928 2355 2984 autem,
2401 2937 2523 2974 cum
2557 2922 2668 2975 sint
2717 2923 2890 2977 libero
2923 2924 3149 2978 arbitrio
3192 2926 3427 2995 praediti,

1873 3012 1963 3063 alii
2008 3010 2097 3065 Dei
2138 3013 2345 3065 cultum
2392 3014 2712 3081 praeferunt,
2745 3013 2837 3067 alii
2893 3016 3170 3069 contraria
3205 3018 3290 3069 via
3338 3017 3421 3070 in-

198 3106 289 3171 μὲν
315 3104 643 3174 προτιμῶσι
692 3107 790 3175 τὴν
835 3107 928 3160 τοῦ
976 3108 1109 3161 Θεοῦ
1157 3110 1472 3180 θεραπείαν,
1504 3115 1553 3165 οἱ
1588 3113 1643 3165 δὲ
1672 3113 1769 3183 τὴν
1795 3124 1839 3184 α

1795 3124 1839 3184 α
1872 3103 2221 3171 grediuntur,
2260 3111 2312 3157 et
2344 3104 2505 3158 tinem
2542 3105 2642 3159 viae
2672 3120 2785 3160 sua!
2822 3108 3235 3162 convenientem
3290 3124 3429 3163 nan-

199 3197 440 3249 ἐναντίαν
487 3196 759 3263 ὁδεύουσι,
806 3200 900 3251 καὶ
947 3200 1282 3272 κατάλληλον
1325 3202 1636 3271 εὑρίσκουσι
1671 3206 1769 3275 τῆς

198 3286 309 3338 ὁδοῦ
340 3287 405 3338 τὸ
424 3285 611 3348 τέλος.
659 3288 716 3339 Ὀ
756 3286 939 3357 μέντοι
983 3288 1133 3352 Θεὸς,
1174 3290 1269 3342 καὶ
1296 3292 1518 3355 τούτους
1548 3294 1771 3361 εὐεργε-

199 3376 319 3439 τῶν,
346 3376 658 3444 ἀπολογίαν
686 3379 741 3429 ἐν
770 3377 845 3447 τῷ
889 3378 1093 3448 κρίνειν
1130 3380 1263 3449 ἔχει,
1299 3382 1396 3451 τὴν
1428 3384 1771 3455 παντοδαπὴν

200 3472 371 3525 αὐτῶν
401 3471 752 3541 ἐπιμέλειαν.
778 3470 933 3524 Οῦτω
956 3472 1047 3525 καὶ
1069 3474 1203 3543 πρὸς
1226 3475 1319 3527 τὸν
1357 3476 1571 3546 Ἰσραὴλ
1592 3476 1767 3545 ελεγεο

207 3581 224 3613 ι
246 3564 388 3625 Δαὸς
422 3580 555 3631 μου,
583 3562 637 3613 τί
666 3563 895 3631 ἐποίησά
925 3578 1008 3615 σοι
1030 3581 1043 3628 ;
1067 3563 1099 3633 ἢ
1120 3563 1173 3616 τί
1199 3564 1442 3636 ἐλύπησα
1475 3583 1533 3619 σε
1559 3569 1635 3634 ³¹;
1662 3568 1768 3638 ἢτί

202 3653 592 3723 παρηνόχλησὰ
621 3670 733 3715 σοι;
762 3653 1086 3724 ἀποκρίθητί
1115 3673 1225 3725 μοι.
1248 3674 1266 3707 ι
1291 3652 1421 3711 Εἶτα
1439 3659 1581 3710 κατὰ
1603 3658 1767 3728 μέρος

200 3745 298 3796 τῶν
328 3746 670 3812 εὐεργεσιῶν
699 3747 1122 3815 ἀναμιμνήσκει.
1157 3747 1313 3801 Οὕτω
1345 3750 1439 3801 καὶ
1481 3750 1568 3803 διὰ
1599 3751 1765 3821 Ἱερε-

204 3834 319 3901 μίου
356 3832 459 3902 βοᾷ
480 3850 496 3863 ·
530 3853 548 3883 ι
583 3834 650 3885 Τί
672 3826 826 3904 εὖρον
859 3836 907 3885 ot
934 3834 1166 3904 πατέρες
1188 3837 1338 3907 ὑμῶν
1356 3839 1412 3890 ὲν
1435 3840 1557 3907 ἐμοὶ
1584 3840 1768 3909 πλημ-

205 3927 435 3991 μέλημα,
463 3926 552 3975 ὅτι
590 3925 904 3996 ἀπέστησαν
933 3926 1029 3979 ἀπ’
1074 3927 1208 3997 ἐμοῦ
1252 3929 1490 3999 μακρὰν,
1518 3932 1610 3982 καὶ
1642 3932 1769 3983 ὲπο-

204 4015 471 4082 εεὺθησαν
497 4014 677 4067 ὀπίσω
707 4015 812 4067 τῶν
843 4017 1104 4087 ματαίων,
1132 4019 1226 4070 καὶ
1251 4019 1671 4088 ἐματαιώθησαν
1696 4036 1710 4085 ;
1742 4040 1760 4073 ι

201 4106 300 4156 Καὶ
334 4106 502 4158 πάλιν
535 4107 624 4158 τὸν
658 4106 765 4159 τῶν
809 4109 1136 4179 εὐεργεσιῶν
1170 4110 1410 4179 εἰσφέρει
1445 4112 1762 4181 κατάλογον.

211 4198 266 4250 Ὀ
299 4199 488 4266 μέντοι
516 4198 660 4260 Θείος
704 4198 1027 4263 Ἀπὸστολος
1050 4200 1124 4263 ὡς
1157 4203 1221 4253 ὲκ
1248 4200 1341 4252 τοῦ
1372 4200 1480 4253 τῶν
1510 4202 1766 4255 ἐναντίων

198 4290 669 4354 ὲεισυλλογίζεται
701 4291 1009 4359 προσώπου.

262 4387 321 4441 ε’,
353 4387 430 4445 ς’.
488 4383 560 4434 Et
604 4380 676 4433 δὲ
724 4381 923 4435 ἀδικία
970 4381 1135 4450 ἡμῶν
1178 4385 1324 4438 Θεοῦ
1372 4384 1766 4454 δικαιοσύνην

1873 3197 2174 3249 eiscuntur.
2232 3195 2400 3250 Porro
2457 3196 2598 3253 Dens
2663 3198 2765 3253 hos
2800 3199 2961 3252 etiam
3029 3200 3291 3255 beneﬁcio
3344 3202 3428 3255 af-

1873 3285 2098 3348 ﬁciens.
2146 3285 2352 3354 justam
2410 3285 2573 3341 habet
2631 3287 2685 3339 in
2736 3287 2816 3341 eis
2870 3288 3180 3357 iudicandis
3239 3289 3429 3345 defen-

1872 3376 2106 3438 sionem,
2137 3376 2282 3444 quod
2323 3377 2471 3429 omni
2524 3378 2735 3432 ratione
2782 3394 2971 3433 eorum
3020 3395 3206 3433 curam
3251 3390 3426 3451 gerat.

1874 3464 1966 3520 Sic
1992 3467 2156 3520 etiam
2182 3467 2393 3521 dicebat
2426 3467 2491 3520 ad
2535 3466 2786 3522 lsraelem
2823 3485 2835 3519 :
2880 3487 2898 3521 ι
2941 3470 3147 3539 Popule
3177 3473 3270 3537 mi,
3294 3476 3427 3543 quid

1872 3560 1974 3615 feci
2018 3559 2157 3613 tibi?
2187 3562 2269 3613 vel
2318 3575 2424 3627 qua
2455 3567 2508 3614 te
2546 3561 2770 3614 tristitia
2803 3570 2895 3614 aut
2946 3565 3195 3618 molestia
3241 3565 3429 3620 affecit

1870 3649 2139 3720 responde
2190 3649 2319 3702 mihi
2356 3635 2410 3704 ἰ.
2480 3668 2499 3700 ι
2559 3648 2765 3705 Deinde
2827 3652 3103 3721 sigillatitn
3164 3655 3427 3711 beneﬁcia

1872 3748 2278 3795 commemorat.
2308 3740 2384 3793 Ita
2406 3746 2459 3793 et
2488 3755 2584 3809 per
2606 3739 2893 3795 Jeretniam
2923 3744 3124 3798 clamat
3152 3764 3164 3799 :
3194 3764 3213 3797 ‹
3246 3746 3427 3811 Quod-

1873 3849 1997 3887 nam
2044 3832 2301 3886 delictum
2358 3830 2412 3884 in
2466 3844 2551 3885 me
2603 3831 2927 3885 invenerunt
2980 3844 3161 3903 patres
3214 3838 3423 3898 vestri,

1869 3927 2012 3996 quod
2062 3927 2275 3994 longea
2327 3938 2411 3977 me
2461 3926 2815 3985 recesserint;
2853 3932 2902 3978 et
2951 3940 3088 3979 vana
3138 3928 3334 3990 secuti,
3369 3937 3424 3983 et

1868 4020 1993 4073 vani
2054 4017 2180 4069 facti
2242 4013 2538 4067 fuerinta?
2570 4031 2588 4063 ι
2628 4012 2692 4067 Ει
2745 4029 2940 4070 rursus
2992 4016 3202 4085 profert
3260 4019 3422 4073 bene-

1872 4110 2116 4163 ﬁciorum
2182 4106 2506 4173 catalogum.
2570 4103 2802 4159 Divinus
2864 4114 3039 4160 autem
3090 4108 3421 4176 Apostolus.

1870 4207 2127 4267 tanquam
2165 4212 2229 4251 ex
2280 4195 2715 4248 adversariorum
2748 4208 3013 4263 persona,
3050 4197 3419 4265 syllogismum

1868 4290 2093 4343 inducit.

1939 4380 2095 4433 Vsus.
2137 4381 2187 4443 5,
2220 4381 2271 4433 6.
2302 4378 2399 4432 Sin
2424 4388 2597 4431 autem
2629 4386 2811 4430 nostra
2843 4376 3093 4443 iniquitas
3133 4375 3224 4429 Dei
3261 4376 3422 4443 justi-

199 4474 551 4537 συνίστησι,
583 4472 641 4525 τί
668 4472 943 4540 ἑροῦμεν;
979 4472 1074 4539 Μὴ
1102 4472 1306 4541 ἄδικος
1334 4478 1366 4529 d
1397 4476 1541 4541 Θεὸς
1566 4480 1598 4528 ό
1637 4479 1763 4530 ἐπι·
1794 4462 1841 4518 θ

1794 4462 1841 4518 Β
1869 4474 1994 4526 tiam
2043 4471 2403 4532 commendat,
2448 4468 2572 4537 quid
2610 4468 2881 4521 dicemus?
2919 4465 3168 4533 Nunquid
3214 4467 3422 4535 iniquus

199 4563 386 4630 φέρων
420 4563 548 4629 τὴν
595 4563 814 4631 ὀργήν-ς
866 4564 1025 4618 Κατὰ
1071 4564 1384 4634 ἄνθρωπον
1435 4566 1608 4637 λέγω.
1666 4569 1761 4637 Μὴ

200 4653 445 4719 πένοιτο.
494 4650 832 4719 ’Δναγκαίως
867 4655 964 4723 τὴν
993 4656 1081 4723 ὑφ’
1120 4658 1319 4727 ἑτέρων
1349 4661 1763 4732 προφερομένην

201 4742 471 4796 ἀντίθεσιν
496 4743 747 4807 τέθεικε,
799 4746 892 4799 καὶ
923 4750 986 4816 τῇ
1038 4748 1405 4818 ἀπαγορεύσει
1459 4751 1519 4803 τὸ
1564 4752 1762 4805 ἄτοπον

201 4834 413 4899 gaza.
444 4833 526 4887 οὐ
561 4834 670 4901 γὰρ
698 4834 839 4902 ἐγὼ,
872 4838 1034 4905 φησὶ,
1066 4838 1237 4892 ταῦτα
1276 4839 1436 4907 λέγω.
1473 4840 1604 4894 ἀλλὰ
1635 4844 1762 4905 τοὺς

202 4925 297 4977 τῶν
346 4925 532 4978 ἄλλων
572 4926 789 4981 τέθεικα
835 4929 1141 5000 λογισμούς.
1199 4930 1367 4984 Τοῦτο
1415 4932 1523 5002 γὰρ
1571 4932 1718 5000 λέγει
1746 4949 1759 4964 ’

206 5033 221 5063 ι
246 5016 400 5066 Κατὰ
434 5018 743 5085 ἄνθρωπον.
771 5036 787 5066 ι

273 5107 434 5161 ἐπεὶ
476 5106 605 5170 πῶς
650 5109 838 5175 κρινεῖ
872 5113 905 5163 d
933 5111 1079 5175 Θεὸς
1124 5111 1230 5164 τὸν
1264 5115 1527 5183 «doner;
1558 5116 1666 5185 (ζ’.)
1693 5118 1761 5181 Et

202 5196 301 5261 γὰρ
348 5197 386 5261 ἢ
436 5195 695 5261 ἀλήθεια
744 5199 846 5253 τοῦ
887 5199 1034 5254 Θεοῦ
1085 5202 1153 5253 ἐν
1192 5201 1271 5267 τῷ
1315 5204 1433 5272 ἐμῷ
1462 5206 1758 5275 ψεύσματι

202 5284 639 5354 ἐπερίσσευσεν
663 5290 747 5353 εἰς
776 5289 891 5356 τὴν
925 5289 1111 5355 δόξαν
1138 5294 1344 5357 αὑτοῦ,
1376 5296 1430 5348 τί
1470 5295 1557 5349 ἔτι
1595 5295 1757 5364 κάγὼ

262 5475 287 5500 ι
328 5465 612 5519 lTimoth.
650 5482 683 5519 ιι
708 5509 721 5533 ,
756 5466 837 5521 l5.
913 5477 940 5515 ε
982 5468 1124 5525 Psal.
1157 5486 1218 5535 t.,
1248 5472 1298 5525 6.

1382 5482 1401 5509 ι
1443 5471 1603 5527 Mich.
1638 5489 1723 5538 vt,
1751 5472 1807 5527 5.

1866 4572 1943 4619 est
1984 4562 2121 4616 Deus
2158 4564 2246 4630 qui
2280 4560 2440 4629 infert
2475 4561 2647 4613 iram?
2673 4558 2954 4610 secundum
2988 4557 3246 4609 hominem
3280 4558 3417 4611 dico.

1868 4657 2036 4711 Absit.
2080 4655 2397 4709 Necessario
2454 4652 2638 4721 posuit
2693 4650 3126 4719 oppositionem,
3179 4663 3300 4718 qua:
3353 4651 3421 4702 ab

1868 4748 1987 4801 aliis
2039 4745 2304 4807 atl'ertur,
2359 4751 2412 4797 et
2478 4742 2769 4811 negatione
2834 4755 2997 4809 quam
3049 4740 3120 4793 sit
3184 4740 3420 4793 absurda

1870 4836 2129 4892 ostendit.
2156 4833 2277 4887 Non
2308 4834 2478 4897 enim,
2513 4833 2709 4900 inquit,
2736 4831 2847 4883 haec
2878 4830 3022 4891 dico,
3056 4830 3146 4881 sed
3187 4830 3419 4881 aliormn

1872 4924 2318 4981 ratiocinationes
2354 4922 2575 4975 adduxi.
2615 4920 2670 4973 Id
2693 4921 2837 4974 enim
2873 4929 2954 4973 est
2985 4918 3125 4987 quod
3156 4919 3252 4981 ait,
3278 4937 3296 4969 ι
3322 4918 3419 4972 Se-

1880 5017 2116 5071 cundum
2149 5014 2440 5067 hominem.
2469 5031 2486 5063 ο

1938 5108 2147 5178 Alioqui
2179 5104 2433 5168 quomodo
2451 5102 2716 5172 judieabit
2742 5102 2879 5154 Deus
2920 5101 3166 5152 mundum
3186 5102 3210 5153 ξ’
3231 5100 3417 5165 (Vens.

1870 5202 1943 5265 7.)
1973 5198 2030 5253 Si
2068 5200 2202 5252 enim
2236 5198 2423 5250 veritas
2461 5194 2570 5247 Dei
2609 5192 2892 5246 abundat-it
2922 5192 2975 5243 in
3005 5207 3112 5243 meo
3151 5191 3418 5243 mendacio

1866 5293 1917 5344 in
1937 5289 2164 5361 gloriam
2200 5289 2363 5354 ipsius
2388 5328 2400 5350 ,
2429 5285 2553 5354 quid
2578 5284 2747 5336 adhuc
2778 5300 2870 5353 ego
2901 5291 3145 5351 tanquam
3181 5292 3423 5348 peccator

1883 5485 1904 5510 η
1948 5470 2147 5523 Jovem.
2187 5486 2219 5521 ll
2250 5512 2260 5533 ,
2292 5469 2342 5518 5.

1488 5627 1713 5682 VARI}:
1758 5626 2150 5683 LECTlONES.

268 5735 327 5763 τέ’
358 5750 413 5785 σε
451 5733 606 5787 tiet'st
641 5734 690 5785 in
727 5732 785 5787 Β.
