4194 6432
768 388 840 454 79
1751 381 2236 444 THEODORETI
2267 379 2603 441 EPIQCOPI
2627 381 2988 443 CYRENSIS
3941 382 4019 448 80

763 493 1158 567 judicorlﬁst,
1201 491 1402 559 inquit,
1449 488 1905 545 absurdissimum
1961 491 2074 544 ha'c
2127 488 2328 543 dicere.

2441 490 2514 567 ᾡς
2547 491 2891 559 ἁμαρτωλίς
2913 492 3223 559 reply-0pm;
3259 489 3378 544 Τιῗιν
3413 490 3795 558 ἀτοπωτάτων,
3826 493 4017 562 φησιν,

769 587 924 642 Justa
958 596 1041 641 est
1085 586 1228 637 enim
1263 582 1356 636 Dei
1400 583 1676 638 sententia
1709 599 1722 634 :
1758 595 1860 634 nec
1909 595 2028 634 mea
2069 579 2335 651 iniquitas

771 679 882 735 Deo
931 676 1233 733 clementia:
1293 675 1517 729 nomine
1563 673 1793 743 gloriam
1858 673 2138 726 conciliat.
2186 674 2337 727 Esset

768 771 914 826 enim
963 782 1178 824 summa
1242 765 1466 836 injuria,
1513 764 1558 818 si
1593 763 1687 832 qui
1736 763 1812 816 illi
1860 763 2093 832 gloriam
2151 758 2338 812 conci-

769 862 1041 916 liaverunt
1087 857 1155 911 ab
1200 872 1265 911 eo
1311 855 1659 926 punirentur,
1713 861 1767 909 et
1806 861 2015 908 αξιοι·ηο
2067 851 2337 921 supplicio

768 954 1131 1009 adicerentur.
1173 951 1282 1021 39
1331 949 1448 1004 Hoc
1495 951 1642 1004 enim
1693 964 1795 1003 nec
1848 946 2334 1016 injustissimorum

769 1043 1049 1109 hominum
1112 1041 1402 1109 quisquam
1448 1038 1663 1100 fecerit,
1690 1036 1890 1092 nedum
1922 1041 1936 1056 '
1978 1037 2171 1106 ipse,a
2229 1053 2336 1107 quo

763 1136 991 1205 justitire
1017 1132 1193 1187 loutes
1221 1130 1548 1186 seaturiunt.

841 1313 990 1369 Vens
1014 1313 1068 1368 8.
1110 1312 1176 1366 Et
1207 1326 1307 1364 non
1334 1309 1465 1363 sicut
1497 1307 1944 1376 blasphemamur,
1978 1315 2028 1359 et
2076 1306 2211 1358 sicut
2254 1304 2338 1356 di-

770 1414 892 1459 cunt
925 1405 1090 1473 aliqui
1132 1419 1224 1456 nos
1268 1401 1440 1454 dicere
1477 1414 1494 1452 :
1526 1397 1816 1452 Faciamus
1856 1397 1999 1450 mala
2033 1405 2089 1449 ut
2127 1396 2336 1449 veniant

768 1498 926 1561 bona,
972 1510 1196 1564 quorum
1226 1492 1491 1562 judicium
1529 1491 1739 1559 justum
1786 1499 1882 1542 est.
1935 1488 2105 1552 Nihil,
2138 1488 2332 1557 inquit,

768 1590 962 1641 horqu
989 1599 1090 1640 nos
1120 1583 1356 1638 dicimus
1386 1600 1399 1636 :
1436 1581 1530 1636 sed
1563 1581 1656 1633 alii
1679 1595 1780 1634 nos
1803 1579 1983 1634 dicere
1997 1579 2338 1634 calumnian-

769 1689 881 1743 tur,
925 1677 1018 1747 qui
1038 1675 1260 1746 quidem
1294 1673 1584 1726 calumniae
1617 1686 1808 1740 poenas
1831 1670 2003 1725 luent.
2049 1669 2203 1723 Scire
2233 1683 2332 1722 au-

769 1780 879 1824 tem
927 1771 1173 1837 oportet,
1205 1763 1348 1833 quod
1390 1777 1516 1817 cum
1565 1762 1740 1817 sancti
1789 1760 2022 1833 apostoli
2069 1759 2333 1823 dicerent,

2439 566 2578 644 ἔστι,
2608 583 2668 634 τὺ
2695 581 2869 636 ταῦτα
2900 583 3099 650 λέγειν.
3130 584 3322 636 Δικαία
3343 583 3451 653 γὰρ
3479 585 3511 653 ἡ
3534 585 3626 637 τοῦ
3650 584 3786 637 Θεοῦ
3809 586 4014 654 ψῆφοςο

2438 674 2530 725 καὶ
2559 672 2620 725 οὐ
2657 673 2718 726 τδ
2765 673 2896 742 ἐμὸν
2935 675 3188 743 ἄγνωμον
3239 676 3492 746 προξενεῖ
3527 675 3603 745 τῷ
3637 675 3754 745 Θεῷ
3780 676 3877 747 τὴν
3918 676 4019 729 ἐπὶ

2437 761 2816 834 φιλανθρωπίᾳ
2861 763 3032 830 δόξαν.
3069 765 3277 818 Ἀδικία
3307 765 3416 836 γὰρ
3467 767 3692 837 ἐσχάτη,
3724 769 3850 830 τοὺς
3877 783 4019 836 προ-

2437 853 2621 920 ξένους
2653 854 2816 908 αὑτοῦ
2844 855 3168 926 γενομένους
3209 858 3311 926 τῆς
3352 857 3534 926 δόξης,
3568 859 3723 922 δίκας
3752 859 4018 929 εἰσπράτ-

2436 948 2622 1002 τεσθαι
2670 950 2796 1019 παρ’
2827 947 3013 1012 αὐτοῦ,
3061 950 3156 1004 καὶ
3194 949 3414 1003 κόλασιν
3442 952 3735 1022 ὑπομεῖναι
3769 953 4014 1008 αἰώνιον.

2437 1039 2608 1091 Τοῦτο
2657 1038 2766 1110 γὰρ
2801 1040 2922 1093 οὐδὲ
2959 1039 3068 1092 τῶν
3117 1040 3256 1107 ἄγαν
3309 1040 3661 1094 ἀδικωτάτων
3709 1042 4020 1112 ἀνθρώπων

2435 1129 2620 1199 δράσοι
2652 1147 2735 1191 τις
2762 1130 2846 1195 ἂν,
2873 1131 3012 1200 ἧπου
3043 1148 3106 1200 γε
3141 1131 3300 1195 αὐτὸς
3336 1133 3364 1184 ὁ
3400 1132 3500 1197 τὰς
3539 1133 3636 1203 τῆς
3665 1133 4019 1204 δικαιοσύνης

2436 1217 2756 1283 ἀναῦλύζων
2784 1221 2986 1289 πηγάς.

2504 1319 2575 1382 η’.
2616 1313 2725 1366 Καὶ
2758 1313 2844 1380 μὴ
2878 1315 3069 1378 καθὼς
3095 1314 3640 1384 βλασφημούμεθα.
3691 1317 3783 1368 καὶ
3818 1313 4018 1379 καθὼς

2436 1404 2588 1472 φασί
2608 1420 2766 1469 τινες
2792 1403 2948 1473 ἡμᾶς
2978 1405 3200 1473 λέγειν,
3237 1406 3325 1459 ὅτι
3356 1408 3710 1476 Ποιήσωμεν
3736 1406 3807 1463 τὰ
3835 1407 4014 1469 κακὰ,

2437 1495 2537 1546 ἵνα
2566 1493 2714 1561 ἔλθῃ
2755 1495 2829 1548 τὰ
2861 1494 3069 1563 ἀγαθὰ,
3115 1490 3202 1548 ὧν
3240 1495 3305 1549 τό
3336 1497 3512 1566 κρῖμα
3545 1498 3786 1552 ἔνδικόν
3819 1498 4015 1550 ἐστιν.

2437 1582 2620 1646 Οὐδὲν,
2658 1584 2812 1652 φησὶ,
2855 1584 3060 1638 τούτων
3091 1589 3253 1657 ἡμεῖς
3293 1605 3495 1664 φαμεν,
3541 1592 3672 1660 παρ’
3721 1590 3922 1661 ἐτέρων
3954 1589 4017 1642 δὲ

2435 1677 2611 1743 λέγειν
2650 1677 3150 1747 συκοφαντούμεθα,
3195 1679 3243 1731 οἳ
3274 1679 3372 1748 τῆς
3406 1680 3772 1748 συκοφαντίας
3802 1681 4016 1733 τίσουσι

2435 1767 2612 1830 δίκας.
2646 1765 2860 1820 Εἰδέναι
2894 1768 3075 1836 μέντοι
3106 1769 3232 1838 χρὴ,
3265 1767 3341 1831 ὡς
3371 1770 3479 1822 τῶν
3511 1769 3672 1840 ἱερῶν
3700 1769 4016 1823 ἀποστόλων

771 1862 874 1918 Ubi
901 1831 1196 1915 abundavit
1225 1831 1538 1926 peccatum,
1569 1853 1682 1908 illic
1713 1831 2013 1906 abundavit
2052 1861 2106 1906 et
2135 1851 2329 1920 gratia,

2441 1859 2703 1927 λεγόντων
2727 1876 2742 1890 ο
2783 1879 2802 1911 ι
2825 1831 3000 1914 Ὅπου
3028 1831 3351 1914 ἐπλεόνασεν
3379 1863 3411 1932 ἡ
3442 1831 3705 1933 ἁμαρτία,
3739 1863 4014 1933 ὑπερεπε-

770 1953 990 2022 quidam
1033 1964 1110 2010 ει,
1140 1948 1210 2003 iis
1233 1947 1324 2016 qui
1352 1946 1606 2016 pietatem
1644 1943 1926 2006 colebant,
1955 1941 2094 1995 falsa
2141 1941 2198 1996 in
2239 1955 2336 1995 eos

770 2042 1143 2106 (tortlerentes,
1179 2040 1307 2094 illos
1333 2037 1517 2092 dicere
1552 2035 1774 2091 aiebant
1804 2053 1817 2089 :
1851 2033 2142 2088 Faciamus
2167 2031 2332 2094 mala,

768 2148 822 2190 ut
856 2136 1063 2190 veniant
1083 2132 1237 2184 bona.
1270 2128 1375 2184 Sed
1408 2143 1518 2182 non
1551 2127 1642 2183 hic
1672 2135 1792 2182 erat
1815 2127 2082 2182 doctrinae.
2116 2133 2337 2194 aposto-

768 2232 888 2284 iicu:
932 2240 1154 2295 scopus.
1189 2223 1391 2278 Contra
1416 2221 1558 2275 enim
1591 2219 1940 2282 sanciebant,
1980 2225 2039 2272 ut
2068 2216 2139 2271 ab
2185 2215 2335 2270 omni

681 2389 684 2394 ι
768 2321 1059 2390 iniquitate
1097 2330 1292 2372 omnes
1328 2313 1692 2369 abstinerent.
1737 2309 1844 2365 Eos
1881 2317 2088 2372 autem,
2130 2307 2225 2378 qui
2266 2306 2334 2361 ad

766 2420 1019 2466 sanetam
1064 2405 1508 2479 praedicationem
1556 2399 1919 2465 accedebant,
1961 2398 2106 2453 bono
2154 2397 2338 2453 animo

766 2517 890 2556 esse
936 2499 1221 2569 iubebant,
1259 2503 1520 2563 tauquam
1565 2492 1812 2562 priorum
1854 2495 2208 2559 peccatorum
2247 2503 2335 2543 re-

768 2592 1030 2646 missione
1054 2602 1083 2641 a
1135 2585 1244 2640 Deo
1268 2584 1412 2638 data.
1446 2581 1559 2637 Nos
1597 2591 1780 2635 autem
1821 2579 2332 2649 interpretationem

768 2686 858 2739 bic
901 2682 1183 2744 sisteutes,
1219 2686 1274 2732 et
1317 2683 1556 2730 mentem
1595 2673 1887 2740 interjeeta
1926 2672 2110 2741 quiete
2156 2683 2338 2724 recre-

767 2785 941 2838 autes,
975 2787 1101 2828 eum
1130 2769 1223 2841 qui
1261 2768 1410 2824 dedit
1440 2781 1504 2821 os
1541 2765 1772 2828 homini,
1805 2764 2014 2832 quique
2049 2771 2260 2820 mutum
2284 2768 2338 2814 et

765 2863 996 2920 surdum
1027 2859 1176 2924 fecit,
1209 2856 1516 2916 laudemus,
1557 2861 1609 2908 et
1642 2861 1698 2906 ut
1723 2852 2034 2921 apostolicae
2067 2849 2338 2906 doctrina:

767 2958 1188 3028 intelligentiam
1222 2967 1323 3008 nos
1352 2951 1546 3004 doceat
1571 2963 1817 3003 oremus.
1845 2947 2003 3001 Dabit
2039 2945 2184 3002 enim
2217 2961 2336 3002 om-

765 3054 901 3107 nino
935 3050 1027 3120 qui
1061 3039 1198 3101 dixit
1230 3064 1242 3099 :
1271 3064 1289 3096 ι
1319 3042 1510 3104 Potite,
1545 3048 1600 3094 et
1629 3040 1848 3094 dabitur
1870 3037 2058 3102 vobis;
2083 3036 2333 3105 quaerite,

2438 1953 2718 2026 ρίσσευσεν
2746 1955 2782 2024 ἠ
2808 1955 2994 2022 χάρις·
3027 1973 3046 2004 ι
3089 1954 3233 2016 τινὲς
3255 1957 3322 2024 τῇ
3352 1954 3628 2025 θεοσεσεία
3649 1954 4013 2020 δουλεύοντες.

2433 2045 2806 2114 ψευδολογίαις
2832 2047 2954 2098 κατ’
2981 2045 3163 2099 αὐτῶν
3192 2047 3520 2117 κεχρημένοι
3541 2086 3554 2108 ,
3601 2047 3782 2116 λέγειν
3815 2047 4014 2110 αὐτοὺς

2437 2138 2673 2206 ἔφασκον
2691 2153 2704 2166 ·
2735 2136 3086 2205 Ποιήσωμεν
3111 2137 3182 2190 τὰ
3208 2136 3383 2201 κακὰ,
3403 2139 3505 2192 ἵνα
3526 2137 3677 2205 ἔλθῃ
3702 2138 3775 2191 τὰ
3797 2138 4009 2208 ἀγαθά.

2450 2228 2589 2282 Ἀλλ’
2619 2227 2717 2298 οὐχ
2759 2220 2912 2290 οὗτος
2960 2224 3027 2298 ἧν
3057 2229 3086 2280 ό
3125 2228 3227 2296 τῆς
3261 2228 3624 2298 ἀποστολικῆς
3661 2227 4015 2292 διδασκαλίας

2438 2319 2658 2382 σκοπός.
2711 2319 2828 2372 Πᾶν
2881 2318 2992 2388 γὰρ
3033 2319 3338 2371 τούναντίον
3396 2319 3778 2388 ἐνομοθέτουν,
3830 2321 4015 2390 πάσης

2438 2410 2683 2472 ἅπαντας
2709 2408 3048 2480 παρανομίας
3070 2408 3384 2478 ἀπέχεσθαι.
3417 2409 3556 2473 Τοὺς
3580 2409 3634 2462 δὲ
3657 2409 3734 2480 τῷ
3759 2409 4016 2480 παναγίῳ

2439 2500 2755 2572 κηρύγματι
2807 2502 3130 2572 προσιόντας
3181 2503 3402 2574 θαρρεῖν
3463 2502 3739 2569 ἐκέλευον,
3788 2502 3862 2567 ὼς
3911 2504 4014 2573 τῆς

2435 2592 2684 2660 ἀφέσεως
2718 2593 2829 2648 τῶν
2862 2593 3140 2665 προτέρων
3171 2595 3582 2664 ἁμαρτημάτων
3617 2595 3721 2647 ὑπὸ
3748 2594 3842 2647 τοῦ
3874 2593 4016 2647 Θεοῦ

2434 2685 2742 2758 δεδομένης.
2778 2687 2970 2758 Ἡμεῖς
2993 2687 3049 2740 δὲ
3073 2685 3306 2740 ἐνταῦθα
3332 2687 3431 2756 τὴν
3460 2685 3755 2756 ἑρμηνείαν
3782 2685 4018 2754 στήσαν-

2435 2796 2547 2841 τες,
2599 2779 2694 2832 καὶ
2738 2777 2829 2831 τὸν
2880 2777 3004 2832 νοῦν
3055 2780 3548 2844 διαναπαύσαντες,
3600 2780 3691 2833 τὸν
3743 2779 4018 2832 δεδωκότα

2437 2870 2608 2940 στόμα
2637 2868 2927 2941 ἀνθρώπῳ,
2951 2872 3042 2923 καὶ
3067 2871 3366 2941 ποιήσαντα
3384 2871 3666 2938 δύσκωφον
3689 2869 3783 2924 καὶ
3807 2869 4015 2939 κωφὸν,

2436 2963 2858 3034 ἀνυμνήσωμεν,
2895 2963 2989 3016 καὶ
3017 2965 3116 3032 τῆς
3148 2963 3513 3030 ἀποστολικῆς
3543 2961 3889 3023 διδασκαλίας
3920 2962 4016 3030 τὸν

2435 3054 2558 3106 νοῦν
2589 3053 2926 3123 καταμαθεῖν
2959 3054 3340 3123 ίκετεύσωμεν.
3374 3053 3545 3107 Δώσει
3586 3053 3696 3123 γὰρ
3732 3053 3948 3114 πάντως
3984 3054 4018 3105 ό

767 3155 822 3199 et
871 3140 1192 3205 invenietis;
1226 3137 1464 3208 pulsate,
1495 3141 1548 3188 et
1579 3133 1859 3201 aperietur
1885 3131 2039 3185 vobis
2065 3130 2114 3183 ι).
2151 3148 2171 3182 ι
2197 3127 2333 3182 Cum

2441 3143 2606 3197 εἰπών
2626 3162 2639 3175 ’
2695 3163 2713 3195 ι
2743 3145 2972 3206 Αίτεϊτε,
3004 3144 3096 3196 καὶ
3128 3143 3410 3213 δοθήσεται
3439 3144 3566 3212 ὑμῖν
3588 3158 3601 3172 ·
3648 3143 3881 3214 ζητεῖτε,
3917 3142 4017 3195 καὶ

768 3250 878 3304 quo
901 3234 1044 3288 Patri
1067 3245 1191 3286 cum
1223 3226 1577 3282 sanctissimo
1603 3223 1811 3293 Spiritu
1845 3222 2019 3292 gloria
2051 3217 2332 3279 convenit.

768 3335 822 3378 et
851 3321 1277 3394 lataguilicentiu,
1308 3331 1454 3372 nunc
1479 3316 1542 3385 let
1564 3328 1808 3384 semper,
1836 3320 1888 3366 et
1915 3312 1969 3364 in
2001 3309 2206 3364 saccum
2243 3322 2337 3363 sa:-

770 3411 1040 3466 r-ulorum.
1079 3407 1272 3463 Amen.

1143 3653 1251 3726 [ιο
1295 3650 1531 3706 Tonus
1573 3646 1960 3705 SECUNDUS.

840 3771 962 3826 .Iam
1001 3770 1265 3831 diximus,
1310 3767 1555 3820 divinum
1600 3762 1922 3834 Apostolum
1976 3759 2114 3814 velle
2162 3765 2340 3812 osten-

774 3863 922 3926 dere,
949 3859 1115 3915 Deum
1140 3867 1190 3914 et
1211 3856 1556 3912 Servatorem
1589 3863 1837 3909 nostrum
1855 3850 2039 3906 Jesum
2063 3849 2340 3904 Christum

774 3951 1088 4008 necessario
1143 3949 1420 4004 hominem
1462 3946 1669 4000 factum
1713 3959 1856 3999 esse.
1924 3942 2036 3996 Hac
2093 3943 2235 3996 enim
2275 3941 2341 3995 de

772 4060 961 4110 eausa,
993 4052 1049 4098 et
1083 4043 1150 4099 de
1195 4043 1262 4096 iis
1288 4041 1381 4111 qui
1409 4049 1563 4095 extra
1607 4039 1804 4107 legem,
1838 4043 1891 4090 ct
1929 4035 1995 4090 de
2036 4035 2104 4090 iis
2149 4034 2338 4096 etiam,

773 4137 868 4206 qui
920 4135 1024 4189 sub
1061 4149 1124 4189 ea
1151 4135 1430 4195 vixerunt,
1483 4131 1700 4184 locutus
1738 4135 1843 4191 est,
1891 4125 2252 4195 probavitque
2288 4132 2340 4176 ct

774 4227 898 4280 illos
935 4225 1109 4294 legem
1147 4221 1478 4281 naturalem,
1549 4229 1606 4274 et
1666 4219 1766 4272 bos
1810 4218 1981 4284 legem
2041 4213 2340 4269 Mosaicam

773 4328 898 4368 esse
933 4321 1332 4381 transgressos,
1364 4315 1418 4362 et
1445 4308 1640 4363 ultimo
1675 4322 1796 4360 esse
1822 4303 2092 4374 supplicio
2114 4303 2336 4372 dignos:

773 4415 828 4458 et
858 4404 1127 4472 optimum
1166 4402 1437 4455 medicum
1467 4399 1711 4452 imitatus
1733 4405 1838 4458 est,
1872 4398 1963 4464 qui
2002 4396 2162 4449 docet
2193 4394 2343 4462 prius

2439 3237 2697 3306 εὑρήσετε
2721 3255 2734 3268 ·
2771 3237 3017 3309 κρούετε,
3045 3237 3136 3289 καὶ
3170 3238 3515 3307 ἀνοιγήσεται
3547 3237 3694 3306 ὑμῖν.
3730 3255 3749 3287 ι
3793 3234 3925 3288 Μεθ’
3949 3224 4015 3285 οἵ)

2439 3326 2515 3396 τῷ
2548 3327 2722 3397 Πατρὶ
2750 3329 2844 3381 σὺν
2866 3327 2942 3398 τῷ
2970 3328 3218 3397 παναγίῳ
3241 3325 3518 3396 Πνεύματι
3542 3325 3670 3391 δόξα
3693 3325 3889 3397 πρέπει
3916 3327 4017 3378 καὶ

2444 3418 2908 3490 μεγαλοπρέπεια,
2933 3419 3026 3472 νῦν
3061 3418 3148 3472 καῖ
3184 3419 3290 3484 ἀεὶ,
3312 3419 3405 3471 καὶ
3431 3421 3508 3481 εἰς
3532 3419 3657 3481 τοὺς
3688 3417 3886 3480 αἰῶνας
3906 3416 4016 3469 τῶν

2441 3507 2670 3561 αἰώνων.
2716 3509 2906 3580 Ἀμήν.

2921 3621 3150 3675 ΤΟΜΟΣ
3187 3620 3560 3675 ΔΕΥΤΕΡΟΣ.

2513 3736 2824 3807 Εἰρήκαμεν
2855 3733 2975 3804 ήδη,
3005 3733 3081 3796 ὡς
3105 3735 3134 3785 ὁ
3167 3732 3306 3795 θεῖος
3347 3730 3664 3794 ’Λπόστολος
3696 3729 3864 3795 δεῖξαι
3893 3728 4020 3796 βού-

2443 3833 2590 3887 λεται
2618 3831 2717 3900 τὴν
2747 3827 3158 3898 ἐνανθρώπησιν
3183 3827 3276 3879 τοῦ
3307 3825 3442 3881 Θεοῦ
3466 3825 3559 3880 καὶ
3585 3825 3836 3895 Σωτῆρος
3857 3824 4020 3895 ἡμῶν

2457 3920 2630 3993 Ἰησοῦ
2666 3918 2902 3991 Χριστοῦ
2933 3919 3247 3986 ἀναγκαίως
3268 3917 3658 3989 γεγενημένην.
3685 3917 3887 3969 Τούτου
3908 3916 4021 3984 γὰρ

2443 4014 2507 4082 δὴ
2556 4013 2715 4082 χάριν
2749 4011 2839 4062 τὸν
2883 4010 3009 4080 περὶ
3053 4011 3160 4062 τῶν
3205 4009 3310 4073 ἐξω
3339 4009 3432 4060 τοῦ
3465 4007 3650 4077 νόμου,
3699 4006 3794 4059 καὶ
3836 4007 4020 4076 μέντοι

2445 4105 2538 4156 καὶ
2567 4103 2673 4155 τῶν
2701 4103 2792 4154 ὑπ’
2823 4102 2984 4154 αὑτὸν
3013 4101 3506 4169 πολιτευσαμένων,
3539 4099 3796 4169 κεκίνηκε
3826 4099 3978 4165 λόγον
3999 4115 4016 4128 ο

2447 4197 2538 4248 καὶ
2567 4192 2816 4265 διήλεγξε
2844 4193 3129 4254 κάκείνους
3167 4193 3258 4244 τὸν
3291 4188 3540 4260 φυσικὸν,
3571 4190 3664 4243 καὶ
3690 4189 3909 4251 τούτους
3929 4189 4023 4240 τὸν

2447 4283 2742 4339 Μωσαῖκὺν
2768 4281 3223 4353 παραϐεϐηκότας
3246 4281 3427 4350 νόμον,
3452 4281 3546 4333 καὶ
3569 4280 3838 4348 τιμωρίας
3860 4278 4023 4341 ὄντας

2446 4379 2545 4445 τῆς
2579 4375 2814 4444 ἐσχάτης
2847 4373 3048 4439 ἀξίους.
3085 4373 3195 4427 Καὶ
3231 4374 3412 4442 ἰατρὸν
3444 4373 3662 4444 ἄριστον
3689 4371 4021 4442 ἐμιμήσατο,

773 4495 952 4550 morbi
982 4492 1304 4564 gravitatem
1346 4504 1443 4544 eos
1481 4488 1576 4558 qui
1625 4487 1894 4546 laborant,
1927 4484 2124 4537 deinde
2164 4481 2340 4536 medi-

2447 4468 2504 4530 ὃς
2533 4468 2794 4538 πρότερον
2823 4465 2921 4536 τὴν
2952 4463 3046 4516 τοῦ
3082 4465 3382 4534 νοσήματος
3414 4463 3753 4533 χαλεπότητα
3781 4462 4024 4515 διδάσκει

773 4594 1152 4642 camentorum
1192 4582 1456 4637 auxilium
1496 4578 1738 4632 adhibet.
1784 4577 1863 4630 lta
1911 4576 2056 4630 enim
2104 4583 2157 4628 et
2203 4574 2341 4642 ipse,

774 4687 1065 4750 postquam
1095 4676 1289 4730 borum
1323 4681 1375 4728 et
1404 4673 1620 4726 illorum
1650 4673 1663 4691 ‘
1692 4669 2037 4737 iniquitatem
2070 4666 2346 4735 coarguit,-

774 4770 1039 4838 ipsosque
1077 4772 1130 4818 et
1160 4777 1285 4815 reos
1317 4771 1368 4814 ct
1407 4757 1683 4828 supplicio
1712 4755 1908 4826 dignos
1943 4752 2118 4806 fuisse
2156 4759 2346 4805 osten-

775 4859 878 4918 dit,
917 4855 1125 4927 profert
1166 4852 1429 4920 deinceps
1459 4849 1578 4903 lidei
1627 4847 2116 4906 medicamentum,
2169 4850 2222 4896 et
2263 4840 2348 4894 di-

777 4949 919 5002 vina:
968 4940 1400 5013 diSpensationis
1441 4937 1837 5008 benignitatem
1883 4935 2066 4996 docet,
2112 4932 2343 4985 dicens:

848 5122 1015 5177 Vens.
1053 5119 1204 5176 9-18.
1238 5116 1379 5184 Quid
1406 5131 1529 5185 ergo
1571 5113 1923 5182 prreccllimus
1953 5113 1976 5165 ἶ)
2021 5110 2178 5163 Prius
2205 5111 2346 5164 enim

779 5215 987 5270 causali
1031 5228 1237 5273 sumus,
1279 5208 1499 5262 Judreos
1539 5216 1588 5259 et
1637 5206 1846 5258 Ct‘a'cos
1869 5221 2044 5258 omnes
2099 5219 2208 5256 esse
2251 5204 2344 5256 sub

778 5319 1012 5379 peccato,
1067 5306 1204 5358 sicut
1248 5304 1504 5371 scriptum
1553 5308 1628 5354 est
1662 5314 1679 5353 :
1711 5297 1832 5352 Non
1874 5297 2155 5365 estjuslus
2198 5296 2345 5366 quis-

779 5416 959 5470 quam.
992 5396 1112 5450 Non
1141 5405 1216 5448 est
1252 5395 1548 5462 intelligens
1572 5409 1590 5444 :
1615 5407 1717 5444 non
1749 5400 1824 5444 est
1858 5389 2122 5456 requirens
2157 5385 2342 5441 Deum.

783 5486 975 5542 Omnes
997 5484 1406 5545 declinaverunt,
1447 5479 1608 5534 simul
1643 5477 1859 5532 inutiles
1891 5476 2023 5544 {acti
2054 5485 2173 5529 sunt
2200 5490 2218 5528 :
2245 5491 2348 5527 non

779 5586 857 5632 est
882 5576 970 5643 qui
996 5574 1158 5644 faciat
1193 5571 1406 5636 bonum,
1436 5587 1536 5624 non
1558 5581 1630 5623 est
1663 5585 1822 5638 usque
1852 5570 1919 5620 ad
1950 5583 2134 5620 unum.
2167 5563 2349 5633 Sepul-

780 5672 965 5725 chrum
1007 5673 1190 5734 patens
1224 5674 1300 5718 cst
1332 5673 1515 5735 guttur
1542 5677 1747 5725 eorum,
1793 5659 1988 5730 linguis
2016 5659 2127 5712 suis
2167 5657 2349 5712 dolose

873 5853 898 5894 ι
934 5850 1128 5909 Matth.
1165 5867 1270 5914 vn,
1309 5851 1368 5916 7;
1413 5848 1543 5904 Luc.
1581 5863 1669 5915 ut,
1708 5849 1760 5904 9.

2446 4561 2572 4623 τοὺς
2601 4560 2926 4630 κάμνοντας,
2962 4556 3060 4610 εἷθ’
3093 4557 3234 4609 οὕτω
3267 4556 3562 4628 προσφέρει
3592 4555 3690 4625 τὴν
3713 4555 3820 4607 τῶν
3847 4553 4025 4617 ἀλεξι-

2449 4651 2634 4704 κάκων
2659 4647 2967 4717 φαρμάκων
2996 4647 3265 4716 βοήθειαν.
3301 4645 3457 4698 (limo
3489 4645 3598 4716 γὰρ
3623 4646 3717 4698 καὶ
3743 4645 3903 4709 αὑτὸς
3924 4645 4027 4709 τὴν

2449 4741 2652 4795 τούτων
2686 4739 2953 4793 κάκείνων
2980 4737 3253 4802 διελέγξας
3301 4735 3662 4808 παρανομίαν,
3713 4737 3805 4788 καὶ
3845 4734 4026 4798 δείξας

2451 4831 2784 4894 ὑπευθύνους
2820 4832 2912 4883 καὶ
2948 4830 3217 4900 τιμωρίας
3257 4830 3458 4893 ἀξίους,
3505 4827 3801 4898 προσφέρει
3838 4827 4029 4878 lett-3v

2449 4925 2509 4978 τὸ
2539 4924 2640 4992 τῆς
2673 4922 2908 4984 πίστεως
2945 4922 3255 4990 φάρμακον,
3287 4922 3381 4974 καὶ
3414 4919 3509 4990 τῆς
3538 4919 3686 4982 θείας
3715 4917 4032 4985 οἰκονομίας

2449 5015 2547 5088 τὴν
2575 5013 2982 5084 φιλανθρωπίαν
3007 5013 3268 5074 διδάσκει,
3317 5002 3409 5065 καί
3440 5022 3623 5080 φησιν’

2523 5105 2685 5172 (λ’-ιη’.
2740 5105 2800 5156 Tl
2853 5099 2965 5157 οὖν
3002 5101 3331 5170 κατέχομεν
3361 5103 3689 5169 περισσόνς
3737 5103 4030 5167 Προῃτια-

2453 5197 2683 5264 σάμεθα
2716 5196 2824 5264 γὰρ
2862 5195 3188 5259 Ἰουδαίους
3218 5211 3282 5246 τε
3305 5193 3403 5246 καί
3436 5196 3763 5259 Ἕλληνας,
3798 5189 4033 5255 πάντας

2455 5289 2552 5358 ὑφ’
2582 5288 2872 5357 ἁμαρτίαν
2903 5282 3074 5347 εἶναι,
3121 5285 3314 5350 καθὼς
3351 5284 3693 5354 γέγραπται,
3743 5282 3833 5335 ὅτι
3904 5283 4031 5334 οὐκ

2455 5381 2585 5435 ἔστι
2615 5380 2841 5443 δίκαιος
2872 5377 3014 5431 οὐδὲ
3041 5373 3147 5441 εἷς.
3185 5379 3306 5430 Οὐκ
3340 5380 3510 5431 ἐστιν
3542 5379 3574 5430 ὁ
3607 5373 3837 5429 συνιῶν
3859 5391 3875 5407 ο
3916 5375 4034 5425 οὐκ

2457 5474 2625 5526 ἔστιν
2657 5476 2687 5524 ό
2731 5469 2988 5536 ἐκζητῶν
3033 5471 3141 5524 τὸν
3181 5473 3347 5523 Θεόν.
3404 5469 3632 5534 Πάντες
3683 5467 4029 5532 ἐξέκλιναν,

2457 5565 2575 5634 ἅμα
2601 5561 3015 5631 ἠχρεώθησαν
3045 5578 3057 5591 ·
3105 5564 3215 5615 οὐκ
3253 5561 3379 5614 ἐστι
3417 5559 3603 5613 ποιῶν
3629 5560 4029 5627 χρηστότητα,

2457 5658 2567 5711 οὐκ
2591 5655 2761 5708 ἔστιν
2792 5653 2901 5718 ἕως
2924 5654 3079 5719 ἑνός.
3119 5652 3307 5722 Τιὶςος
3338 5651 3710 5721 ἀνειεηξμέιὊς
3740 5655 3771 5704 ο
3800 5645 4034 5716 λάρυγξ
