  <div class='ocr_page' id='page_1' title='image "/cluster/home/n/w/nwhite01/storage/ocr_20150623/82/nnc1.0046979700/047.png"; bbox 0 0 4194 6432; ppageno 0'>
   <div class='ocr_carea' id='block_1_1' title="bbox 809 370 4040 442">
    <p class='ocr_par' dir='ltr' id='par_1_1' title="bbox 809 370 4040 442">
     <span class='ocr_line' id='line_1_1' title="bbox 809 370 4040 442; baseline 0.003 -14"><span class='ocrx_word' id='word_1_1' title='bbox 809 381 876 442; x_wconf 70' lang='lat'><strong>83</strong></span> <span class='ocrx_word' id='word_1_2' title='bbox 1774 370 2254 432; x_wconf 69' lang='lat' dir='ltr'><strong>TIIEODORETI</strong></span> <span class='ocrx_word' id='word_1_3' title='bbox 2280 371 2619 432; x_wconf 79' lang='lat' dir='ltr'><strong>EPISCOPI</strong></span> <span class='ocrx_word' id='word_1_4' title='bbox 2651 374 2893 433; x_wconf 71' lang='lat' dir='ltr'><strong>CYREN</strong></span> <span class='ocrx_word' id='word_1_5' title='bbox 2900 374 3013 432; x_wconf 73' lang='lat'><strong>$15</strong></span> <span class='ocrx_word' id='word_1_6' title='bbox 3966 376 4040 439; x_wconf 67' lang='grc' dir='ltr'><strong>ΒΣ</strong></span> 
     </span>
    </p>
   </div>
   <div class='ocr_carea' id='block_1_2' title="bbox 810 483 2466 557">
    <p class='ocr_par' dir='ltr' id='par_1_2' title="bbox 810 483 2437 556">
     <span class='ocr_line' id='line_1_2' title="bbox 810 483 2437 556; baseline -0.002 -17"><span class='ocrx_word' id='word_1_7' title='bbox 810 490 902 540; x_wconf 83' lang='lat' dir='ltr'><strong>bus</strong></span> <span class='ocrx_word' id='word_1_8' title='bbox 933 484 1056 556; x_wconf 85' lang='lat' dir='ltr'><strong>legis</strong></span> <span class='ocrx_word' id='word_1_9' title='bbox 1084 502 1187 540; x_wconf 83' lang='lat' dir='ltr'><strong>non</strong></span> <span class='ocrx_word' id='word_1_10' title='bbox 1207 484 1587 554; x_wconf 76' lang='lat' dir='ltr'><strong>justi/imbitur</strong></span> <span class='ocrx_word' id='word_1_11' title='bbox 1619 483 1789 536; x_wconf 89' lang='lat' dir='ltr'><strong>omnis</strong></span> <span class='ocrx_word' id='word_1_12' title='bbox 1824 498 1949 537; x_wconf 85' lang='lat' dir='ltr'><strong>caro</strong></span> <span class='ocrx_word' id='word_1_13' title='bbox 2011 498 2189 535; x_wconf 87' lang='lat' dir='ltr'><strong>coram</strong></span> <span class='ocrx_word' id='word_1_14' title='bbox 2222 483 2359 551; x_wconf 89' lang='lat' dir='ltr'><strong>ipso.</strong></span> <span class='ocrx_word' id='word_1_15' title='bbox 2398 490 2437 543; x_wconf 81' lang='grc' dir='ltr'><strong>Α</strong></span> 
     </span>
    </p>
   </div>
   <div class='ocr_carea' id='block_1_3' title="bbox 2384 483 4040 557">
    <p class='ocr_par' dir='ltr' id='par_1_3' title="bbox 2398 484 4040 557">
     <span class='ocr_line' id='line_1_3' title="bbox 2398 484 4040 557; baseline 0.001 -19"><span class='ocrx_word' id='word_1_16' title='bbox 2398 490 2437 543; x_wconf 81' lang='grc' dir='ltr'><strong>Α</strong></span> <span class='ocrx_word' id='word_1_17' title='bbox 2467 484 2623 551; x_wconf 79' lang='grc' dir='ltr'>σὰρξ</span> <span class='ocrx_word' id='word_1_18' title='bbox 2644 484 2900 538; x_wconf 79' lang='grc' dir='ltr'>ἐνώπιον</span> <span class='ocrx_word' id='word_1_19' title='bbox 2917 484 3125 539; x_wconf 81' lang='grc' dir='ltr'>αὑτοῦ.</span> <span class='ocrx_word' id='word_1_20' title='bbox 3154 485 3262 538; x_wconf 78' lang='grc' dir='ltr'><strong>Καὶ</strong></span> <span class='ocrx_word' id='word_1_21' title='bbox 3294 485 3378 537; x_wconf 75' lang='grc' dir='ltr'>ἵνα</span> <span class='ocrx_word' id='word_1_22' title='bbox 3406 486 3479 555; x_wconf 84' lang='grc' dir='ltr'>μή</span> <span class='ocrx_word' id='word_1_23' title='bbox 3501 502 3583 547; x_wconf 90' lang='grc' dir='ltr'><strong>τις</strong></span> <span class='ocrx_word' id='word_1_24' title='bbox 3604 486 3766 539; x_wconf 72' lang='grc' dir='ltr'>αὑτὸν</span> <span class='ocrx_word' id='word_1_25' title='bbox 3797 486 4040 557; x_wconf 69' lang='grc' dir='ltr'>ὑπολάϐῃ</span> 
     </span>
    </p>
   </div>
   <div class='ocr_carea' id='block_1_4' title="bbox 810 573 2367 646">
    <p class='ocr_par' dir='ltr' id='par_1_4' title="bbox 810 573 2367 646">
     <span class='ocr_line' id='line_1_4' title="bbox 810 573 2367 646; baseline -0.001 -17"><span class='ocrx_word' id='word_1_26' title='bbox 810 577 876 631; x_wconf 78' lang='lat' dir='ltr'><strong>Et</strong></span> <span class='ocrx_word' id='word_1_27' title='bbox 916 592 983 632; x_wconf 92' lang='lat' dir='ltr'><strong>ne</strong></span> <span class='ocrx_word' id='word_1_28' title='bbox 1012 577 1137 646; x_wconf 89' lang='lat' dir='ltr'><strong>quis</strong></span> <span class='ocrx_word' id='word_1_29' title='bbox 1154 591 1275 631; x_wconf 92' lang='lat' dir='ltr'><strong>eum</strong></span> <span class='ocrx_word' id='word_1_30' title='bbox 1307 576 1480 644; x_wconf 87' lang='lat' dir='ltr'><strong>legem</strong></span> <span class='ocrx_word' id='word_1_31' title='bbox 1505 573 1813 643; x_wconf 74' lang='lat' dir='ltr'><strong>vituperare</strong></span> <span class='ocrx_word' id='word_1_32' title='bbox 1840 573 2202 635; x_wconf 73' lang='lat' dir='ltr'><strong>existimaret,</strong></span> <span class='ocrx_word' id='word_1_33' title='bbox 2234 573 2367 635; x_wconf 83' lang='lat' dir='ltr'><strong>sub-</strong></span> 
     </span>
    </p>
   </div>
   <div class='ocr_carea' id='block_1_5' title="bbox 805 663 2366 738">
    <p class='ocr_par' dir='ltr' id='par_1_5' title="bbox 805 663 2366 738">
     <span class='ocr_line' id='line_1_5' title="bbox 805 663 2366 738; baseline -0.002 -17"><span class='ocrx_word' id='word_1_34' title='bbox 805 670 1010 738; x_wconf 81' lang='lat' dir='ltr'><strong>junxit,</strong></span> <span class='ocrx_word' id='word_1_35' title='bbox 1038 667 1139 721; x_wconf 84' lang='lat' dir='ltr'><strong>Per</strong></span> <span class='ocrx_word' id='word_1_36' title='bbox 1162 668 1319 737; x_wconf 82' lang='lat' dir='ltr'><strong>legem</strong></span> <span class='ocrx_word' id='word_1_37' title='bbox 1348 668 1487 721; x_wconf 87' lang='lat' dir='ltr'><strong>enim</strong></span> <span class='ocrx_word' id='word_1_38' title='bbox 1504 667 1727 735; x_wconf 83' lang='lat' dir='ltr'><strong>cognitio</strong></span> <span class='ocrx_word' id='word_1_39' title='bbox 1753 666 1969 734; x_wconf 76' lang='lat' dir='ltr'><strong>peccati.</strong></span> <span class='ocrx_word' id='word_1_40' title='bbox 2003 663 2138 731; x_wconf 79' lang='lat' dir='ltr'><strong>Lex,</strong></span> <span class='ocrx_word' id='word_1_41' title='bbox 2168 666 2366 735; x_wconf 85' lang='lat' dir='ltr'><strong>inquit,</strong></span> 
     </span>
    </p>
   </div>
   <div class='ocr_carea' id='block_1_6' title="bbox 817 756 2370 829">
    <p class='ocr_par' dir='ltr' id='par_1_6' title="bbox 817 756 2370 829">
     <span class='ocr_line' id='line_1_6' title="bbox 817 756 2370 829; baseline -0.001 -17"><span class='ocrx_word' id='word_1_42' title='bbox 817 760 1201 829; x_wconf 81' lang='lat' dir='ltr'><strong>perfectiorem</strong></span> <span class='ocrx_word' id='word_1_43' title='bbox 1233 759 1438 827; x_wconf 89' lang='lat' dir='ltr'><strong>peccati</strong></span> <span class='ocrx_word' id='word_1_44' title='bbox 1469 758 1838 828; x_wconf 76' lang='lat' dir='ltr'><strong>cognitionem</strong></span> <span class='ocrx_word' id='word_1_45' title='bbox 1874 756 2189 812; x_wconf 86' lang='lat' dir='ltr'><strong>hominibus</strong></span> <span class='ocrx_word' id='word_1_46' title='bbox 2225 757 2370 812; x_wconf 81' lang='lat' dir='ltr'><strong>indi-</strong></span> 
     </span>
    </p>
   </div>
   <div class='ocr_carea' id='block_1_7' title="bbox 810 848 2370 914">
    <p class='ocr_par' dir='ltr' id='par_1_7' title="bbox 810 848 2370 914">
     <span class='ocr_line' id='line_1_7' title="bbox 810 848 2370 914; baseline -0.001 -9"><span class='ocrx_word' id='word_1_47' title='bbox 810 853 913 914; x_wconf 87' lang='lat' dir='ltr'><strong>dit,</strong></span> <span class='ocrx_word' id='word_1_48' title='bbox 935 858 987 905; x_wconf 93' lang='lat' dir='ltr'><strong>et</strong></span> <span class='ocrx_word' id='word_1_49' title='bbox 1021 860 1077 904; x_wconf 86' lang='lat' dir='ltr'><strong>ut</strong></span> <span class='ocrx_word' id='word_1_50' title='bbox 1107 851 1481 905; x_wconf 77' lang='lat' dir='ltr'><strong>vehementius</strong></span> <span class='ocrx_word' id='word_1_51' title='bbox 1504 859 1859 904; x_wconf 80' lang='lat' dir='ltr'><strong>accusaretur</strong></span> <span class='ocrx_word' id='word_1_52' title='bbox 1886 848 2065 903; x_wconf 79' lang='lat' dir='ltr'><strong>eﬂ‘ecit</strong></span> <span class='ocrx_word' id='word_1_53' title='bbox 2092 866 2104 901; x_wconf 89' lang='lat'>:</span> <span class='ocrx_word' id='word_1_54' title='bbox 2136 849 2202 903; x_wconf 91' lang='lat' dir='ltr'><strong>ad</strong></span> <span class='ocrx_word' id='word_1_55' title='bbox 2222 856 2370 904; x_wconf 90' lang='lat' dir='ltr'><strong>recte</strong></span> 
     </span>
    </p>
   </div>
   <div class='ocr_carea' id='block_1_8' title="bbox 809 937 2364 997">
    <p class='ocr_par' dir='ltr' id='par_1_8' title="bbox 809 937 2364 997">
     <span class='ocr_line' id='line_1_8' title="bbox 809 937 2364 997; baseline -0.001 -4"><span class='ocrx_word' id='word_1_56' title='bbox 809 951 988 997; x_wconf 82' lang='lat' dir='ltr'><strong>autem</strong></span> <span class='ocrx_word' id='word_1_57' title='bbox 1025 941 1384 997; x_wconf 81' lang='lat' dir='ltr'><strong>exercendam</strong></span> <span class='ocrx_word' id='word_1_58' title='bbox 1434 941 1694 994; x_wconf 75' lang='lat' dir='ltr'><strong>virtutem</strong></span> <span class='ocrx_word' id='word_1_59' title='bbox 1742 938 2055 992; x_wconf 88' lang='lat' dir='ltr'><strong>hominibus</strong></span> <span class='ocrx_word' id='word_1_60' title='bbox 2111 937 2364 992; x_wconf 85' lang='lat' dir='ltr'><strong>suﬂicere</strong></span> 
     </span>
    </p>
   </div>
   <div class='ocr_carea' id='block_1_9' title="bbox 812 1026 2368 1097">
    <p class='ocr_par' dir='ltr' id='par_1_9' title="bbox 812 1026 2368 1097">
     <span class='ocr_line' id='line_1_9' title="bbox 812 1026 2368 1097; baseline 0 -17"><span class='ocrx_word' id='word_1_61' title='bbox 812 1042 922 1081; x_wconf 91' lang='lat' dir='ltr'><strong>non</strong></span> <span class='ocrx_word' id='word_1_62' title='bbox 948 1030 1142 1097; x_wconf 85' lang='lat' dir='ltr'><strong>potuit.</strong></span> <span class='ocrx_word' id='word_1_63' title='bbox 1172 1029 1307 1080; x_wconf 88' lang='lat' dir='ltr'><strong>Cum</strong></span> <span class='ocrx_word' id='word_1_64' title='bbox 1339 1027 1420 1081; x_wconf 89' lang='lat' dir='ltr'><strong>sic</strong></span> <span class='ocrx_word' id='word_1_65' title='bbox 1445 1026 1780 1081; x_wconf 87' lang='lat' dir='ltr'><strong>ostendisset</strong></span> <span class='ocrx_word' id='word_1_66' title='bbox 1806 1027 1978 1095; x_wconf 89' lang='lat' dir='ltr'><strong>legem</strong></span> <span class='ocrx_word' id='word_1_67' title='bbox 2027 1041 2151 1081; x_wconf 89' lang='lat' dir='ltr'><strong>esse</strong></span> <span class='ocrx_word' id='word_1_68' title='bbox 2190 1028 2368 1081; x_wconf 91' lang='lat' dir='ltr'><strong>solum</strong></span> 
     </span>
    </p>
   </div>
   <div class='ocr_carea' id='block_1_10' title="bbox 812 1114 2369 1187">
    <p class='ocr_par' dir='ltr' id='par_1_10' title="bbox 812 1114 2369 1187">
     <span class='ocr_line' id='line_1_10' title="bbox 812 1114 2369 1187; baseline -0.002 -17"><span class='ocrx_word' id='word_1_69' title='bbox 812 1120 1081 1173; x_wconf 80' lang='lat' dir='ltr'><strong>honorum</strong></span> <span class='ocrx_word' id='word_1_70' title='bbox 1114 1118 1578 1187; x_wconf 87' lang='lat' dir='ltr'><strong>honestorumque</strong></span> <span class='ocrx_word' id='word_1_71' title='bbox 1606 1116 1945 1185; x_wconf 80' lang='lat' dir='ltr'><strong>magistram,</strong></span> <span class='ocrx_word' id='word_1_72' title='bbox 1972 1114 2213 1170; x_wconf 85' lang='lat' dir='ltr'><strong>ostendit</strong></span> <span class='ocrx_word' id='word_1_73' title='bbox 2244 1130 2369 1185; x_wconf 89' lang='lat' dir='ltr'><strong>gra-</strong></span> 
     </span>
    </p>
   </div>
   <div class='ocr_carea' id='block_1_11' title="bbox 813 1210 1239 1278">
    <p class='ocr_par' dir='ltr' id='par_1_11' title="bbox 813 1210 1239 1278">
     <span class='ocr_line' id='line_1_11' title="bbox 813 1210 1239 1278; baseline 0.007 -17"><span class='ocrx_word' id='word_1_74' title='bbox 813 1210 899 1262; x_wconf 63' lang='lat' dir='ltr'><strong>tia:</strong></span> <span class='ocrx_word' id='word_1_75' title='bbox 922 1210 1239 1278; x_wconf 86' lang='lat' dir='ltr'><strong>potentiam.</strong></span> 
     </span>
    </p>
   </div>
   <div class='ocr_carea' id='block_1_12' title="bbox 883 1297 2367 1369">
    <p class='ocr_par' dir='ltr' id='par_1_12' title="bbox 883 1297 2367 1369">
     <span class='ocr_line' id='line_1_12' title="bbox 883 1297 2367 1369; baseline -0.002 -18"><span class='ocrx_word' id='word_1_76' title='bbox 883 1298 1052 1355; x_wconf 70' lang='lat' dir='ltr'><strong>Vens.</strong></span> <span class='ocrx_word' id='word_1_77' title='bbox 1098 1300 1186 1354; x_wconf 87' lang='lat'><strong>2|.</strong></span> <span class='ocrx_word' id='word_1_78' title='bbox 1220 1298 1375 1353; x_wconf 87' lang='lat' dir='ltr'><strong>Nunc</strong></span> <span class='ocrx_word' id='word_1_79' title='bbox 1403 1308 1577 1352; x_wconf 86' lang='lat' dir='ltr'><strong>autem</strong></span> <span class='ocrx_word' id='word_1_80' title='bbox 1608 1301 1718 1353; x_wconf 88' lang='lat' dir='ltr'><strong>sine</strong></span> <span class='ocrx_word' id='word_1_81' title='bbox 1752 1299 1861 1369; x_wconf 86' lang='lat' dir='ltr'><strong>lege</strong></span> <span class='ocrx_word' id='word_1_82' title='bbox 1882 1299 2098 1366; x_wconf 84' lang='lat' dir='ltr'><strong>justitia</strong></span> <span class='ocrx_word' id='word_1_83' title='bbox 2124 1297 2221 1349; x_wconf 82' lang='lat' dir='ltr'><strong>Dei</strong></span> <span class='ocrx_word' id='word_1_84' title='bbox 2253 1313 2367 1348; x_wconf 89' lang='lat' dir='ltr'><strong>ma-</strong></span> 
     </span>
    </p>
   </div>
   <div class='ocr_carea' id='block_1_13' title="bbox 812 1386 2369 1461">
    <p class='ocr_par' dir='ltr' id='par_1_13' title="bbox 812 1386 2369 1461">
     <span class='ocr_line' id='line_1_13' title="bbox 812 1386 2369 1461; baseline -0.003 -16"><span class='ocrx_word' id='word_1_85' title='bbox 812 1392 1067 1460; x_wconf 78' lang='lat' dir='ltr'><strong>nifestata</strong></span> <span class='ocrx_word' id='word_1_86' title='bbox 1115 1402 1228 1454; x_wconf 88' lang='lat' dir='ltr'><strong>est,</strong></span> <span class='ocrx_word' id='word_1_87' title='bbox 1284 1392 1621 1459; x_wconf 78' lang='lat' dir='ltr'><strong>testiﬁcataa</strong></span> <span class='ocrx_word' id='word_1_88' title='bbox 1668 1392 1776 1461; x_wconf 78' lang='lat' dir='ltr'><strong>lege</strong></span> <span class='ocrx_word' id='word_1_89' title='bbox 1814 1400 1862 1443; x_wconf 88' lang='lat' dir='ltr'><strong>et</strong></span> <span class='ocrx_word' id='word_1_90' title='bbox 1900 1389 2184 1457; x_wconf 74' lang='lat' dir='ltr'><strong>prophetis.</strong></span> <span class='ocrx_word' id='word_1_91' title='bbox 2234 1386 2369 1452; x_wconf 88' lang='lat' dir='ltr'><strong>Quis</strong></span> 
     </span>
    </p>
   </div>
   <div class='ocr_carea' id='block_1_14' title="bbox 813 1478 2372 1551">
    <p class='ocr_par' dir='ltr' id='par_1_14' title="bbox 813 1478 2372 1551">
     <span class='ocr_line' id='line_1_14' title="bbox 813 1478 2372 1551; baseline -0.001 -19"><span class='ocrx_word' id='word_1_92' title='bbox 813 1483 1127 1551; x_wconf 65' lang='lat' dir='ltr'><strong>apostolicae</strong></span> <span class='ocrx_word' id='word_1_93' title='bbox 1178 1482 1464 1549; x_wconf 61' lang='lat' dir='ltr'><strong>sapientiae</strong></span> <span class='ocrx_word' id='word_1_94' title='bbox 1490 1482 1788 1550; x_wconf 85' lang='lat' dir='ltr'><strong>potentiam</strong></span> <span class='ocrx_word' id='word_1_95' title='bbox 1817 1481 1950 1534; x_wconf 84' lang='lat' dir='ltr'><strong>satis</strong></span> <span class='ocrx_word' id='word_1_96' title='bbox 1980 1494 2078 1548; x_wconf 91' lang='lat' dir='ltr'><strong>pro</strong></span> <span class='ocrx_word' id='word_1_97' title='bbox 2105 1478 2372 1547; x_wconf 79' lang='lat' dir='ltr'><strong>dignitate</strong></span> 
     </span>
    </p>
   </div>
   <div class='ocr_carea' id='block_1_15' title="bbox 814 1568 2368 1637">
    <p class='ocr_par' dir='ltr' id='par_1_15' title="bbox 814 1568 2368 1637">
     <span class='ocr_line' id='line_1_15' title="bbox 814 1568 2368 1637; baseline -0.001 -15"><span class='ocrx_word' id='word_1_98' title='bbox 814 1570 1113 1623; x_wconf 86' lang='lat' dir='ltr'><strong>admiretur</strong></span> <span class='ocrx_word' id='word_1_99' title='bbox 1140 1569 1163 1621; x_wconf 87' lang='lat'><strong>?</strong></span> <span class='ocrx_word' id='word_1_100' title='bbox 1188 1568 1357 1623; x_wconf 88' lang='lat' dir='ltr'><strong>Simul</strong></span> <span class='ocrx_word' id='word_1_101' title='bbox 1386 1570 1528 1624; x_wconf 90' lang='lat' dir='ltr'><strong>enim</strong></span> <span class='ocrx_word' id='word_1_102' title='bbox 1554 1569 1793 1623; x_wconf 89' lang='lat' dir='ltr'><strong>ostendit</strong></span> <span class='ocrx_word' id='word_1_103' title='bbox 1820 1575 1875 1621; x_wconf 91' lang='lat' dir='ltr'><strong>et</strong></span> <span class='ocrx_word' id='word_1_104' title='bbox 1906 1568 2078 1637; x_wconf 86' lang='lat' dir='ltr'><strong>legem</strong></span> <span class='ocrx_word' id='word_1_105' title='bbox 2098 1581 2368 1630; x_wconf 88' lang='lat' dir='ltr'><strong>cessasse,</strong></span> 
     </span>
    </p>
   </div>
   <div class='ocr_carea' id='block_1_16' title="bbox 814 1658 2371 1732">
    <p class='ocr_par' dir='ltr' id='par_1_16' title="bbox 814 1658 2371 1732">
     <span class='ocr_line' id='line_1_16' title="bbox 814 1658 2371 1732; baseline -0.004 -17"><span class='ocrx_word' id='word_1_106' title='bbox 814 1671 867 1715; x_wconf 90' lang='lat' dir='ltr'><strong>et</strong></span> <span class='ocrx_word' id='word_1_107' title='bbox 892 1676 1010 1715; x_wconf 88' lang='lat' dir='ltr'><strong>eam</strong></span> <span class='ocrx_word' id='word_1_108' title='bbox 1047 1664 1233 1731; x_wconf 70' lang='lat' dir='ltr'><strong>gratia:</strong></span> <span class='ocrx_word' id='word_1_109' title='bbox 1263 1662 1618 1731; x_wconf 89' lang='lat' dir='ltr'><strong>patrocinari.</strong></span> <span class='ocrx_word' id='word_1_110' title='bbox 1642 1660 1751 1732; x_wconf 69' lang='grc'><strong>43</strong></span> <span class='ocrx_word' id='word_1_111' title='bbox 1801 1662 1937 1729; x_wconf 84' lang='lat' dir='ltr'><strong>Apte</strong></span> <span class='ocrx_word' id='word_1_112' title='bbox 1971 1667 2152 1713; x_wconf 88' lang='lat' dir='ltr'><strong>autem</strong></span> <span class='ocrx_word' id='word_1_113' title='bbox 2188 1658 2371 1727; x_wconf 86' lang='lat' dir='ltr'><strong>posuit</strong></span> 
     </span>
    </p>
   </div>
   <div class='ocr_carea' id='block_1_17' title="bbox 815 1749 2369 1824">
    <p class='ocr_par' dir='ltr' id='par_1_17' title="bbox 815 1749 2369 1824">
     <span class='ocr_line' id='line_1_17' title="bbox 815 1749 2369 1824; baseline -0.002 -17"><span class='ocrx_word' id='word_1_114' title='bbox 815 1757 1155 1824; x_wconf 76' lang='lat' dir='ltr'><strong>manifestata</strong></span> <span class='ocrx_word' id='word_1_115' title='bbox 1189 1766 1287 1809; x_wconf 84' lang='lat' dir='ltr'><strong>est.</strong></span> <span class='ocrx_word' id='word_1_116' title='bbox 1328 1755 1484 1821; x_wconf 84' lang='lat' dir='ltr'><strong>Quod</strong></span> <span class='ocrx_word' id='word_1_117' title='bbox 1538 1755 1683 1808; x_wconf 87' lang='lat' dir='ltr'><strong>enim</strong></span> <span class='ocrx_word' id='word_1_118' title='bbox 1723 1764 1840 1807; x_wconf 91' lang='lat' dir='ltr'><strong>erat</strong></span> <span class='ocrx_word' id='word_1_119' title='bbox 1887 1752 2218 1806; x_wconf 86' lang='lat' dir='ltr'><strong>occultatum</strong></span> <span class='ocrx_word' id='word_1_120' title='bbox 2252 1749 2369 1804; x_wconf 85' lang='lat' dir='ltr'><strong>dis-</strong></span> 
     </span>
    </p>
   </div>
   <div class='ocr_carea' id='block_1_18' title="bbox 2468 576 4043 648">
    <p class='ocr_par' dir='ltr' id='par_1_18' title="bbox 2468 576 4043 648">
     <span class='ocr_line' id='line_1_18' title="bbox 2468 576 4043 648; baseline 0.003 -20"><span class='ocrx_word' id='word_1_121' title='bbox 2468 576 2563 628; x_wconf 74' lang='grc' dir='ltr'><strong>τοῦ</strong></span> <span class='ocrx_word' id='word_1_122' title='bbox 2616 576 2778 644; x_wconf 86' lang='grc' dir='ltr'>νόμου</span> <span class='ocrx_word' id='word_1_123' title='bbox 2823 578 3174 647; x_wconf 79' lang='grc' dir='ltr'><strong>κατηγορεῖν,</strong></span> <span class='ocrx_word' id='word_1_124' title='bbox 3217 578 3500 646; x_wconf 77' lang='grc' dir='ltr'>ἐπήγαγε·</span> <span class='ocrx_word' id='word_1_125' title='bbox 3558 577 3659 631; x_wconf 87' lang='grc' dir='ltr'><strong>Διά</strong></span> <span class='ocrx_word' id='word_1_126' title='bbox 3700 579 3808 647; x_wconf 73' lang='grc' dir='ltr'>γὰρ</span> <span class='ocrx_word' id='word_1_127' title='bbox 3852 583 4043 648; x_wconf 52' lang='grc' dir='ltr'>νινου</span> 
     </span>
    </p>
   </div>
   <div class='ocr_carea' id='block_1_19' title="bbox 2470 666 4041 738">
    <p class='ocr_par' dir='ltr' id='par_1_19' title="bbox 2470 666 4041 738">
     <span class='ocr_line' id='line_1_19' title="bbox 2470 666 4041 738; baseline -0.001 -17"><span class='ocrx_word' id='word_1_128' title='bbox 2470 668 2793 735; x_wconf 78' lang='grc' dir='ltr'><strong>ἐπίγνωσις</strong></span> <span class='ocrx_word' id='word_1_129' title='bbox 2829 667 3135 734; x_wconf 83' lang='grc' dir='ltr'>ἁμαρτίας.</span> <span class='ocrx_word' id='word_1_130' title='bbox 3179 666 3619 737; x_wconf 79' lang='grc' dir='ltr'>Ἀκρισεστὲραν,</span> <span class='ocrx_word' id='word_1_131' title='bbox 3665 671 3847 738; x_wconf 66' lang='grc' dir='ltr'>φησιν,</span> <span class='ocrx_word' id='word_1_132' title='bbox 3884 673 3911 721; x_wconf 86' lang='grc' dir='ltr'>ὁ</span> <span class='ocrx_word' id='word_1_133' title='bbox 3950 671 4041 720; x_wconf 72' lang='grc' dir='ltr'><strong>νό-</strong></span> 
     </span>
    </p>
   </div>
   <div class='ocr_carea' id='block_1_20' title="bbox 2473 755 4040 827">
    <p class='ocr_par' dir='ltr' id='par_1_20' title="bbox 2473 755 4040 827">
     <span class='ocr_line' id='line_1_20' title="bbox 2473 755 4040 827; baseline 0.002 -19"><span class='ocrx_word' id='word_1_134' title='bbox 2473 774 2571 826; x_wconf 88' lang='grc' dir='ltr'><strong>μος</strong></span> <span class='ocrx_word' id='word_1_135' title='bbox 2608 759 2720 819; x_wconf 86' lang='grc' dir='ltr'>τοῖς</span> <span class='ocrx_word' id='word_1_136' title='bbox 2770 755 3074 826; x_wconf 84' lang='grc' dir='ltr'>ἀνθρώποις</span> <span class='ocrx_word' id='word_1_137' title='bbox 3112 758 3404 825; x_wconf 76' lang='grc' dir='ltr'><strong>ἐπίγνωσιν</strong></span> <span class='ocrx_word' id='word_1_138' title='bbox 3435 758 3532 827; x_wconf 82' lang='grc' dir='ltr'>τῆς</span> <span class='ocrx_word' id='word_1_139' title='bbox 3575 759 3844 827; x_wconf 81' lang='grc' dir='ltr'>ἁμαρτίας</span> <span class='ocrx_word' id='word_1_140' title='bbox 3886 760 4040 813; x_wconf 82' lang='grc' dir='ltr'><strong>ὲντέ-</strong></span> 
     </span>
    </p>
   </div>
   <div class='ocr_carea' id='block_1_21' title="bbox 2472 848 4043 920">
    <p class='ocr_par' dir='ltr' id='par_1_21' title="bbox 2472 848 4043 920">
     <span class='ocr_line' id='line_1_21' title="bbox 2472 848 4043 920; baseline 0.002 -20"><span class='ocrx_word' id='word_1_141' title='bbox 2472 848 2641 913; x_wconf 87' lang='grc' dir='ltr'>θεικε,</span> <span class='ocrx_word' id='word_1_142' title='bbox 2683 849 3043 919; x_wconf 75' lang='grc' dir='ltr'><strong>σφοδροτέραν</strong></span> <span class='ocrx_word' id='word_1_143' title='bbox 3074 849 3169 919; x_wconf 75' lang='grc' dir='ltr'>τὴν</span> <span class='ocrx_word' id='word_1_144' title='bbox 3199 851 3320 902; x_wconf 86' lang='grc' dir='ltr'>κατ’</span> <span class='ocrx_word' id='word_1_145' title='bbox 3354 850 3523 918; x_wconf 78' lang='grc' dir='ltr'>αὐτῆς</span> <span class='ocrx_word' id='word_1_146' title='bbox 3559 852 3894 920; x_wconf 72' lang='grc' dir='ltr'><strong>κατηγορίαν</strong></span> <span class='ocrx_word' id='word_1_147' title='bbox 3939 868 4043 903; x_wconf 86' lang='grc' dir='ltr'>πε-</span> 
     </span>
    </p>
   </div>
   <div class='ocr_carea' id='block_1_22' title="bbox 2472 938 4040 1009">
    <p class='ocr_par' dir='ltr' id='par_1_22' title="bbox 2472 938 4040 1009">
     <span class='ocr_line' id='line_1_22' title="bbox 2472 938 4040 1009; baseline 0.003 -20"><span class='ocrx_word' id='word_1_148' title='bbox 2472 938 2665 1008; x_wconf 82' lang='grc' dir='ltr'>ποίηκε</span> <span class='ocrx_word' id='word_1_149' title='bbox 2684 954 2700 969; x_wconf 67' lang='grc' dir='ltr'><strong>θ</strong></span> <span class='ocrx_word' id='word_1_150' title='bbox 2729 940 2807 1001; x_wconf 88' lang='grc' dir='ltr'><strong>είς</strong></span> <span class='ocrx_word' id='word_1_151' title='bbox 2832 938 2889 990; x_wconf 87' lang='grc' dir='ltr'>δὲ</span> <span class='ocrx_word' id='word_1_152' title='bbox 2910 938 3009 1007; x_wconf 82' lang='grc' dir='ltr'>τῆς</span> <span class='ocrx_word' id='word_1_153' title='bbox 3034 939 3233 1009; x_wconf 80' lang='grc' dir='ltr'>ἀρετῆς</span> <span class='ocrx_word' id='word_1_154' title='bbox 3258 938 3354 1009; x_wconf 81' lang='grc' dir='ltr'>τὴν</span> <span class='ocrx_word' id='word_1_155' title='bbox 3372 938 3707 1009; x_wconf 80' lang='grc' dir='ltr'>κατόρθωσιν</span> <span class='ocrx_word' id='word_1_156' title='bbox 3736 942 4040 1009; x_wconf 70' lang='grc' dir='ltr'><strong>ἐπαρκέσαι</strong></span> 
     </span>
    </p>
   </div>
   <div class='ocr_carea' id='block_1_23' title="bbox 2471 1026 4040 1100">
    <p class='ocr_par' dir='ltr' id='par_1_23' title="bbox 2471 1026 4040 1100">
     <span class='ocr_line' id='line_1_23' title="bbox 2471 1026 4040 1100; baseline 0.001 -19"><span class='ocrx_word' id='word_1_157' title='bbox 2471 1030 2585 1090; x_wconf 83' lang='grc' dir='ltr'>τοῖς</span> <span class='ocrx_word' id='word_1_158' title='bbox 2614 1026 2917 1096; x_wconf 84' lang='grc' dir='ltr'>ἀνθρώποις</span> <span class='ocrx_word' id='word_1_159' title='bbox 2945 1028 3044 1081; x_wconf 81' lang='grc' dir='ltr'>οὐκ</span> <span class='ocrx_word' id='word_1_160' title='bbox 3075 1029 3308 1097; x_wconf 73' lang='grc' dir='ltr'>ἴσχυσεν.</span> <span class='ocrx_word' id='word_1_161' title='bbox 3359 1027 3512 1081; x_wconf 76' lang='grc' dir='ltr'>Οὕτω</span> <span class='ocrx_word' id='word_1_162' title='bbox 3538 1028 3717 1094; x_wconf 80' lang='grc' dir='ltr'>δείξας</span> <span class='ocrx_word' id='word_1_163' title='bbox 3752 1030 3842 1083; x_wconf 83' lang='grc' dir='ltr'>τὸν</span> <span class='ocrx_word' id='word_1_164' title='bbox 3875 1031 4040 1100; x_wconf 85' lang='grc' dir='ltr'>νόμον</span> 
     </span>
    </p>
   </div>
   <div class='ocr_carea' id='block_1_24' title="bbox 2475 1117 4042 1192">
    <p class='ocr_par' dir='ltr' id='par_1_24' title="bbox 2475 1117 4042 1192">
     <span class='ocr_line' id='line_1_24' title="bbox 2475 1117 4042 1192; baseline 0.001 -21"><span class='ocrx_word' id='word_1_165' title='bbox 2475 1119 2633 1189; x_wconf 88' lang='grc' dir='ltr'>μόνον</span> <span class='ocrx_word' id='word_1_166' title='bbox 2661 1117 2976 1172; x_wconf 86' lang='grc' dir='ltr'>διδάσκαλον</span> <span class='ocrx_word' id='word_1_167' title='bbox 3006 1118 3112 1172; x_wconf 88' lang='grc' dir='ltr'><strong>τῶν</strong></span> <span class='ocrx_word' id='word_1_168' title='bbox 3141 1118 3340 1185; x_wconf 83' lang='grc' dir='ltr'>καλῶν,</span> <span class='ocrx_word' id='word_1_169' title='bbox 3387 1118 3726 1172; x_wconf 84' lang='grc' dir='ltr'><strong>ὑποδείκνυσι</strong></span> <span class='ocrx_word' id='word_1_170' title='bbox 3756 1121 3853 1190; x_wconf 81' lang='grc' dir='ltr'>τῆς</span> <span class='ocrx_word' id='word_1_171' title='bbox 3880 1121 4042 1192; x_wconf 80' lang='grc' dir='ltr'>χάρι-</span> 
     </span>
    </p>
   </div>
   <div class='ocr_carea' id='block_1_25' title="bbox 2471 1206 2888 1277">
    <p class='ocr_par' dir='ltr' id='par_1_25' title="bbox 2471 1206 2888 1277">
     <span class='ocr_line' id='line_1_25' title="bbox 2471 1206 2888 1277; baseline 0.002 -18"><span class='ocrx_word' id='word_1_172' title='bbox 2471 1224 2560 1270; x_wconf 90' lang='grc' dir='ltr'><strong>τος</strong></span> <span class='ocrx_word' id='word_1_173' title='bbox 2588 1206 2686 1275; x_wconf 74' lang='grc' dir='ltr'>τὴν</span> <span class='ocrx_word' id='word_1_174' title='bbox 2716 1207 2888 1277; x_wconf 76' lang='grc' dir='ltr'>ἰσχύν.</span> 
     </span>
    </p>
   </div>
   <div class='ocr_carea' id='block_1_26' title="bbox 2541 1295 4040 1367">
    <p class='ocr_par' dir='ltr' id='par_1_26' title="bbox 2541 1295 4040 1367">
     <span class='ocr_line' id='line_1_26' title="bbox 2541 1295 4040 1367; baseline 0.001 -17"><span class='ocrx_word' id='word_1_175' title='bbox 2541 1295 2649 1351; x_wconf 84' lang='grc' dir='ltr'>κα’.</span> <span class='ocrx_word' id='word_1_176' title='bbox 2687 1298 2836 1351; x_wconf 81' lang='grc' dir='ltr'>Νυνὶ</span> <span class='ocrx_word' id='word_1_177' title='bbox 2869 1296 2937 1349; x_wconf 84' lang='grc' dir='ltr'>δὲ</span> <span class='ocrx_word' id='word_1_178' title='bbox 2961 1298 3137 1366; x_wconf 80' lang='grc' dir='ltr'>χωρίς</span> <span class='ocrx_word' id='word_1_179' title='bbox 3156 1300 3342 1367; x_wconf 83' lang='grc' dir='ltr'>νόμου</span> <span class='ocrx_word' id='word_1_180' title='bbox 3373 1298 3725 1366; x_wconf 77' lang='grc' dir='ltr'>δικαιοσύνη</span> <span class='ocrx_word' id='word_1_181' title='bbox 3761 1298 3907 1351; x_wconf 85' lang='grc' dir='ltr'><strong>Θεοῦ</strong></span> <span class='ocrx_word' id='word_1_182' title='bbox 3933 1314 4040 1353; x_wconf 86' lang='grc' dir='ltr'>πε-</span> 
     </span>
    </p>
   </div>
   <div class='ocr_carea' id='block_1_27' title="bbox 2470 1386 4035 1458">
    <p class='ocr_par' dir='ltr' id='par_1_27' title="bbox 2470 1386 4035 1458">
     <span class='ocr_line' id='line_1_27' title="bbox 2470 1386 4035 1458; baseline 0.002 -18"><span class='ocrx_word' id='word_1_183' title='bbox 2470 1386 2821 1456; x_wconf 74' lang='grc' dir='ltr'>φανέρωται,</span> <span class='ocrx_word' id='word_1_184' title='bbox 2870 1388 3325 1457; x_wconf 81' lang='grc' dir='ltr'><strong>μαρτυρουμένη</strong></span> <span class='ocrx_word' id='word_1_185' title='bbox 3377 1390 3496 1444; x_wconf 80' lang='grc' dir='ltr'><strong>ὑπὸ</strong></span> <span class='ocrx_word' id='word_1_186' title='bbox 3544 1390 3648 1443; x_wconf 89' lang='grc' dir='ltr'>τοῦ</span> <span class='ocrx_word' id='word_1_187' title='bbox 3700 1392 3885 1458; x_wconf 81' lang='grc' dir='ltr'>νόμου</span> <span class='ocrx_word' id='word_1_188' title='bbox 3933 1392 4035 1443; x_wconf 81' lang='grc' dir='ltr'><strong>καί</strong></span> 
     </span>
    </p>
   </div>
   <div class='ocr_carea' id='block_1_28' title="bbox 2470 1477 4038 1550">
    <p class='ocr_par' dir='ltr' id='par_1_28' title="bbox 2470 1477 4038 1550">
     <span class='ocr_line' id='line_1_28' title="bbox 2470 1477 4038 1550; baseline -0.001 -16"><span class='ocrx_word' id='word_1_189' title='bbox 2470 1479 2589 1534; x_wconf 83' lang='grc' dir='ltr'>τῶν</span> <span class='ocrx_word' id='word_1_190' title='bbox 2616 1477 2951 1547; x_wconf 58' lang='grc' dir='ltr'>προφητῶν.</span> <span class='ocrx_word' id='word_1_191' title='bbox 2993 1478 3086 1541; x_wconf 90' lang='grc' dir='ltr'>Τίς</span> <span class='ocrx_word' id='word_1_192' title='bbox 3114 1480 3179 1532; x_wconf 82' lang='grc' dir='ltr'>ἂν</span> <span class='ocrx_word' id='word_1_193' title='bbox 3208 1479 3371 1545; x_wconf 81' lang='grc' dir='ltr'>ἀξίως</span> <span class='ocrx_word' id='word_1_194' title='bbox 3392 1481 3660 1550; x_wconf 81' lang='grc' dir='ltr'>θαυμάσοι</span> <span class='ocrx_word' id='word_1_195' title='bbox 3686 1482 3783 1550; x_wconf 75' lang='grc' dir='ltr'><strong>τῆς</strong></span> <span class='ocrx_word' id='word_1_196' title='bbox 3806 1482 4038 1533; x_wconf 82' lang='grc' dir='ltr'>ἀποστο-</span> 
     </span>
    </p>
   </div>
   <div class='ocr_carea' id='block_1_29' title="bbox 2471 1570 4037 1642">
    <p class='ocr_par' dir='ltr' id='par_1_29' title="bbox 2471 1570 4037 1642">
     <span class='ocr_line' id='line_1_29' title="bbox 2471 1570 4037 1642; baseline 0 -20"><span class='ocrx_word' id='word_1_197' title='bbox 2471 1570 2629 1641; x_wconf 78' lang='grc' dir='ltr'>λικῆς</span> <span class='ocrx_word' id='word_1_198' title='bbox 2657 1570 2845 1638; x_wconf 73' lang='grc' dir='ltr'>σοφίας</span> <span class='ocrx_word' id='word_1_199' title='bbox 2870 1570 2969 1640; x_wconf 84' lang='grc' dir='ltr'>τὴν</span> <span class='ocrx_word' id='word_1_200' title='bbox 3000 1570 3260 1641; x_wconf 85' lang='grc' dir='ltr'>δύναμιν;</span> <span class='ocrx_word' id='word_1_201' title='bbox 3306 1571 3508 1634; x_wconf 85' lang='grc' dir='ltr'>Ἔδειξε</span> <span class='ocrx_word' id='word_1_202' title='bbox 3541 1571 3647 1642; x_wconf 82' lang='grc' dir='ltr'><strong>γὰρ</strong></span> <span class='ocrx_word' id='word_1_203' title='bbox 3676 1574 3813 1625; x_wconf 74' lang='grc' dir='ltr'>κατὰ</span> <span class='ocrx_word' id='word_1_204' title='bbox 3842 1572 4037 1624; x_wconf 75' lang='grc' dir='ltr'>ταυτὸν</span> 
     </span>
    </p>
   </div>
   <div class='ocr_carea' id='block_1_30' title="bbox 2471 1660 4036 1732">
    <p class='ocr_par' dir='ltr' id='par_1_30' title="bbox 2471 1660 4036 1732">
     <span class='ocr_line' id='line_1_30' title="bbox 2471 1660 4036 1732; baseline -0.001 -19"><span class='ocrx_word' id='word_1_205' title='bbox 2471 1662 2567 1713; x_wconf 75' lang='grc' dir='ltr'>καὶ</span> <span class='ocrx_word' id='word_1_206' title='bbox 2619 1660 2963 1730; x_wconf 79' lang='grc' dir='ltr'>πεπαυμένον</span> <span class='ocrx_word' id='word_1_207' title='bbox 3012 1662 3100 1714; x_wconf 82' lang='grc' dir='ltr'>τὸν</span> <span class='ocrx_word' id='word_1_208' title='bbox 3144 1663 3326 1732; x_wconf 85' lang='grc' dir='ltr'>νόμον,</span> <span class='ocrx_word' id='word_1_209' title='bbox 3380 1663 3472 1714; x_wconf 74' lang='grc' dir='ltr'><strong>καὶ</strong></span> <span class='ocrx_word' id='word_1_210' title='bbox 3521 1660 3920 1731; x_wconf 75' lang='grc' dir='ltr'>συνηγοροῦντα</span> <span class='ocrx_word' id='word_1_211' title='bbox 3964 1664 4036 1729; x_wconf 80' lang='grc' dir='ltr'>τῇ</span> 
     </span>
    </p>
   </div>
   <div class='ocr_carea' id='block_1_31' title="bbox 2471 1751 4036 1823">
    <p class='ocr_par' dir='ltr' id='par_1_31' title="bbox 2471 1751 4036 1823">
     <span class='ocr_line' id='line_1_31' title="bbox 2471 1751 4036 1823; baseline -0.001 -18"><span class='ocrx_word' id='word_1_212' title='bbox 2471 1752 2672 1823; x_wconf 75' lang='grc' dir='ltr'>χάριτι.</span> <span class='ocrx_word' id='word_1_213' title='bbox 2710 1752 3003 1823; x_wconf 83' lang='grc' dir='ltr'>Ἀρμοδίως</span> <span class='ocrx_word' id='word_1_214' title='bbox 3027 1753 3082 1805; x_wconf 80' lang='grc' dir='ltr'>δὲ</span> <span class='ocrx_word' id='word_1_215' title='bbox 3114 1754 3207 1805; x_wconf 73' lang='grc' dir='ltr'>καὶ</span> <span class='ocrx_word' id='word_1_216' title='bbox 3239 1753 3320 1815; x_wconf 85' lang='grc' dir='ltr'>τὸ,</span> <span class='ocrx_word' id='word_1_217' title='bbox 3350 1752 3773 1821; x_wconf 65' lang='grc' dir='ltr'>πεφανέρωται.</span> <span class='ocrx_word' id='word_1_218' title='bbox 3804 1751 4036 1803; x_wconf 79' lang='grc' dir='ltr'><strong>τέθεικε.</strong></span> 
     </span>
    </p>
   </div>
   <div class='ocr_carea' id='block_1_32' title="bbox 815 1839 2471 1916">
    <p class='ocr_par' dir='ltr' id='par_1_32' title="bbox 815 1839 2443 1916">
     <span class='ocr_line' id='line_1_32' title="bbox 815 1839 2443 1916; baseline -0.004 -17"><span class='ocrx_word' id='word_1_219' title='bbox 815 1847 1152 1915; x_wconf 77' lang='lat' dir='ltr'><strong>pensationis</strong></span> <span class='ocrx_word' id='word_1_220' title='bbox 1181 1846 1526 1916; x_wconf 88' lang='lat' dir='ltr'><strong>mysterium,</strong></span> <span class='ocrx_word' id='word_1_221' title='bbox 1555 1845 1810 1898; x_wconf 86' lang='lat' dir='ltr'><strong>omnibus</strong></span> <span class='ocrx_word' id='word_1_222' title='bbox 1842 1841 2195 1895; x_wconf 79' lang='lat' dir='ltr'><strong>manifestum</strong></span> <span class='ocrx_word' id='word_1_223' title='bbox 2242 1839 2364 1893; x_wconf 89' lang='lat' dir='ltr'><strong>red-</strong></span> <span class='ocrx_word' id='word_1_224' title='bbox 2400 1846 2443 1904; x_wconf 81' lang='grc' dir='ltr'><strong>Β</strong></span> 
     </span>
    </p>
   </div>
   <div class='ocr_carea' id='block_1_33' title="bbox 2381 1839 4037 1916">
    <p class='ocr_par' dir='ltr' id='par_1_33' title="bbox 2400 1840 4037 1911">
     <span class='ocr_line' id='line_1_33' title="bbox 2400 1840 4037 1911; baseline -0.002 -18"><span class='ocrx_word' id='word_1_225' title='bbox 2400 1846 2443 1904; x_wconf 82' lang='grc' dir='ltr'><strong>Β</strong></span> <span class='ocrx_word' id='word_1_226' title='bbox 2471 1840 2544 1893; x_wconf 77' lang='grc' dir='ltr'><strong>Τὸ</strong></span> <span class='ocrx_word' id='word_1_227' title='bbox 2570 1840 2677 1911; x_wconf 82' lang='grc' dir='ltr'><strong>γὰρ</strong></span> <span class='ocrx_word' id='word_1_228' title='bbox 2702 1842 3079 1911; x_wconf 78' lang='grc' dir='ltr'><strong>κεκρυμμένον</strong></span> <span class='ocrx_word' id='word_1_229' title='bbox 3104 1843 3199 1909; x_wconf 74' lang='grc' dir='ltr'>τῆς</span> <span class='ocrx_word' id='word_1_230' title='bbox 3224 1842 3531 1910; x_wconf 80' lang='grc' dir='ltr'>οἰκονομίας</span> <span class='ocrx_word' id='word_1_231' title='bbox 3561 1843 3853 1911; x_wconf 82' lang='grc' dir='ltr'>μυστήριον</span> <span class='ocrx_word' id='word_1_232' title='bbox 3875 1840 4037 1909; x_wconf 73' lang='grc' dir='ltr'>δῆλον</span> 
     </span>
    </p>
   </div>
   <div class='ocr_carea' id='block_1_34' title="bbox 815 1930 2370 2003">
    <p class='ocr_par' dir='ltr' id='par_1_34' title="bbox 815 1930 2370 2003">
     <span class='ocr_line' id='line_1_34' title="bbox 815 1930 2370 2003; baseline -0.001 -20"><span class='ocrx_word' id='word_1_233' title='bbox 815 1932 972 1986; x_wconf 83' lang='lat' dir='ltr'><strong>didit.</strong></span> <span class='ocrx_word' id='word_1_234' title='bbox 1024 1931 1079 1985; x_wconf 89' lang='lat' dir='ltr'><strong>lu</strong></span> <span class='ocrx_word' id='word_1_235' title='bbox 1111 1935 1301 2003; x_wconf 68' lang='lat' dir='ltr'><strong>gratiae</strong></span> <span class='ocrx_word' id='word_1_236' title='bbox 1335 1943 1517 1987; x_wconf 90' lang='lat' dir='ltr'><strong>autem</strong></span> <span class='ocrx_word' id='word_1_237' title='bbox 1556 1940 1610 1986; x_wconf 90' lang='lat' dir='ltr'><strong>et</strong></span> <span class='ocrx_word' id='word_1_238' title='bbox 1637 1932 1771 2002; x_wconf 81' lang='lat' dir='ltr'><strong>legis</strong></span> <span class='ocrx_word' id='word_1_239' title='bbox 1810 1931 2104 1985; x_wconf 88' lang='lat' dir='ltr'><strong>collatione</strong></span> <span class='ocrx_word' id='word_1_240' title='bbox 2129 1930 2370 1984; x_wconf 63' lang='lat' dir='ltr'><strong>victoria:</strong></span> 
     </span>
    </p>
   </div>
   <div class='ocr_carea' id='block_1_35' title="bbox 814 2022 2371 2093">
    <p class='ocr_par' dir='ltr' id='par_1_35' title="bbox 814 2022 2371 2093">
     <span class='ocr_line' id='line_1_35' title="bbox 814 2022 2371 2093; baseline 0 -18"><span class='ocrx_word' id='word_1_241' title='bbox 814 2023 1189 2077; x_wconf 75' lang='lat' dir='ltr'><strong>excellentiam</strong></span> <span class='ocrx_word' id='word_1_242' title='bbox 1212 2023 1471 2090; x_wconf 90' lang='lat' dir='ltr'><strong>ostendit,</strong></span> <span class='ocrx_word' id='word_1_243' title='bbox 1501 2022 1886 2079; x_wconf 85' lang='lat' dir='ltr'><strong>demonstrans</strong></span> <span class='ocrx_word' id='word_1_244' title='bbox 1912 2023 2083 2093; x_wconf 84' lang='lat' dir='ltr'><strong>legem</strong></span> <span class='ocrx_word' id='word_1_245' title='bbox 2117 2022 2289 2092; x_wconf 86' lang='lat' dir='ltr'><strong>ipsam</strong></span> <span class='ocrx_word' id='word_1_246' title='bbox 2318 2029 2371 2075; x_wconf 88' lang='lat' dir='ltr'><strong>et</strong></span> 
     </span>
    </p>
   </div>
   <div class='ocr_carea' id='block_1_36' title="bbox 818 2112 1685 2183">
    <p class='ocr_par' dir='ltr' id='par_1_36' title="bbox 818 2112 1685 2183">
     <span class='ocr_line' id='line_1_36' title="bbox 818 2112 1685 2183; baseline 0.003 -20"><span class='ocrx_word' id='word_1_247' title='bbox 818 2112 1112 2182; x_wconf 82' lang='lat' dir='ltr'><strong>prephetas</strong></span> <span class='ocrx_word' id='word_1_248' title='bbox 1137 2119 1304 2168; x_wconf 86' lang='lat' dir='ltr'><strong>testes</strong></span> <span class='ocrx_word' id='word_1_249' title='bbox 1334 2127 1454 2169; x_wconf 87' lang='lat' dir='ltr'><strong>esse</strong></span> <span class='ocrx_word' id='word_1_250' title='bbox 1480 2114 1685 2183; x_wconf 66' lang='lat' dir='ltr'><strong>gratiae.</strong></span> 
     </span>
    </p>
   </div>
   <div class='ocr_carea' id='block_1_37' title="bbox 884 2285 2373 2358">
    <p class='ocr_par' dir='ltr' id='par_1_37' title="bbox 884 2285 2373 2358">
     <span class='ocr_line' id='line_1_37' title="bbox 884 2285 2373 2358; baseline -0.004 -14"><span class='ocrx_word' id='word_1_251' title='bbox 884 2289 1050 2344; x_wconf 69' lang='lat' dir='ltr'><strong>Vens.</strong></span> <span class='ocrx_word' id='word_1_252' title='bbox 1106 2290 1194 2344; x_wconf 88' lang='lat'><strong>22.</strong></span> <span class='ocrx_word' id='word_1_253' title='bbox 1257 2288 1484 2345; x_wconf 85' lang='lat' dir='ltr'><strong>Justitia</strong></span> <span class='ocrx_word' id='word_1_254' title='bbox 1542 2301 1715 2345; x_wconf 90' lang='lat' dir='ltr'><strong>autem</strong></span> <span class='ocrx_word' id='word_1_255' title='bbox 1768 2289 1867 2343; x_wconf 85' lang='lat' dir='ltr'><strong>Dei</strong></span> <span class='ocrx_word' id='word_1_256' title='bbox 1896 2306 1987 2358; x_wconf 86' lang='lat' dir='ltr'><strong>per</strong></span> <span class='ocrx_word' id='word_1_257' title='bbox 2040 2287 2196 2357; x_wconf 81' lang='lat' dir='ltr'><strong>fidem</strong></span> <span class='ocrx_word' id='word_1_258' title='bbox 2242 2285 2373 2339; x_wconf 81' lang='lat' dir='ltr'><strong>Jesu</strong></span> 
     </span>
    </p>
   </div>
   <div class='ocr_carea' id='block_1_38' title="bbox 814 2374 2369 2449">
    <p class='ocr_par' dir='ltr' id='par_1_38' title="bbox 814 2374 2369 2449">
     <span class='ocr_line' id='line_1_38' title="bbox 814 2374 2369 2449; baseline -0.004 -15"><span class='ocrx_word' id='word_1_259' title='bbox 814 2379 1013 2434; x_wconf 78' lang='lat' dir='ltr'><strong>Christi</strong></span> <span class='ocrx_word' id='word_1_260' title='bbox 1067 2380 1123 2433; x_wconf 86' lang='lat' dir='ltr'><strong>in</strong></span> <span class='ocrx_word' id='word_1_261' title='bbox 1155 2396 1329 2434; x_wconf 83' lang='lat' dir='ltr'><strong>omnes</strong></span> <span class='ocrx_word' id='word_1_262' title='bbox 1375 2390 1424 2435; x_wconf 87' lang='lat' dir='ltr'><strong>et</strong></span> <span class='ocrx_word' id='word_1_263' title='bbox 1471 2395 1628 2449; x_wconf 87' lang='lat' dir='ltr'><strong>super</strong></span> <span class='ocrx_word' id='word_1_264' title='bbox 1664 2395 1839 2433; x_wconf 86' lang='lat' dir='ltr'><strong>omnes</strong></span> <span class='ocrx_word' id='word_1_265' title='bbox 1868 2393 1953 2432; x_wconf 84' lang='lat' dir='ltr'><strong>eos</strong></span> <span class='ocrx_word' id='word_1_266' title='bbox 1995 2377 2084 2447; x_wconf 86' lang='lat' dir='ltr'><strong>qui</strong></span> <span class='ocrx_word' id='word_1_267' title='bbox 2128 2374 2369 2429; x_wconf 76' lang='lat' dir='ltr'><strong>credunt.</strong></span> 
     </span>
    </p>
   </div>
   <div class='ocr_carea' id='block_1_39' title="bbox 815 2467 2372 2542">
    <p class='ocr_par' dir='ltr' id='par_1_39' title="bbox 815 2467 2372 2542">
     <span class='ocr_line' id='line_1_39' title="bbox 815 2467 2372 2542; baseline -0.003 -16"><span class='ocrx_word' id='word_1_268' title='bbox 815 2473 1099 2542; x_wconf 74' lang='lat' dir='ltr'><strong>Repetitur</strong></span> <span class='ocrx_word' id='word_1_269' title='bbox 1120 2474 1264 2542; x_wconf 91' lang='lat' dir='ltr'><strong>quod</strong></span> <span class='ocrx_word' id='word_1_270' title='bbox 1294 2472 1501 2527; x_wconf 90' lang='lat' dir='ltr'><strong>dictum</strong></span> <span class='ocrx_word' id='word_1_271' title='bbox 1534 2472 1732 2535; x_wconf 82' lang='lat' dir='ltr'><strong>fuerat,</strong></span> <span class='ocrx_word' id='word_1_272' title='bbox 1758 2482 1817 2526; x_wconf 92' lang='lat' dir='ltr'><strong>ut</strong></span> <span class='ocrx_word' id='word_1_273' title='bbox 1852 2474 1869 2493; x_wconf 85' lang='lat'>&#39;</span> <span class='ocrx_word' id='word_1_274' title='bbox 1909 2469 2204 2539; x_wconf 87' lang='lat' dir='ltr'><strong>adjiciatur</strong></span> <span class='ocrx_word' id='word_1_275' title='bbox 2225 2467 2372 2537; x_wconf 82' lang='lat' dir='ltr'><strong>quod</strong></span> 
     </span>
    </p>
   </div>
   <div class='ocr_carea' id='block_1_40' title="bbox 815 2560 2373 2629">
    <p class='ocr_par' dir='ltr' id='par_1_40' title="bbox 815 2560 2373 2629">
     <span class='ocr_line' id='line_1_40' title="bbox 815 2560 2373 2629; baseline -0.006 -12"><span class='ocrx_word' id='word_1_276' title='bbox 815 2564 1024 2618; x_wconf 85' lang='lat' dir='ltr'><strong>deerat.</strong></span> <span class='ocrx_word' id='word_1_277' title='bbox 1051 2562 1188 2629; x_wconf 86' lang='lat' dir='ltr'><strong>Quia</strong></span> <span class='ocrx_word' id='word_1_278' title='bbox 1215 2565 1359 2619; x_wconf 90' lang='lat' dir='ltr'><strong>enim</strong></span> <span class='ocrx_word' id='word_1_279' title='bbox 1379 2563 1515 2618; x_wconf 72' lang='lat' dir='ltr'><strong>dixit</strong></span> <span class='ocrx_word' id='word_1_280' title='bbox 1544 2561 1765 2617; x_wconf 76' lang='lat' dir='ltr'><strong>Iustitia</strong></span> <span class='ocrx_word' id='word_1_281' title='bbox 1791 2560 1887 2614; x_wconf 82' lang='lat' dir='ltr'><strong>Dei</strong></span> <span class='ocrx_word' id='word_1_282' title='bbox 1906 2561 2245 2627; x_wconf 69' lang='lat' dir='ltr'><strong>manifestata</strong></span> <span class='ocrx_word' id='word_1_283' title='bbox 2272 2566 2373 2623; x_wconf 81' lang='lat' dir='ltr'><strong>est,</strong></span> 
     </span>
    </p>
   </div>
   <div class='ocr_carea' id='block_1_41' title="bbox 814 2649 2375 2724">
    <p class='ocr_par' dir='ltr' id='par_1_41' title="bbox 814 2649 2375 2724">
     <span class='ocr_line' id='line_1_41' title="bbox 814 2649 2375 2724; baseline -0.006 -15"><span class='ocrx_word' id='word_1_284' title='bbox 814 2664 869 2709; x_wconf 84' lang='lat' dir='ltr'><strong>et</strong></span> <span class='ocrx_word' id='word_1_285' title='bbox 886 2654 1079 2709; x_wconf 82' lang='lat' dir='ltr'><strong>deinde</strong></span> <span class='ocrx_word' id='word_1_286' title='bbox 1114 2656 1354 2724; x_wconf 68' lang='lat' dir='ltr'><strong>quaedam</strong></span> <span class='ocrx_word' id='word_1_287' title='bbox 1379 2654 1727 2723; x_wconf 90' lang='lat' dir='ltr'><strong>interposuit,</strong></span> <span class='ocrx_word' id='word_1_288' title='bbox 1762 2653 1865 2705; x_wconf 89' lang='lat' dir='ltr'><strong>hoc</strong></span> <span class='ocrx_word' id='word_1_289' title='bbox 1888 2652 2033 2705; x_wconf 90' lang='lat' dir='ltr'><strong>dicto</strong></span> <span class='ocrx_word' id='word_1_290' title='bbox 2067 2649 2375 2702; x_wconf 69' lang='lat' dir='ltr'><strong>necessario</strong></span> 
     </span>
    </p>
   </div>
   <div class='ocr_carea' id='block_1_42' title="bbox 816 2740 2374 2818">
    <p class='ocr_par' dir='ltr' id='par_1_42' title="bbox 816 2740 2374 2818">
     <span class='ocr_line' id='line_1_42' title="bbox 816 2740 2374 2818; baseline -0.007 -16"><span class='ocrx_word' id='word_1_291' title='bbox 816 2748 1076 2818; x_wconf 80' lang='lat' dir='ltr'><strong>repetito,</strong></span> <span class='ocrx_word' id='word_1_292' title='bbox 1117 2748 1353 2801; x_wconf 86' lang='lat' dir='ltr'><strong>ostendit</strong></span> <span class='ocrx_word' id='word_1_293' title='bbox 1386 2762 1480 2815; x_wconf 88' lang='lat' dir='ltr'><strong>per</strong></span> <span class='ocrx_word' id='word_1_294' title='bbox 1503 2746 1661 2801; x_wconf 84' lang='lat' dir='ltr'><strong>ﬁdem</strong></span> <span class='ocrx_word' id='word_1_295' title='bbox 1692 2746 1744 2798; x_wconf 92' lang='lat' dir='ltr'><strong>in</strong></span> <span class='ocrx_word' id='word_1_296' title='bbox 1788 2744 2074 2797; x_wconf 89' lang='lat' dir='ltr'><strong>Dominum</strong></span> <span class='ocrx_word' id='word_1_297' title='bbox 2094 2740 2374 2795; x_wconf 76' lang='lat' dir='ltr'><strong>Christum</strong></span> 
     </span>
    </p>
   </div>
   <div class='ocr_carea' id='block_1_43' title="bbox 816 2834 2373 2902">
    <p class='ocr_par' dir='ltr' id='par_1_43' title="bbox 816 2834 2373 2902">
     <span class='ocr_line' id='line_1_43' title="bbox 816 2834 2373 2902; baseline -0.005 -10"><span class='ocrx_word' id='word_1_298' title='bbox 816 2854 912 2893; x_wconf 83' lang='lat' dir='ltr'><strong>eos</strong></span> <span class='ocrx_word' id='word_1_299' title='bbox 946 2840 1038 2892; x_wconf 82' lang='lat' dir='ltr'><strong>illa</strong></span> <span class='ocrx_word' id='word_1_300' title='bbox 1078 2838 1208 2899; x_wconf 74' lang='lat' dir='ltr'><strong>frui,</strong></span> <span class='ocrx_word' id='word_1_301' title='bbox 1241 2838 1355 2892; x_wconf 77' lang='lat' dir='ltr'><strong>sive</strong></span> <span class='ocrx_word' id='word_1_302' title='bbox 1395 2838 1506 2892; x_wconf 88' lang='lat' dir='ltr'><strong>sint</strong></span> <span class='ocrx_word' id='word_1_303' title='bbox 1534 2835 1726 2899; x_wconf 67' lang='lat' dir='ltr'><strong>Judaei,</strong></span> <span class='ocrx_word' id='word_1_304' title='bbox 1761 2836 1876 2890; x_wconf 86' lang='lat' dir='ltr'><strong>sive</strong></span> <span class='ocrx_word' id='word_1_305' title='bbox 1902 2835 2096 2896; x_wconf 63' lang='lat' dir='ltr'><strong>Graeci,</strong></span> <span class='ocrx_word' id='word_1_306' title='bbox 2128 2834 2219 2902; x_wconf 89' lang='lat' dir='ltr'><strong>qui</strong></span> <span class='ocrx_word' id='word_1_307' title='bbox 2256 2848 2373 2887; x_wconf 81' lang='lat' dir='ltr'><strong>eam</strong></span> 
     </span>
    </p>
   </div>
   <div class='ocr_carea' id='block_1_44' title="bbox 817 2924 2375 3001">
    <p class='ocr_par' dir='ltr' id='par_1_44' title="bbox 817 2924 2375 3001">
     <span class='ocr_line' id='line_1_44' title="bbox 817 2924 2375 3001; baseline -0.004 -17"><span class='ocrx_word' id='word_1_308' title='bbox 817 2932 1035 3001; x_wconf 80' lang='lat' dir='ltr'><strong>assequi</strong></span> <span class='ocrx_word' id='word_1_309' title='bbox 1067 2931 1397 2986; x_wconf 82' lang='lat' dir='ltr'><strong>desiderant.</strong></span> <span class='ocrx_word' id='word_1_310' title='bbox 1430 2929 1566 2983; x_wconf 92' lang='lat' dir='ltr'><strong>lllud</strong></span> <span class='ocrx_word' id='word_1_311' title='bbox 1598 2928 1740 2983; x_wconf 89' lang='lat' dir='ltr'><strong>enim</strong></span> <span class='ocrx_word' id='word_1_312' title='bbox 1782 2929 1835 2980; x_wconf 86' lang='lat' dir='ltr'><strong>in</strong></span> <span class='ocrx_word' id='word_1_313' title='bbox 1875 2943 2075 2985; x_wconf 89' lang='lat' dir='ltr'><strong>onmes,</strong></span> <span class='ocrx_word' id='word_1_314' title='bbox 2113 2925 2244 2979; x_wconf 86' lang='lat' dir='ltr'><strong>dicit</strong></span> <span class='ocrx_word' id='word_1_315' title='bbox 2276 2924 2375 2979; x_wconf 75' lang='lat' dir='ltr'><strong>Ju-</strong></span> 
     </span>
    </p>
   </div>
   <div class='ocr_carea' id='block_1_45' title="bbox 819 3015 2375 3091">
    <p class='ocr_par' dir='ltr' id='par_1_45' title="bbox 819 3015 2375 3091">
     <span class='ocr_line' id='line_1_45' title="bbox 819 3015 2375 3091; baseline -0.004 -16"><span class='ocrx_word' id='word_1_316' title='bbox 819 3024 998 3077; x_wconf 77' lang='lat' dir='ltr'><strong>daeos:</strong></span> <span class='ocrx_word' id='word_1_317' title='bbox 1040 3038 1193 3091; x_wconf 88' lang='lat' dir='ltr'><strong>super</strong></span> <span class='ocrx_word' id='word_1_318' title='bbox 1226 3038 1401 3076; x_wconf 85' lang='lat' dir='ltr'><strong>omnes</strong></span> <span class='ocrx_word' id='word_1_319' title='bbox 1458 3029 1661 3083; x_wconf 88' lang='lat' dir='ltr'><strong>autem,</strong></span> <span class='ocrx_word' id='word_1_320' title='bbox 1709 3033 1805 3074; x_wconf 91' lang='lat' dir='ltr'><strong>cos</strong></span> <span class='ocrx_word' id='word_1_321' title='bbox 1851 3018 1944 3087; x_wconf 87' lang='lat' dir='ltr'><strong>qui</strong></span> <span class='ocrx_word' id='word_1_322' title='bbox 1986 3024 2209 3072; x_wconf 74' lang='lat' dir='ltr'><strong>suntex</strong></span> <span class='ocrx_word' id='word_1_323' title='bbox 2252 3015 2375 3069; x_wconf 87' lang='lat' dir='ltr'><strong>aliis</strong></span> 
     </span>
    </p>
   </div>
   <div class='ocr_carea' id='block_1_46' title="bbox 821 3106 2371 3185">
    <p class='ocr_par' dir='ltr' id='par_1_46' title="bbox 821 3106 2371 3185">
     <span class='ocr_line' id='line_1_46' title="bbox 821 3106 2371 3185; baseline -0.007 -16"><span class='ocrx_word' id='word_1_324' title='bbox 821 3116 1092 3183; x_wconf 64' lang='lat' dir='ltr'><strong>gentibus.</strong></span> <span class='ocrx_word' id='word_1_325' title='bbox 1128 3114 1190 3166; x_wconf 83' lang='lat' dir='ltr'><strong>Et</strong></span> <span class='ocrx_word' id='word_1_326' title='bbox 1212 3114 1385 3185; x_wconf 80' lang='lat' dir='ltr'><strong>pergit</strong></span> <span class='ocrx_word' id='word_1_327' title='bbox 1407 3113 1512 3166; x_wconf 88' lang='lat' dir='ltr'><strong>hoc</strong></span> <span class='ocrx_word' id='word_1_328' title='bbox 1531 3112 1728 3167; x_wconf 86' lang='lat' dir='ltr'><strong>docere</strong></span> <span class='ocrx_word' id='word_1_329' title='bbox 1757 3110 2024 3179; x_wconf 81' lang='lat' dir='ltr'><strong>apertius.</strong></span> <span class='ocrx_word' id='word_1_330' title='bbox 2063 3106 2184 3161; x_wconf 85' lang='lat' dir='ltr'><strong>Non</strong></span> <span class='ocrx_word' id='word_1_331' title='bbox 2234 3108 2371 3161; x_wconf 87' lang='lat' dir='ltr'><strong>enim</strong></span> 
     </span>
    </p>
   </div>
   <div class='ocr_carea' id='block_1_47' title="bbox 823 3206 1215 3266">
    <p class='ocr_par' dir='ltr' id='par_1_47' title="bbox 823 3206 1215 3266">
     <span class='ocr_line' id='line_1_47' title="bbox 823 3206 1215 3266; baseline -0.003 -6"><span class='ocrx_word' id='word_1_332' title='bbox 823 3218 894 3261; x_wconf 73' lang='lat' dir='ltr'><strong>est</strong></span> <span class='ocrx_word' id='word_1_333' title='bbox 917 3206 1215 3266; x_wconf 79' lang='lat' dir='ltr'><strong>distinctio.</strong></span> 
     </span>
    </p>
   </div>
   <div class='ocr_carea' id='block_1_48' title="bbox 893 3378 2379 3451">
    <p class='ocr_par' dir='ltr' id='par_1_48' title="bbox 893 3378 2379 3451">
     <span class='ocr_line' id='line_1_48' title="bbox 893 3378 2379 3451; baseline -0.003 -15"><span class='ocrx_word' id='word_1_334' title='bbox 893 3383 1057 3438; x_wconf 73' lang='lat' dir='ltr'><strong>Vens.</strong></span> <span class='ocrx_word' id='word_1_335' title='bbox 1082 3384 1170 3438; x_wconf 76' lang='lat'><strong>25.</strong></span> <span class='ocrx_word' id='word_1_336' title='bbox 1206 3385 1396 3439; x_wconf 79' lang='lat' dir='ltr'><strong>Omnes</strong></span> <span class='ocrx_word' id='word_1_337' title='bbox 1425 3383 1561 3438; x_wconf 88' lang='lat' dir='ltr'><strong>enim</strong></span> <span class='ocrx_word' id='word_1_338' title='bbox 1583 3389 1941 3451; x_wconf 75' lang='lat' dir='ltr'><strong>peccaverunt,</strong></span> <span class='ocrx_word' id='word_1_339' title='bbox 1964 3388 2012 3432; x_wconf 89' lang='lat' dir='ltr'><strong>et</strong></span> <span class='ocrx_word' id='word_1_340' title='bbox 2036 3390 2180 3450; x_wconf 86' lang='lat' dir='ltr'><strong>egent</strong></span> <span class='ocrx_word' id='word_1_341' title='bbox 2207 3378 2379 3449; x_wconf 82' lang='lat' dir='ltr'><strong>gloria</strong></span> 
     </span>
    </p>
   </div>
   <div class='ocr_carea' id='block_1_49' title="bbox 824 3471 2380 3541">
    <p class='ocr_par' dir='ltr' id='par_1_49' title="bbox 824 3471 2380 3541">
     <span class='ocr_line' id='line_1_49' title="bbox 824 3471 2380 3541; baseline -0.002 -15"><span class='ocrx_word' id='word_1_342' title='bbox 824 3472 941 3528; x_wconf 87' lang='lat' dir='ltr'><strong>Dei.</strong></span> <span class='ocrx_word' id='word_1_343' title='bbox 991 3472 1189 3529; x_wconf 77' lang='lat' dir='ltr'><strong>Paucis</strong></span> <span class='ocrx_word' id='word_1_344' title='bbox 1236 3488 1430 3529; x_wconf 85' lang='lat' dir='ltr'><strong>omnes</strong></span> <span class='ocrx_word' id='word_1_345' title='bbox 1472 3488 1594 3529; x_wconf 87' lang='lat' dir='ltr'><strong>reos</strong></span> <span class='ocrx_word' id='word_1_346' title='bbox 1644 3487 1768 3527; x_wconf 87' lang='lat' dir='ltr'><strong>esse</strong></span> <span class='ocrx_word' id='word_1_347' title='bbox 1806 3471 2046 3525; x_wconf 83' lang='lat' dir='ltr'><strong>ostendit</strong></span> <span class='ocrx_word' id='word_1_348' title='bbox 2107 3478 2160 3525; x_wconf 81' lang='lat' dir='ltr'><strong>et</strong></span> <span class='ocrx_word' id='word_1_349' title='bbox 2200 3471 2380 3541; x_wconf 78' lang='lat' dir='ltr'><strong>gratia</strong></span> 
     </span>
    </p>
   </div>
   <div class='ocr_carea' id='block_1_50' title="bbox 823 3581 1001 3636">
    <p class='ocr_par' dir='ltr' id='par_1_50' title="bbox 823 3581 1001 3636">
     <span class='ocr_line' id='line_1_50' title="bbox 823 3581 1001 3636; baseline 0 -17"><span class='ocrx_word' id='word_1_350' title='bbox 823 3581 1001 3636; x_wconf 78' lang='lat' dir='ltr'><strong>egere.</strong></span> 
     </span>
    </p>
   </div>
   <div class='ocr_carea' id='block_1_51' title="bbox 903 3653 2379 3726">
    <p class='ocr_par' dir='ltr' id='par_1_51' title="bbox 903 3653 2379 3726">
     <span class='ocr_line' id='line_1_51' title="bbox 903 3653 2379 3726; baseline -0.003 -17"><span class='ocrx_word' id='word_1_351' title='bbox 903 3656 1063 3710; x_wconf 71' lang='lat' dir='ltr'><strong>Vens.</strong></span> <span class='ocrx_word' id='word_1_352' title='bbox 1104 3656 1194 3710; x_wconf 62' lang='lat'><strong>24.</strong></span> <span class='ocrx_word' id='word_1_353' title='bbox 1245 3655 1537 3726; x_wconf 78' lang='lat' dir='ltr'><strong>Justiﬁcati</strong></span> <span class='ocrx_word' id='word_1_354' title='bbox 1581 3656 1749 3726; x_wconf 87' lang='lat' dir='ltr'><strong>gratis</strong></span> <span class='ocrx_word' id='word_1_355' title='bbox 1782 3672 1873 3725; x_wconf 87' lang='lat' dir='ltr'><strong>per</strong></span> <span class='ocrx_word' id='word_1_356' title='bbox 1925 3656 2153 3723; x_wconf 88' lang='lat' dir='ltr'><strong>gratiam</strong></span> <span class='ocrx_word' id='word_1_357' title='bbox 2189 3653 2379 3722; x_wconf 79' lang='lat' dir='ltr'><strong>ipsius,</strong></span> 
     </span>
    </p>
   </div>
   <div class='ocr_carea' id='block_1_52' title="bbox 825 3742 2381 3815">
    <p class='ocr_par' dir='ltr' id='par_1_52' title="bbox 825 3742 2381 3815">
     <span class='ocr_line' id='line_1_52' title="bbox 825 3742 2381 3815; baseline -0.001 -16"><span class='ocrx_word' id='word_1_358' title='bbox 825 3763 916 3815; x_wconf 85' lang='lat' dir='ltr'><strong>per</strong></span> <span class='ocrx_word' id='word_1_359' title='bbox 958 3748 1355 3813; x_wconf 82' lang='lat' dir='ltr'><strong>redemptionem</strong></span> <span class='ocrx_word' id='word_1_360' title='bbox 1409 3762 1525 3815; x_wconf 70' lang='lat' dir='ltr'><strong>qua:</strong></span> <span class='ocrx_word' id='word_1_361' title='bbox 1571 3757 1647 3800; x_wconf 84' lang='lat' dir='ltr'><strong>est</strong></span> <span class='ocrx_word' id='word_1_362' title='bbox 1683 3747 1737 3800; x_wconf 86' lang='lat' dir='ltr'><strong>in</strong></span> <span class='ocrx_word' id='word_1_363' title='bbox 1792 3745 2004 3800; x_wconf 83' lang='lat' dir='ltr'><strong>Christo</strong></span> <span class='ocrx_word' id='word_1_364' title='bbox 2052 3744 2202 3799; x_wconf 71' lang='lat' dir='ltr'><strong>Iesu.</strong></span> <span class='ocrx_word' id='word_1_365' title='bbox 2254 3742 2381 3797; x_wconf 88' lang='lat' dir='ltr'><strong>Sola</strong></span> 
     </span>
    </p>
   </div>
   <div class='ocr_carea' id='block_1_53' title="bbox 826 3835 2383 3907">
    <p class='ocr_par' dir='ltr' id='par_1_53' title="bbox 826 3835 2383 3907">
     <span class='ocr_line' id='line_1_53' title="bbox 826 3835 2383 3907; baseline -0.003 -16"><span class='ocrx_word' id='word_1_366' title='bbox 826 3840 971 3892; x_wconf 89' lang='lat' dir='ltr'><strong>cuim</strong></span> <span class='ocrx_word' id='word_1_367' title='bbox 1005 3837 1107 3891; x_wconf 83' lang='lat' dir='ltr'><strong>[ide</strong></span> <span class='ocrx_word' id='word_1_368' title='bbox 1141 3839 1307 3891; x_wconf 90' lang='lat' dir='ltr'><strong>allata</strong></span> <span class='ocrx_word' id='word_1_369' title='bbox 1342 3846 1687 3907; x_wconf 87' lang='lat' dir='ltr'><strong>peccatorum</strong></span> <span class='ocrx_word' id='word_1_370' title='bbox 1736 3837 2118 3893; x_wconf 88' lang='lat' dir='ltr'><strong>remissionem</strong></span> <span class='ocrx_word' id='word_1_371' title='bbox 2167 3835 2383 3904; x_wconf 85' lang='lat' dir='ltr'><strong>accepi-</strong></span> 
     </span>
    </p>
   </div>
   <div class='ocr_carea' id='block_1_54' title="bbox 829 3927 2382 3999">
    <p class='ocr_par' dir='ltr' id='par_1_54' title="bbox 829 3927 2382 3999">
     <span class='ocr_line' id='line_1_54' title="bbox 829 3927 2382 3999; baseline 0.001 -19"><span class='ocrx_word' id='word_1_372' title='bbox 829 3944 982 3982; x_wconf 88' lang='lat' dir='ltr'><strong>mus:</strong></span> <span class='ocrx_word' id='word_1_373' title='bbox 1014 3929 1272 3996; x_wconf 89' lang='lat' dir='ltr'><strong>quoniam</strong></span> <span class='ocrx_word' id='word_1_374' title='bbox 1298 3929 1466 3982; x_wconf 80' lang='lat' dir='ltr'><strong>veluti</strong></span> <span class='ocrx_word' id='word_1_375' title='bbox 1501 3928 1775 3998; x_wconf 88' lang='lat' dir='ltr'><strong>quoddam</strong></span> <span class='ocrx_word' id='word_1_376' title='bbox 1811 3927 2203 3999; x_wconf 87' lang='lat' dir='ltr'><strong>redemptionis</strong></span> <span class='ocrx_word' id='word_1_377' title='bbox 2254 3942 2382 3997; x_wconf 87' lang='lat' dir='ltr'><strong>pre-</strong></span> 
     </span>
    </p>
   </div>
   <div class='ocr_carea' id='block_1_55' title="bbox 830 4017 2383 4088">
    <p class='ocr_par' dir='ltr' id='par_1_55' title="bbox 830 4017 2383 4088">
     <span class='ocr_line' id='line_1_55' title="bbox 830 4017 2383 4088; baseline 0.001 -18"><span class='ocrx_word' id='word_1_378' title='bbox 830 4018 988 4078; x_wconf 89' lang='lat' dir='ltr'><strong>tium,</strong></span> <span class='ocrx_word' id='word_1_379' title='bbox 1044 4032 1141 4086; x_wconf 91' lang='lat' dir='ltr'><strong>pro</strong></span> <span class='ocrx_word' id='word_1_380' title='bbox 1172 4017 1333 4072; x_wconf 83' lang='lat' dir='ltr'><strong>nobis</strong></span> <span class='ocrx_word' id='word_1_381' title='bbox 1386 4017 1648 4073; x_wconf 88' lang='lat' dir='ltr'><strong>Dominus</strong></span> <span class='ocrx_word' id='word_1_382' title='bbox 1700 4017 1955 4074; x_wconf 83' lang='lat' dir='ltr'><strong>Christus</strong></span> <span class='ocrx_word' id='word_1_383' title='bbox 1985 4034 2145 4073; x_wconf 90' lang='lat' dir='ltr'><strong>suum</strong></span> <span class='ocrx_word' id='word_1_384' title='bbox 2180 4032 2383 4088; x_wconf 87' lang='lat' dir='ltr'><strong>corpus</strong></span> 
     </span>
    </p>
   </div>
   <div class='ocr_carea' id='block_1_56' title="bbox 829 4109 1048 4162">
    <p class='ocr_par' dir='ltr' id='par_1_56' title="bbox 829 4109 1048 4162">
     <span class='ocr_line' id='line_1_56' title="bbox 829 4109 1048 4162; baseline 0.005 -1"><span class='ocrx_word' id='word_1_385' title='bbox 829 4109 1048 4162; x_wconf 82' lang='lat' dir='ltr'><strong>obtulit.</strong></span> 
     </span>
    </p>
   </div>
   <div class='ocr_carea' id='block_1_57' title="bbox 899 4198 2384 4270">
    <p class='ocr_par' dir='ltr' id='par_1_57' title="bbox 899 4198 2384 4270">
     <span class='ocr_line' id='line_1_57' title="bbox 899 4198 2384 4270; baseline 0.001 -18"><span class='ocrx_word' id='word_1_386' title='bbox 899 4198 1066 4254; x_wconf 77' lang='lat' dir='ltr'><strong>Vens.</strong></span> <span class='ocrx_word' id='word_1_387' title='bbox 1111 4200 1201 4254; x_wconf 77' lang='lat'><strong>25.</strong></span> <span class='ocrx_word' id='word_1_388' title='bbox 1249 4200 1412 4266; x_wconf 82' lang='lat' dir='ltr'><strong>Quem</strong></span> <span class='ocrx_word' id='word_1_389' title='bbox 1452 4202 1722 4265; x_wconf 82' lang='lat' dir='ltr'><strong>proposuit</strong></span> <span class='ocrx_word' id='word_1_390' title='bbox 1770 4200 1907 4255; x_wconf 84' lang='lat' dir='ltr'><strong>Deus</strong></span> <span class='ocrx_word' id='word_1_391' title='bbox 1960 4202 2384 4270; x_wconf 84' lang='lat' dir='ltr'><strong>propitiationem</strong></span> 
     </span>
    </p>
   </div>
   <div class='ocr_carea' id='block_1_58' title="bbox 830 4292 2384 4363">
    <p class='ocr_par' dir='ltr' id='par_1_58' title="bbox 830 4292 2384 4363">
     <span class='ocr_line' id='line_1_58' title="bbox 830 4292 2384 4363; baseline 0 -18"><span class='ocrx_word' id='word_1_392' title='bbox 830 4308 922 4361; x_wconf 86' lang='lat' dir='ltr'><strong>per</strong></span> <span class='ocrx_word' id='word_1_393' title='bbox 954 4292 1108 4361; x_wconf 82' lang='lat' dir='ltr'><strong>ﬁdem</strong></span> <span class='ocrx_word' id='word_1_394' title='bbox 1149 4294 1200 4345; x_wconf 84' lang='lat' dir='ltr'><strong>in</strong></span> <span class='ocrx_word' id='word_1_395' title='bbox 1253 4309 1348 4345; x_wconf 86' lang='lat' dir='ltr'><strong>suo</strong></span> <span class='ocrx_word' id='word_1_396' title='bbox 1382 4294 1653 4361; x_wconf 86' lang='lat' dir='ltr'><strong>sanguine.</strong></span> <span class='ocrx_word' id='word_1_397' title='bbox 1691 4292 2133 4363; x_wconf 85' lang='lat' dir='ltr'><strong>Propitiatorium</strong></span> <span class='ocrx_word' id='word_1_398' title='bbox 2157 4302 2276 4348; x_wconf 86' lang='lat' dir='ltr'><strong>erat</strong></span> <span class='ocrx_word' id='word_1_399' title='bbox 2316 4295 2384 4346; x_wconf 56' lang='lat' dir='ltr'><strong>la.</strong></span> 
     </span>
    </p>
   </div>
   <div class='ocr_carea' id='block_1_59' title="bbox 833 4386 2387 4455">
    <p class='ocr_par' dir='ltr' id='par_1_59' title="bbox 833 4386 2387 4455">
     <span class='ocr_line' id='line_1_59' title="bbox 833 4386 2387 4455; baseline 0.002 -17"><span class='ocrx_word' id='word_1_400' title='bbox 833 4386 976 4439; x_wconf 82' lang='lat' dir='ltr'><strong>mina</strong></span> <span class='ocrx_word' id='word_1_401' title='bbox 1011 4400 1198 4447; x_wconf 85' lang='lat' dir='ltr'><strong>aurea,</strong></span> <span class='ocrx_word' id='word_1_402' title='bbox 1222 4401 1343 4455; x_wconf 76' lang='lat' dir='ltr'><strong>qua:</strong></span> <span class='ocrx_word' id='word_1_403' title='bbox 1375 4401 1540 4454; x_wconf 90' lang='lat' dir='ltr'><strong>super</strong></span> <span class='ocrx_word' id='word_1_404' title='bbox 1567 4401 1750 4440; x_wconf 77' lang='lat' dir='ltr'><strong>aream</strong></span> <span class='ocrx_word' id='word_1_405' title='bbox 1797 4388 2145 4441; x_wconf 81' lang='lat' dir='ltr'><strong>incumbebat</strong></span> <span class='ocrx_word' id='word_1_406' title='bbox 2178 4408 2189 4441; x_wconf 91' lang='lat'><strong>:</strong></span> <span class='ocrx_word' id='word_1_407' title='bbox 2218 4388 2387 4441; x_wconf 82' lang='lat' dir='ltr'><strong>hahe-</strong></span> 
     </span>
    </p>
   </div>
   <div class='ocr_carea' id='block_1_60' title="bbox 834 4475 2383 4546">
    <p class='ocr_par' dir='ltr' id='par_1_60' title="bbox 834 4475 2383 4546">
     <span class='ocr_line' id='line_1_60' title="bbox 834 4475 2383 4546; baseline 0.001 -17"><span class='ocrx_word' id='word_1_408' title='bbox 834 4478 1033 4545; x_wconf 82' lang='lat' dir='ltr'><strong>hatque</strong></span> <span class='ocrx_word' id='word_1_409' title='bbox 1083 4477 1336 4545; x_wconf 89' lang='lat' dir='ltr'><strong>utrinque</strong></span> <span class='ocrx_word' id='word_1_410' title='bbox 1382 4475 1589 4546; x_wconf 79' lang='lat' dir='ltr'><strong>eftigies</strong></span> <span class='ocrx_word' id='word_1_411' title='bbox 1636 4477 1910 4532; x_wconf 89' lang='lat' dir='ltr'><strong>Cherubin</strong></span> <span class='ocrx_word' id='word_1_412' title='bbox 1940 4476 1985 4532; x_wconf 73' lang='grc' dir='ltr'>δ.</span> <span class='ocrx_word' id='word_1_413' title='bbox 2019 4478 2148 4532; x_wconf 85' lang='lat' dir='ltr'><strong>Inde</strong></span> <span class='ocrx_word' id='word_1_414' title='bbox 2201 4488 2383 4532; x_wconf 90' lang='lat' dir='ltr'><strong>autem</strong></span> 
     </span>
    </p>
   </div>
   <div class='ocr_carea' id='block_1_61' title="bbox 832 4562 2383 4624">
    <p class='ocr_par' dir='ltr' id='par_1_61' title="bbox 832 4562 2383 4624">
     <span class='ocr_line' id='line_1_61' title="bbox 832 4562 2383 4624; baseline 0.001 -2"><span class='ocrx_word' id='word_1_415' title='bbox 832 4583 986 4622; x_wconf 80' lang='lat' dir='ltr'><strong>sacra</strong></span> <span class='ocrx_word' id='word_1_416' title='bbox 1020 4567 1240 4621; x_wconf 82' lang='lat' dir='ltr'><strong>obeunti</strong></span> <span class='ocrx_word' id='word_1_417' title='bbox 1265 4562 1513 4621; x_wconf 83' lang='lat' dir='ltr'><strong>Pontiﬁci</strong></span> <span class='ocrx_word' id='word_1_418' title='bbox 1535 4569 1814 4623; x_wconf 82' lang='lat' dir='ltr'><strong>manifesta</strong></span> <span class='ocrx_word' id='word_1_419' title='bbox 1837 4569 1999 4623; x_wconf 75' lang='lat' dir='ltr'><strong>[lebat</strong></span> <span class='ocrx_word' id='word_1_420' title='bbox 2030 4568 2121 4624; x_wconf 88' lang='lat' dir='ltr'><strong>Dei</strong></span> <span class='ocrx_word' id='word_1_421' title='bbox 2149 4570 2383 4624; x_wconf 82' lang='lat' dir='ltr'><strong>benevo-</strong></span> 
     </span>
    </p>
   </div>
   <div class='ocr_carea' id='block_1_62' title="bbox 837 4658 2385 4731">
    <p class='ocr_par' dir='ltr' id='par_1_62' title="bbox 837 4658 2385 4731">
     <span class='ocr_line' id='line_1_62' title="bbox 837 4658 2385 4731; baseline 0.004 -21"><span class='ocrx_word' id='word_1_422' title='bbox 837 4660 1020 4713; x_wconf 78' lang='lat' dir='ltr'><strong>lentia.</strong></span> <span class='ocrx_word' id='word_1_423' title='bbox 1047 4658 1213 4713; x_wconf 86' lang='lat' dir='ltr'><strong>Docet</strong></span> <span class='ocrx_word' id='word_1_424' title='bbox 1246 4674 1376 4729; x_wconf 84' lang='lat' dir='ltr'><strong>ergo</strong></span> <span class='ocrx_word' id='word_1_425' title='bbox 1395 4659 1614 4714; x_wconf 85' lang='lat' dir='ltr'><strong>divinus</strong></span> <span class='ocrx_word' id='word_1_426' title='bbox 1635 4663 1949 4729; x_wconf 84' lang='lat' dir='ltr'><strong>Apostolus,</strong></span> <span class='ocrx_word' id='word_1_427' title='bbox 1980 4677 2170 4716; x_wconf 79' lang='lat' dir='ltr'><strong>verum</strong></span> <span class='ocrx_word' id='word_1_428' title='bbox 2202 4663 2385 4731; x_wconf 89' lang='lat' dir='ltr'><strong>propi-</strong></span> 
     </span>
    </p>
   </div>
   <div class='ocr_carea' id='block_1_63' title="bbox 837 4750 2382 4806">
    <p class='ocr_par' dir='ltr' id='par_1_63' title="bbox 837 4750 2382 4806">
     <span class='ocr_line' id='line_1_63' title="bbox 837 4750 2382 4806; baseline 0.002 -3"><span class='ocrx_word' id='word_1_429' title='bbox 837 4751 1115 4803; x_wconf 90' lang='lat' dir='ltr'><strong>tiatorium</strong></span> <span class='ocrx_word' id='word_1_430' title='bbox 1154 4766 1277 4805; x_wconf 87' lang='lat' dir='ltr'><strong>esse</strong></span> <span class='ocrx_word' id='word_1_431' title='bbox 1300 4751 1587 4805; x_wconf 89' lang='lat' dir='ltr'><strong>Dominum</strong></span> <span class='ocrx_word' id='word_1_432' title='bbox 1614 4751 1914 4806; x_wconf 89' lang='lat' dir='ltr'><strong>Christum.</strong></span> <span class='ocrx_word' id='word_1_433' title='bbox 1951 4750 2085 4805; x_wconf 89' lang='lat' dir='ltr'><strong>lllud</strong></span> <span class='ocrx_word' id='word_1_434' title='bbox 2120 4754 2266 4806; x_wconf 91' lang='lat' dir='ltr'><strong>enim</strong></span> <span class='ocrx_word' id='word_1_435' title='bbox 2293 4768 2382 4806; x_wconf 82' lang='lat' dir='ltr'><strong>ve-</strong></span> 
     </span>
    </p>
   </div>
   <div class='ocr_carea' id='block_1_64' title="bbox 835 4841 2384 4915">
    <p class='ocr_par' dir='ltr' id='par_1_64' title="bbox 835 4841 2384 4915">
     <span class='ocr_line' id='line_1_64' title="bbox 835 4841 2384 4915; baseline 0.003 -20"><span class='ocrx_word' id='word_1_436' title='bbox 835 4854 924 4897; x_wconf 88' lang='lat' dir='ltr'><strong>tus</strong></span> <span class='ocrx_word' id='word_1_437' title='bbox 978 4841 1140 4907; x_wconf 88' lang='lat' dir='ltr'><strong>hujus</strong></span> <span class='ocrx_word' id='word_1_438' title='bbox 1189 4851 1371 4911; x_wconf 76' lang='lat' dir='ltr'><strong>typum</strong></span> <span class='ocrx_word' id='word_1_439' title='bbox 1406 4842 1649 4912; x_wconf 87' lang='lat' dir='ltr'><strong>gerebat.</strong></span> <span class='ocrx_word' id='word_1_440' title='bbox 1683 4842 2076 4915; x_wconf 63' lang='lat' dir='ltr'><strong>Convenit“</strong></span> <span class='ocrx_word' id='word_1_441' title='bbox 2108 4854 2290 4899; x_wconf 91' lang='lat' dir='ltr'><strong>autem</strong></span> <span class='ocrx_word' id='word_1_442' title='bbox 2333 4845 2384 4899; x_wconf 90' lang='lat' dir='ltr'><strong>ei</strong></span> 
     </span>
    </p>
   </div>
   <div class='ocr_carea' id='block_1_65' title="bbox 836 4933 2386 5002">
    <p class='ocr_par' dir='ltr' id='par_1_65' title="bbox 836 4933 2386 5002">
     <span class='ocr_line' id='line_1_65' title="bbox 836 4933 2386 5002; baseline 0.002 -16"><span class='ocrx_word' id='word_1_443' title='bbox 836 4935 933 4986; x_wconf 79' lang='lat' dir='ltr'><strong>huc</strong></span> <span class='ocrx_word' id='word_1_444' title='bbox 965 4947 1163 4986; x_wconf 83' lang='lat' dir='ltr'><strong>nomen</strong></span> <span class='ocrx_word' id='word_1_445' title='bbox 1194 4942 1446 5001; x_wconf 88' lang='lat' dir='ltr'><strong>tauquam</strong></span> <span class='ocrx_word' id='word_1_446' title='bbox 1474 4933 1704 4995; x_wconf 91' lang='lat' dir='ltr'><strong>homini,</strong></span> <span class='ocrx_word' id='word_1_447' title='bbox 1732 4948 1838 4986; x_wconf 92' lang='lat' dir='ltr'><strong>non</strong></span> <span class='ocrx_word' id='word_1_448' title='bbox 1874 4942 2130 5002; x_wconf 87' lang='lat' dir='ltr'><strong>tanquam</strong></span> <span class='ocrx_word' id='word_1_449' title='bbox 2156 4933 2285 4988; x_wconf 91' lang='lat' dir='ltr'><strong>Deo.</strong></span> <span class='ocrx_word' id='word_1_450' title='bbox 2318 4933 2386 4989; x_wconf 86' lang='lat' dir='ltr'><strong>Ut</strong></span> 
     </span>
    </p>
   </div>
   <div class='ocr_carea' id='block_1_66' title="bbox 836 5023 2380 5094">
    <p class='ocr_par' dir='ltr' id='par_1_66' title="bbox 836 5023 2380 5094">
     <span class='ocr_line' id='line_1_66' title="bbox 836 5023 2380 5094; baseline 0.003 -21"><span class='ocrx_word' id='word_1_451' title='bbox 836 5025 977 5078; x_wconf 80' lang='lat' dir='ltr'><strong>Deus</strong></span> <span class='ocrx_word' id='word_1_452' title='bbox 1004 5024 1171 5087; x_wconf 89' lang='lat' dir='ltr'><strong>enim,</strong></span> <span class='ocrx_word' id='word_1_453' title='bbox 1205 5023 1323 5092; x_wconf 91' lang='lat' dir='ltr'><strong>ipse</strong></span> <span class='ocrx_word' id='word_1_454' title='bbox 1362 5038 1684 5092; x_wconf 89' lang='lat' dir='ltr'><strong>responsum</strong></span> <span class='ocrx_word' id='word_1_455' title='bbox 1715 5023 1889 5077; x_wconf 87' lang='lat' dir='ltr'><strong>reddit</strong></span> <span class='ocrx_word' id='word_1_456' title='bbox 1917 5039 2009 5094; x_wconf 89' lang='lat' dir='ltr'><strong>per</strong></span> <span class='ocrx_word' id='word_1_457' title='bbox 2055 5025 2380 5094; x_wconf 88' lang='lat' dir='ltr'><strong>propitiato-</strong></span> 
     </span>
    </p>
   </div>
   <div class='ocr_carea' id='block_1_67' title="bbox 833 5113 2380 5184">
    <p class='ocr_par' dir='ltr' id='par_1_67' title="bbox 833 5113 2380 5184">
     <span class='ocr_line' id='line_1_67' title="bbox 833 5113 2380 5184; baseline -0.001 -15"><span class='ocrx_word' id='word_1_458' title='bbox 833 5117 972 5169; x_wconf 89' lang='lat' dir='ltr'><strong>rium</strong></span> <span class='ocrx_word' id='word_1_459' title='bbox 1008 5131 1020 5167; x_wconf 89' lang='lat'><strong>:</strong></span> <span class='ocrx_word' id='word_1_460' title='bbox 1047 5121 1106 5165; x_wconf 92' lang='lat' dir='ltr'><strong>ut</strong></span> <span class='ocrx_word' id='word_1_461' title='bbox 1132 5114 1294 5166; x_wconf 86' lang='lat' dir='ltr'><strong>homo</strong></span> <span class='ocrx_word' id='word_1_462' title='bbox 1316 5121 1516 5178; x_wconf 90' lang='lat' dir='ltr'><strong>autem,</strong></span> <span class='ocrx_word' id='word_1_463' title='bbox 1549 5113 1689 5168; x_wconf 89' lang='lat' dir='ltr'><strong>hanc</strong></span> <span class='ocrx_word' id='word_1_464' title='bbox 1718 5114 2131 5184; x_wconf 86' lang='lat' dir='ltr'><strong>appellationem</strong></span> <span class='ocrx_word' id='word_1_465' title='bbox 2156 5115 2380 5184; x_wconf 88' lang='lat' dir='ltr'><strong>recipit,</strong></span> 
     </span>
    </p>
   </div>
   <div class='ocr_carea' id='block_1_68' title="bbox 833 5206 2384 5276">
    <p class='ocr_par' dir='ltr' id='par_1_68' title="bbox 833 5206 2384 5276">
     <span class='ocr_line' id='line_1_68' title="bbox 833 5206 2384 5276; baseline -0.002 -14"><span class='ocrx_word' id='word_1_466' title='bbox 833 5211 977 5262; x_wconf 82' lang='lat' dir='ltr'><strong>sicut</strong></span> <span class='ocrx_word' id='word_1_467' title='bbox 1024 5213 1077 5259; x_wconf 91' lang='lat' dir='ltr'><strong>et</strong></span> <span class='ocrx_word' id='word_1_468' title='bbox 1110 5206 1266 5269; x_wconf 81' lang='lat' dir='ltr'><strong>alias,</strong></span> <span class='ocrx_word' id='word_1_469' title='bbox 1308 5214 1367 5259; x_wconf 91' lang='lat' dir='ltr'><strong>ut</strong></span> <span class='ocrx_word' id='word_1_470' title='bbox 1410 5206 1550 5268; x_wconf 87' lang='lat' dir='ltr'><strong>ovis,</strong></span> <span class='ocrx_word' id='word_1_471' title='bbox 1595 5216 1649 5259; x_wconf 88' lang='lat' dir='ltr'><strong>et</strong></span> <span class='ocrx_word' id='word_1_472' title='bbox 1689 5221 1883 5276; x_wconf 85' lang='lat' dir='ltr'><strong>agnus,</strong></span> <span class='ocrx_word' id='word_1_473' title='bbox 1913 5214 1967 5260; x_wconf 92' lang='lat' dir='ltr'><strong>et</strong></span> <span class='ocrx_word' id='word_1_474' title='bbox 2004 5214 2384 5276; x_wconf 87' lang='lat' dir='ltr'><strong>peecatum,et</strong></span> 
     </span>
    </p>
   </div>
   <div class='ocr_carea' id='block_1_69' title="bbox 832 5297 2381 5368">
    <p class='ocr_par' dir='ltr' id='par_1_69' title="bbox 832 5297 2381 5368">
     <span class='ocr_line' id='line_1_69' title="bbox 832 5297 2381 5368; baseline 0.001 -20"><span class='ocrx_word' id='word_1_475' title='bbox 832 5297 1207 5358; x_wconf 83' lang='lat' dir='ltr'><strong>maledictum,</strong></span> <span class='ocrx_word' id='word_1_476' title='bbox 1244 5306 1296 5350; x_wconf 92' lang='lat' dir='ltr'><strong>et</strong></span> <span class='ocrx_word' id='word_1_477' title='bbox 1324 5311 1659 5365; x_wconf 63' lang='lat' dir='ltr'><strong>quaecunque</strong></span> <span class='ocrx_word' id='word_1_478' title='bbox 1676 5298 1967 5365; x_wconf 80' lang='lat' dir='ltr'><strong>ejusmodi.</strong></span> <span class='ocrx_word' id='word_1_479' title='bbox 1998 5302 2063 5350; x_wconf 68' lang='lat' dir='ltr'><strong>Et</strong></span> <span class='ocrx_word' id='word_1_480' title='bbox 2100 5300 2381 5368; x_wconf 89' lang='lat' dir='ltr'><strong>antiquum</strong></span> 
     </span>
    </p>
   </div>
   <div class='ocr_carea' id='block_1_70' title="bbox 833 5385 2385 5457">
    <p class='ocr_par' dir='ltr' id='par_1_70' title="bbox 833 5385 2385 5457">
     <span class='ocr_line' id='line_1_70' title="bbox 833 5385 2385 5457; baseline 0.002 -18"><span class='ocrx_word' id='word_1_481' title='bbox 833 5386 1051 5455; x_wconf 81' lang='lat' dir='ltr'><strong>quidem</strong></span> <span class='ocrx_word' id='word_1_482' title='bbox 1081 5385 1517 5455; x_wconf 82' lang='lat' dir='ltr'><strong>propitiatoriutn</strong></span> <span class='ocrx_word' id='word_1_483' title='bbox 1535 5402 1728 5455; x_wconf 78' lang='lat' dir='ltr'><strong>expers</strong></span> <span class='ocrx_word' id='word_1_484' title='bbox 1746 5396 1861 5441; x_wconf 86' lang='lat' dir='ltr'><strong>erat</strong></span> <span class='ocrx_word' id='word_1_485' title='bbox 1878 5390 2182 5457; x_wconf 80' lang='lat' dir='ltr'><strong>sanguinis,</strong></span> <span class='ocrx_word' id='word_1_486' title='bbox 2201 5396 2385 5456; x_wconf 87' lang='lat' dir='ltr'><strong>utpote</strong></span> 
     </span>
    </p>
   </div>
   <div class='ocr_carea' id='block_1_71' title="bbox 838 5478 2385 5549">
    <p class='ocr_par' dir='ltr' id='par_1_71' title="bbox 838 5478 2385 5549">
     <span class='ocr_line' id='line_1_71' title="bbox 838 5478 2385 5549; baseline 0.005 -20"><span class='ocrx_word' id='word_1_487' title='bbox 838 5478 1198 5530; x_wconf 89' lang='lat' dir='ltr'><strong>inanimatum</strong></span> <span class='ocrx_word' id='word_1_488' title='bbox 1238 5493 1249 5528; x_wconf 93' lang='lat'>:</span> <span class='ocrx_word' id='word_1_489' title='bbox 1302 5478 1588 5547; x_wconf 87' lang='lat' dir='ltr'><strong>sanguinis</strong></span> <span class='ocrx_word' id='word_1_490' title='bbox 1628 5486 1808 5533; x_wconf 87' lang='lat' dir='ltr'><strong>autem</strong></span> <span class='ocrx_word' id='word_1_491' title='bbox 1864 5480 2162 5532; x_wconf 85' lang='lat' dir='ltr'><strong>hostiarum</strong></span> <span class='ocrx_word' id='word_1_492' title='bbox 2204 5490 2385 5549; x_wconf 87' lang='lat' dir='ltr'><strong>guttas</strong></span> 
     </span>
    </p>
   </div>
   <div class='ocr_carea' id='block_1_72' title="bbox 840 5566 2385 5636">
    <p class='ocr_par' dir='ltr' id='par_1_72' title="bbox 840 5566 2385 5636">
     <span class='ocr_line' id='line_1_72' title="bbox 840 5566 2385 5636; baseline 0.005 -17"><span class='ocrx_word' id='word_1_493' title='bbox 840 5567 1154 5636; x_wconf 79' lang='lat' dir='ltr'><strong>ieeipiebat.</strong></span> <span class='ocrx_word' id='word_1_494' title='bbox 1187 5566 1446 5623; x_wconf 83' lang='lat' dir='ltr'><strong>Dominus</strong></span> <span class='ocrx_word' id='word_1_495' title='bbox 1479 5576 1654 5623; x_wconf 87' lang='lat' dir='ltr'><strong>autem</strong></span> <span class='ocrx_word' id='word_1_496' title='bbox 1672 5568 1923 5627; x_wconf 85' lang='lat' dir='ltr'><strong>Christus</strong></span> <span class='ocrx_word' id='word_1_497' title='bbox 1954 5582 2002 5626; x_wconf 88' lang='lat' dir='ltr'><strong>et</strong></span> <span class='ocrx_word' id='word_1_498' title='bbox 2038 5570 2174 5628; x_wconf 88' lang='lat' dir='ltr'><strong>Deus</strong></span> <span class='ocrx_word' id='word_1_499' title='bbox 2197 5582 2300 5636; x_wconf 89' lang='lat' dir='ltr'><strong>est,</strong></span> <span class='ocrx_word' id='word_1_500' title='bbox 2332 5583 2385 5628; x_wconf 86' lang='lat' dir='ltr'><strong>et</strong></span> 
     </span>
    </p>
   </div>
   <div class='ocr_carea' id='block_1_73' title="bbox 908 5739 1515 5806">
    <p class='ocr_par' dir='ltr' id='par_1_73' title="bbox 908 5739 1515 5806">
     <span class='ocr_line' id='line_1_73' title="bbox 908 5739 1515 5806; baseline 0.012 -16"><span class='ocrx_word' id='word_1_501' title='bbox 908 5740 933 5776; x_wconf 76' lang='grc' dir='ltr'><strong>σί</strong></span> <span class='ocrx_word' id='word_1_502' title='bbox 976 5739 1140 5794; x_wconf 72' lang='lat' dir='ltr'><strong>Exod.</strong></span> <span class='ocrx_word' id='word_1_503' title='bbox 1179 5758 1297 5806; x_wconf 73' lang='lat' dir='ltr'><strong>xxv,</strong></span> <span class='ocrx_word' id='word_1_504' title='bbox 1331 5744 1515 5803; x_wconf 50' lang='lat'><strong>&quot;20,38.</strong></span> 
     </span>
    </p>
   </div>
   <div class='ocr_carea' id='block_1_74' title="bbox 2476 1935 4039 2007">
    <p class='ocr_par' dir='ltr' id='par_1_74' title="bbox 2476 1935 4039 2007">
     <span class='ocr_line' id='line_1_74' title="bbox 2476 1935 4039 2007; baseline -0.001 -19"><span class='ocrx_word' id='word_1_505' title='bbox 2476 1937 2773 2007; x_wconf 74' lang='grc' dir='ltr'>πεποίηκεν</span> <span class='ocrx_word' id='word_1_506' title='bbox 2809 1936 3030 1991; x_wconf 73' lang='grc' dir='ltr'>ἅπασιν.</span> <span class='ocrx_word' id='word_1_507' title='bbox 3096 1938 3182 1989; x_wconf 82' lang='grc' dir='ltr'>Ἐν</span> <span class='ocrx_word' id='word_1_508' title='bbox 3228 1937 3285 1989; x_wconf 77' lang='grc' dir='ltr'>δέ</span> <span class='ocrx_word' id='word_1_509' title='bbox 3326 1953 3389 2004; x_wconf 88' lang='grc' dir='ltr'><strong>γε</strong></span> <span class='ocrx_word' id='word_1_510' title='bbox 3428 1939 3497 2005; x_wconf 75' lang='grc' dir='ltr'>τῇ</span> <span class='ocrx_word' id='word_1_511' title='bbox 3541 1936 3897 2005; x_wconf 81' lang='grc' dir='ltr'>παρεξετὰσει</span> <span class='ocrx_word' id='word_1_512' title='bbox 3935 1935 4039 2004; x_wconf 78' lang='grc' dir='ltr'>τῆς</span> 
     </span>
    </p>
   </div>
   <div class='ocr_carea' id='block_1_75' title="bbox 2473 2023 4038 2098">
    <p class='ocr_par' dir='ltr' id='par_1_75' title="bbox 2473 2023 4038 2098">
     <span class='ocr_line' id='line_1_75' title="bbox 2473 2023 4038 2098; baseline -0.001 -20"><span class='ocrx_word' id='word_1_513' title='bbox 2473 2025 2710 2095; x_wconf 78' lang='grc' dir='ltr'>χάριτος,</span> <span class='ocrx_word' id='word_1_514' title='bbox 2750 2027 2844 2078; x_wconf 79' lang='grc' dir='ltr'>καὶ</span> <span class='ocrx_word' id='word_1_515' title='bbox 2875 2023 2968 2078; x_wconf 81' lang='grc' dir='ltr'><strong>τοῦ</strong></span> <span class='ocrx_word' id='word_1_516' title='bbox 3001 2025 3186 2095; x_wconf 74' lang='grc' dir='ltr'>νόμου,</span> <span class='ocrx_word' id='word_1_517' title='bbox 3224 2026 3391 2093; x_wconf 76' lang='grc' dir='ltr'>ἔδειξε</span> <span class='ocrx_word' id='word_1_518' title='bbox 3424 2028 3521 2098; x_wconf 80' lang='grc' dir='ltr'>τὴν</span> <span class='ocrx_word' id='word_1_519' title='bbox 3546 2028 3645 2097; x_wconf 86' lang='grc' dir='ltr'>τῆς</span> <span class='ocrx_word' id='word_1_520' title='bbox 3684 2025 3836 2096; x_wconf 80' lang='grc' dir='ltr'>νίκης</span> <span class='ocrx_word' id='word_1_521' title='bbox 3865 2027 4038 2094; x_wconf 82' lang='grc' dir='ltr'>ὑπερ-</span> 
     </span>
    </p>
   </div>
   <div class='ocr_carea' id='block_1_76' title="bbox 2472 2115 4038 2190">
    <p class='ocr_par' dir='ltr' id='par_1_76' title="bbox 2472 2115 4038 2190">
     <span class='ocr_line' id='line_1_76' title="bbox 2472 2115 4038 2190; baseline 0.008 -24"><span class='ocrx_word' id='word_1_522' title='bbox 2472 2115 2654 2186; x_wconf 73' lang='grc' dir='ltr'>ϐολὴν,</span> <span class='ocrx_word' id='word_1_523' title='bbox 2685 2116 2846 2169; x_wconf 74' lang='grc' dir='ltr'>αὑτὸν</span> <span class='ocrx_word' id='word_1_524' title='bbox 2874 2116 2965 2169; x_wconf 82' lang='grc' dir='ltr'>τὸν</span> <span class='ocrx_word' id='word_1_525' title='bbox 2988 2116 3147 2187; x_wconf 87' lang='grc' dir='ltr'>νόμον</span> <span class='ocrx_word' id='word_1_526' title='bbox 3172 2118 3264 2171; x_wconf 76' lang='grc' dir='ltr'>καὶ</span> <span class='ocrx_word' id='word_1_527' title='bbox 3296 2119 3420 2181; x_wconf 74' lang='grc' dir='ltr'>τοὺς</span> <span class='ocrx_word' id='word_1_528' title='bbox 3452 2119 3731 2190; x_wconf 69' lang='grc' dir='ltr'>προφήτας</span> <span class='ocrx_word' id='word_1_529' title='bbox 3758 2118 4038 2186; x_wconf 57' lang='grc' dir='ltr'>μάρτυρες</span> 
     </span>
    </p>
   </div>
   <div class='ocr_carea' id='block_1_77' title="bbox 2472 2204 3146 2278">
    <p class='ocr_par' dir='ltr' id='par_1_77' title="bbox 2472 2204 3146 2278">
     <span class='ocr_line' id='line_1_77' title="bbox 2472 2204 3146 2278; baseline 0.003 -19"><span class='ocrx_word' id='word_1_530' title='bbox 2472 2204 2753 2275; x_wconf 72' lang='grc' dir='ltr'>ἀποφήνας</span> <span class='ocrx_word' id='word_1_531' title='bbox 2784 2207 2880 2276; x_wconf 83' lang='grc' dir='ltr'><strong>τῆς</strong></span> <span class='ocrx_word' id='word_1_532' title='bbox 2912 2206 3146 2278; x_wconf 84' lang='grc' dir='ltr'>χάριτος.</span> 
     </span>
    </p>
   </div>
   <div class='ocr_carea' id='block_1_78' title="bbox 2544 2296 4039 2366">
    <p class='ocr_par' dir='ltr' id='par_1_78' title="bbox 2544 2296 4039 2366">
     <span class='ocr_line' id='line_1_78' title="bbox 2544 2296 4039 2366; baseline 0.002 -19"><span class='ocrx_word' id='word_1_533' title='bbox 2544 2296 2646 2366; x_wconf 69' lang='grc' dir='ltr'>κβν.</span> <span class='ocrx_word' id='word_1_534' title='bbox 2682 2298 3041 2366; x_wconf 80' lang='grc' dir='ltr'><strong>Δικαιοσύνη</strong></span> <span class='ocrx_word' id='word_1_535' title='bbox 3074 2298 3142 2352; x_wconf 78' lang='grc' dir='ltr'>δὲ</span> <span class='ocrx_word' id='word_1_536' title='bbox 3188 2299 3335 2354; x_wconf 84' lang='grc' dir='ltr'><strong>Θεοῦ</strong></span> <span class='ocrx_word' id='word_1_537' title='bbox 3382 2297 3481 2351; x_wconf 83' lang='grc' dir='ltr'>διὰ</span> <span class='ocrx_word' id='word_1_538' title='bbox 3531 2299 3784 2364; x_wconf 77' lang='grc' dir='ltr'>πίστεως</span> <span class='ocrx_word' id='word_1_539' title='bbox 3832 2297 4039 2364; x_wconf 85' lang='grc' dir='ltr'>Ἰησοῦ</span> 
     </span>
    </p>
   </div>
   <div class='ocr_carea' id='block_1_79' title="bbox 2474 2388 4041 2459">
    <p class='ocr_par' dir='ltr' id='par_1_79' title="bbox 2474 2388 4041 2459">
     <span class='ocr_line' id='line_1_79' title="bbox 2474 2388 4041 2459; baseline -0.002 -16"><span class='ocrx_word' id='word_1_540' title='bbox 2474 2388 2729 2459; x_wconf 83' lang='grc' dir='ltr'>Χριστοῦ</span> <span class='ocrx_word' id='word_1_541' title='bbox 2776 2393 2863 2456; x_wconf 85' lang='grc' dir='ltr'><strong>είς</strong></span> <span class='ocrx_word' id='word_1_542' title='bbox 2914 2390 3143 2457; x_wconf 79' lang='grc' dir='ltr'>πάντας</span> <span class='ocrx_word' id='word_1_543' title='bbox 3189 2391 3288 2444; x_wconf 83' lang='grc' dir='ltr'><strong>καί</strong></span> <span class='ocrx_word' id='word_1_544' title='bbox 3330 2390 3427 2444; x_wconf 79' lang='grc' dir='ltr'><strong>ἐπὶ</strong></span> <span class='ocrx_word' id='word_1_545' title='bbox 3477 2390 3706 2458; x_wconf 81' lang='grc' dir='ltr'>πάντας</span> <span class='ocrx_word' id='word_1_546' title='bbox 3757 2390 3899 2454; x_wconf 78' lang='grc' dir='ltr'>τοὺς</span> <span class='ocrx_word' id='word_1_547' title='bbox 3942 2404 4041 2442; x_wconf 83' lang='grc' dir='ltr'>πι-</span> 
     </span>
    </p>
   </div>
   <div class='ocr_carea' id='block_1_80' title="bbox 2474 2482 4038 2555">
    <p class='ocr_par' dir='ltr' id='par_1_80' title="bbox 2474 2482 4038 2555">
     <span class='ocr_line' id='line_1_80' title="bbox 2474 2482 4038 2555; baseline -0.002 -19"><span class='ocrx_word' id='word_1_548' title='bbox 2474 2485 2819 2549; x_wconf 85' lang='grc' dir='ltr'>στεύοντας.</span> <span class='ocrx_word' id='word_1_549' title='bbox 2858 2482 3169 2537; x_wconf 77' lang='grc' dir='ltr'>Ἀνελάὅετο</span> <span class='ocrx_word' id='word_1_550' title='bbox 3188 2483 3248 2535; x_wconf 88' lang='grc' dir='ltr'>τὸ</span> <span class='ocrx_word' id='word_1_551' title='bbox 3271 2484 3697 2555; x_wconf 72' lang='grc' dir='ltr'><strong>προειρημένον,¹</strong></span> <span class='ocrx_word' id='word_1_552' title='bbox 3714 2483 3799 2535; x_wconf 78' lang='grc' dir='ltr'>ἵνα</span> <span class='ocrx_word' id='word_1_553' title='bbox 3826 2482 4038 2551; x_wconf 80' lang='grc' dir='ltr'>προσθῇ</span> 
     </span>
    </p>
   </div>
   <div class='ocr_carea' id='block_1_81' title="bbox 2474 2569 4041 2644">
    <p class='ocr_par' dir='ltr' id='par_1_81' title="bbox 2474 2569 4041 2644">
     <span class='ocr_line' id='line_1_81' title="bbox 2474 2569 4041 2644; baseline -0.001 -19"><span class='ocrx_word' id='word_1_554' title='bbox 2474 2572 2535 2625; x_wconf 73' lang='grc' dir='ltr'>τὸ</span> <span class='ocrx_word' id='word_1_555' title='bbox 2563 2572 2901 2641; x_wconf 76' lang='grc' dir='ltr'>λειπόμενον.</span> <span class='ocrx_word' id='word_1_556' title='bbox 2937 2574 3154 2641; x_wconf 79' lang='grc' dir='ltr'>Ἐπειδὴ</span> <span class='ocrx_word' id='word_1_557' title='bbox 3184 2575 3291 2644; x_wconf 74' lang='grc' dir='ltr'><strong>γὰρ</strong></span> <span class='ocrx_word' id='word_1_558' title='bbox 3321 2569 3463 2637; x_wconf 81' lang='grc' dir='ltr'>εἷπε,</span> <span class='ocrx_word' id='word_1_559' title='bbox 3498 2574 3855 2639; x_wconf 85' lang='grc' dir='ltr'>Δικαιοσύνη</span> <span class='ocrx_word' id='word_1_560' title='bbox 3886 2571 4041 2627; x_wconf 81' lang='grc' dir='ltr'>Θεοῦ</span> 
     </span>
    </p>
   </div>
   <div class='ocr_carea' id='block_1_82' title="bbox 2476 2659 4043 2733">
    <p class='ocr_par' dir='ltr' id='par_1_82' title="bbox 2476 2659 4043 2733">
     <span class='ocr_line' id='line_1_82' title="bbox 2476 2659 4043 2733; baseline 0 -19"><span class='ocrx_word' id='word_1_561' title='bbox 2476 2661 2896 2728; x_wconf 60' lang='grc' dir='ltr'>πεφανέρωται,</span> <span class='ocrx_word' id='word_1_562' title='bbox 2947 2659 3064 2716; x_wconf 79' lang='grc' dir='ltr'>εἷτά</span> <span class='ocrx_word' id='word_1_563' title='bbox 3109 2681 3227 2716; x_wconf 84' lang='grc' dir='ltr'>τινα</span> <span class='ocrx_word' id='word_1_564' title='bbox 3276 2664 3681 2733; x_wconf 85' lang='grc' dir='ltr'>παρενέθεικεν,</span> <span class='ocrx_word' id='word_1_565' title='bbox 3727 2664 4043 2731; x_wconf 79' lang='grc' dir='ltr'>ἀναγκαίως</span> 
     </span>
    </p>
   </div>
   <div class='ocr_carea' id='block_1_83' title="bbox 2474 2751 4040 2824">
    <p class='ocr_par' dir='ltr' id='par_1_83' title="bbox 2474 2751 4040 2824">
     <span class='ocr_line' id='line_1_83' title="bbox 2474 2751 4040 2824; baseline 0.002 -20"><span class='ocrx_word' id='word_1_566' title='bbox 2474 2751 2660 2805; x_wconf 78' lang='grc' dir='ltr'>τοῦτον</span> <span class='ocrx_word' id='word_1_567' title='bbox 2691 2753 2781 2805; x_wconf 83' lang='grc' dir='ltr'>τὸν</span> <span class='ocrx_word' id='word_1_568' title='bbox 2812 2753 2967 2822; x_wconf 83' lang='grc' dir='ltr'>λόγον</span> <span class='ocrx_word' id='word_1_569' title='bbox 2991 2755 3296 2821; x_wconf 75' lang='grc' dir='ltr'>ἀναλαϐὼν,</span> <span class='ocrx_word' id='word_1_570' title='bbox 3325 2755 3561 2808; x_wconf 85' lang='grc' dir='ltr'>δείκνυσι</span> <span class='ocrx_word' id='word_1_571' title='bbox 3592 2754 3681 2808; x_wconf 79' lang='grc' dir='ltr'><strong>διὰ</strong></span> <span class='ocrx_word' id='word_1_572' title='bbox 3707 2754 3807 2824; x_wconf 73' lang='grc' dir='ltr'>τῆς</span> <span class='ocrx_word' id='word_1_573' title='bbox 3835 2755 3915 2818; x_wconf 82' lang='grc' dir='ltr'><strong>είς</strong></span> <span class='ocrx_word' id='word_1_574' title='bbox 3943 2755 4040 2807; x_wconf 71' lang='grc' dir='ltr'>τὸν</span> 
     </span>
    </p>
   </div>
   <div class='ocr_carea' id='block_1_84' title="bbox 2477 2840 4041 2913">
    <p class='ocr_par' dir='ltr' id='par_1_84' title="bbox 2477 2840 4041 2913">
     <span class='ocr_line' id='line_1_84' title="bbox 2477 2840 4041 2913; baseline 0.003 -22"><span class='ocrx_word' id='word_1_575' title='bbox 2477 2840 2749 2910; x_wconf 77' lang='grc' dir='ltr'>Δεσπότην</span> <span class='ocrx_word' id='word_1_576' title='bbox 2772 2841 3001 2911; x_wconf 85' lang='grc' dir='ltr'>Χριστὸν</span> <span class='ocrx_word' id='word_1_577' title='bbox 3026 2842 3254 2906; x_wconf 87' lang='grc' dir='ltr'>πίστεως</span> <span class='ocrx_word' id='word_1_578' title='bbox 3280 2842 3480 2913; x_wconf 74' lang='grc' dir='ltr'>ταύτης</span> <span class='ocrx_word' id='word_1_579' title='bbox 3506 2842 3891 2905; x_wconf 76' lang='grc' dir='ltr'>ἀπολαύοντας,</span> <span class='ocrx_word' id='word_1_580' title='bbox 3924 2843 4041 2895; x_wconf 73' lang='grc' dir='ltr'>εἴτε</span> 
     </span>
    </p>
   </div>
   <div class='ocr_carea' id='block_1_85' title="bbox 2490 2926 4042 3003">
    <p class='ocr_par' dir='ltr' id='par_1_85' title="bbox 2490 2926 4042 3003">
     <span class='ocr_line' id='line_1_85' title="bbox 2490 2926 4042 3003; baseline 0.002 -22"><span class='ocrx_word' id='word_1_581' title='bbox 2490 2928 2726 2983; x_wconf 78' lang='grc' dir='ltr'>Ἰουδαῖοι</span> <span class='ocrx_word' id='word_1_582' title='bbox 2761 2926 2888 2991; x_wconf 79' lang='grc' dir='ltr'>εἶεν,</span> <span class='ocrx_word' id='word_1_583' title='bbox 2921 2932 3027 2984; x_wconf 82' lang='grc' dir='ltr'>εἴτε</span> <span class='ocrx_word' id='word_1_584' title='bbox 3060 2931 3336 3001; x_wconf 77' lang='grc' dir='ltr'>Ἕλληνες,</span> <span class='ocrx_word' id='word_1_585' title='bbox 3371 2932 3647 3003; x_wconf 21' lang='grc' dir='ltr'>οίνταυτης</span> <span class='ocrx_word' id='word_1_586' title='bbox 3685 2934 3865 3001; x_wconf 80' lang='grc' dir='ltr'>τυχεῖν</span> <span class='ocrx_word' id='word_1_587' title='bbox 3892 2932 4042 2999; x_wconf 72' lang='grc' dir='ltr'>ἐφιέ-</span> 
     </span>
    </p>
   </div>
   <div class='ocr_carea' id='block_1_86' title="bbox 2479 3021 4038 3093">
    <p class='ocr_par' dir='ltr' id='par_1_86' title="bbox 2479 3021 4038 3093">
     <span class='ocr_line' id='line_1_86' title="bbox 2479 3021 4038 3093; baseline 0.001 -22"><span class='ocrx_word' id='word_1_588' title='bbox 2479 3038 2650 3091; x_wconf 83' lang='grc' dir='ltr'>μενοι.</span> <span class='ocrx_word' id='word_1_589' title='bbox 2705 3021 2775 3072; x_wconf 74' lang='grc' dir='ltr'><strong>Τὸ</strong></span> <span class='ocrx_word' id='word_1_590' title='bbox 2810 3022 2917 3093; x_wconf 82' lang='grc' dir='ltr'><strong>γὰρ</strong></span> <span class='ocrx_word' id='word_1_591' title='bbox 2958 3026 3039 3088; x_wconf 83' lang='grc' dir='ltr'>εἰς</span> <span class='ocrx_word' id='word_1_592' title='bbox 3074 3022 3319 3089; x_wconf 71' lang='grc' dir='ltr'>πάντας,</span> <span class='ocrx_word' id='word_1_593' title='bbox 3363 3023 3487 3087; x_wconf 74' lang='grc' dir='ltr'>τοὺς</span> <span class='ocrx_word' id='word_1_594' title='bbox 3534 3023 3814 3084; x_wconf 78' lang='grc' dir='ltr'>Ἰουδαίους</span> <span class='ocrx_word' id='word_1_595' title='bbox 3855 3021 4002 3088; x_wconf 76' lang='grc' dir='ltr'>λέγει</span> <span class='ocrx_word' id='word_1_596' title='bbox 4026 3040 4038 3050; x_wconf 70' lang='grc' dir='ltr'><strong>ο</strong></span> 
     </span>
    </p>
   </div>
   <div class='ocr_carea' id='block_1_87' title="bbox 2478 3111 4045 3179">
    <p class='ocr_par' dir='ltr' id='par_1_87' title="bbox 2478 3111 4045 3179">
     <span class='ocr_line' id='line_1_87' title="bbox 2478 3111 4045 3179; baseline -0.001 -16"><span class='ocrx_word' id='word_1_597' title='bbox 2478 3111 2576 3164; x_wconf 82' lang='grc' dir='ltr'>ἐπί</span> <span class='ocrx_word' id='word_1_598' title='bbox 2602 3111 2830 3179; x_wconf 81' lang='grc' dir='ltr'>πάντας</span> <span class='ocrx_word' id='word_1_599' title='bbox 2860 3112 2935 3177; x_wconf 84' lang='grc' dir='ltr'>δὲ,</span> <span class='ocrx_word' id='word_1_600' title='bbox 2967 3116 3090 3175; x_wconf 74' lang='grc' dir='ltr'>τοὺς</span> <span class='ocrx_word' id='word_1_601' title='bbox 3122 3115 3185 3166; x_wconf 83' lang='grc' dir='ltr'>ἐκ</span> <span class='ocrx_word' id='word_1_602' title='bbox 3213 3114 3319 3166; x_wconf 82' lang='grc' dir='ltr'>τῶν</span> <span class='ocrx_word' id='word_1_603' title='bbox 3355 3113 3527 3166; x_wconf 78' lang='grc' dir='ltr'>ἄλλων</span> <span class='ocrx_word' id='word_1_604' title='bbox 3556 3113 3742 3166; x_wconf 77' lang='grc' dir='ltr'>ὲονῶν.</span> <span class='ocrx_word' id='word_1_605' title='bbox 3778 3113 3887 3165; x_wconf 70' lang='grc' dir='ltr'><strong>Καὶ</strong></span> <span class='ocrx_word' id='word_1_606' title='bbox 3917 3113 4045 3163; x_wconf 83' lang='grc' dir='ltr'>ὲπι-</span> 
     </span>
    </p>
   </div>
   <div class='ocr_carea' id='block_1_88' title="bbox 2405 3200 4046 3274">
    <p class='ocr_par' dir='ltr' id='par_1_88' title="bbox 2405 3200 4046 3274">
     <span class='ocr_line' id='line_1_88' title="bbox 2405 3200 4046 3274; baseline -0.003 -16"><span class='ocrx_word' id='word_1_607' title='bbox 2405 3200 2447 3258; x_wconf 87' lang='lat' dir='ltr'><strong>C</strong></span> <span class='ocrx_word' id='word_1_608' title='bbox 2483 3201 2633 3272; x_wconf 82' lang='grc' dir='ltr'>μένει</span> <span class='ocrx_word' id='word_1_609' title='bbox 2676 3201 2831 3255; x_wconf 82' lang='grc' dir='ltr'>τοῦτο</span> <span class='ocrx_word' id='word_1_610' title='bbox 2880 3202 3145 3255; x_wconf 74' lang='grc' dir='ltr'>διδάσκων</span> <span class='ocrx_word' id='word_1_611' title='bbox 3195 3202 3557 3274; x_wconf 70' lang='grc' dir='ltr'>σαφέστερον·</span> <span class='ocrx_word' id='word_1_612' title='bbox 3625 3204 3706 3256; x_wconf 87' lang='grc' dir='ltr'><em>Οὺ</em></span> <span class='ocrx_word' id='word_1_613' title='bbox 3757 3200 3865 3270; x_wconf 78' lang='grc' dir='ltr'>γάρ</span> <span class='ocrx_word' id='word_1_614' title='bbox 3910 3201 4046 3255; x_wconf 82' lang='grc' dir='ltr'>ἐστι</span> 
     </span>
    </p>
   </div>
   <div class='ocr_carea' id='block_1_89' title="bbox 2480 3292 2795 3358">
    <p class='ocr_par' dir='ltr' id='par_1_89' title="bbox 2480 3292 2795 3358">
     <span class='ocr_line' id='line_1_89' title="bbox 2480 3292 2795 3358; baseline 0.003 -12"><span class='ocrx_word' id='word_1_615' title='bbox 2480 3292 2771 3358; x_wconf 77' lang='grc' dir='ltr'>διαστολή</span> <span class='ocrx_word' id='word_1_616' title='bbox 2782 3334 2795 3347; x_wconf 93' lang='grc'><strong>.</strong></span> 
     </span>
    </p>
   </div>
   <div class='ocr_carea' id='block_1_90' title="bbox 2553 3381 4049 3454">
    <p class='ocr_par' dir='ltr' id='par_1_90' title="bbox 2553 3381 4049 3454">
     <span class='ocr_line' id='line_1_90' title="bbox 2553 3381 4049 3454; baseline -0.002 -17"><span class='ocrx_word' id='word_1_617' title='bbox 2553 3385 2656 3453; x_wconf 84' lang='grc' dir='ltr'>κγ’.</span> <span class='ocrx_word' id='word_1_618' title='bbox 2686 3384 2911 3451; x_wconf 78' lang='grc' dir='ltr'>Πάντες</span> <span class='ocrx_word' id='word_1_619' title='bbox 2933 3383 3353 3454; x_wconf 73' lang='grc' dir='ltr'>γὰρῆμαρτον,</span> <span class='ocrx_word' id='word_1_620' title='bbox 3387 3384 3480 3437; x_wconf 76' lang='grc' dir='ltr'><strong>καί</strong></span> <span class='ocrx_word' id='word_1_621' title='bbox 3513 3383 3901 3450; x_wconf 80' lang='grc' dir='ltr'>ὑστεροῦνται</span> <span class='ocrx_word' id='word_1_622' title='bbox 3934 3381 4049 3447; x_wconf 78' lang='grc' dir='ltr'>τῆς</span> 
     </span>
    </p>
   </div>
   <div class='ocr_carea' id='block_1_91' title="bbox 2482 3470 4048 3545">
    <p class='ocr_par' dir='ltr' id='par_1_91' title="bbox 2482 3470 4048 3545">
     <span class='ocr_line' id='line_1_91' title="bbox 2482 3470 4048 3545; baseline -0.004 -19"><span class='ocrx_word' id='word_1_623' title='bbox 2482 3474 2667 3542; x_wconf 80' lang='grc' dir='ltr'>δόξης</span> <span class='ocrx_word' id='word_1_624' title='bbox 2697 3475 2798 3527; x_wconf 88' lang='grc' dir='ltr'>τοῦ</span> <span class='ocrx_word' id='word_1_625' title='bbox 2840 3473 3006 3528; x_wconf 84' lang='grc' dir='ltr'>Θεοῦ.</span> <span class='ocrx_word' id='word_1_626' title='bbox 3056 3476 3142 3528; x_wconf 86' lang='grc' dir='ltr'>Ἐν</span> <span class='ocrx_word' id='word_1_627' title='bbox 3174 3475 3418 3545; x_wconf 80' lang='grc' dir='ltr'>συντόμῳ</span> <span class='ocrx_word' id='word_1_628' title='bbox 3464 3476 3666 3535; x_wconf 78' lang='grc' dir='ltr'>πάντας</span> <span class='ocrx_word' id='word_1_629' title='bbox 3713 3470 4048 3531; x_wconf 70' lang='grc' dir='ltr'>ὑπευθύνους</span> 
     </span>
    </p>
   </div>
   <div class='ocr_carea' id='block_1_92' title="bbox 2481 3564 3407 3634">
    <p class='ocr_par' dir='ltr' id='par_1_92' title="bbox 2481 3564 3407 3634">
     <span class='ocr_line' id='line_1_92' title="bbox 2481 3564 3407 3634; baseline 0.001 -17"><span class='ocrx_word' id='word_1_630' title='bbox 2481 3564 2669 3629; x_wconf 75' lang='grc' dir='ltr'>ἔδειξε,</span> <span class='ocrx_word' id='word_1_631' title='bbox 2698 3565 2791 3618; x_wconf 74' lang='grc' dir='ltr'>καὶ</span> <span class='ocrx_word' id='word_1_632' title='bbox 2819 3565 2917 3633; x_wconf 77' lang='grc' dir='ltr'>τῆς</span> <span class='ocrx_word' id='word_1_633' title='bbox 2947 3566 3164 3634; x_wconf 84' lang='grc' dir='ltr'>χάριτος</span> <span class='ocrx_word' id='word_1_634' title='bbox 3193 3566 3407 3625; x_wconf 77' lang='grc' dir='ltr'>ἐνδεεῖς.</span> 
     </span>
    </p>
   </div>
   <div class='ocr_carea' id='block_1_93' title="bbox 2553 3650 4051 3724">
    <p class='ocr_par' dir='ltr' id='par_1_93' title="bbox 2553 3650 4051 3724">
     <span class='ocr_line' id='line_1_93' title="bbox 2553 3650 4051 3724; baseline -0.003 -17"><span class='ocrx_word' id='word_1_635' title='bbox 2553 3655 2651 3707; x_wconf 83' lang='grc' dir='ltr'>κδ’.</span> <span class='ocrx_word' id='word_1_636' title='bbox 2694 3657 3093 3723; x_wconf 79' lang='grc' dir='ltr'>Δικαιούμενοι</span> <span class='ocrx_word' id='word_1_637' title='bbox 3122 3656 3347 3724; x_wconf 83' lang='grc' dir='ltr'>δωρεὰν</span> <span class='ocrx_word' id='word_1_638' title='bbox 3379 3654 3453 3721; x_wconf 78' lang='grc' dir='ltr'>τῇ</span> <span class='ocrx_word' id='word_1_639' title='bbox 3481 3654 3666 3708; x_wconf 85' lang='grc' dir='ltr'>αὐτοῦ</span> <span class='ocrx_word' id='word_1_640' title='bbox 3702 3653 3914 3722; x_wconf 78' lang='grc' dir='ltr'>χάριτι.</span> <span class='ocrx_word' id='word_1_641' title='bbox 3946 3650 4051 3703; x_wconf 81' lang='grc' dir='ltr'>διὰ</span> 
     </span>
    </p>
   </div>
   <div class='ocr_carea' id='block_1_94' title="bbox 2484 3743 4053 3814">
    <p class='ocr_par' dir='ltr' id='par_1_94' title="bbox 2484 3743 4053 3814">
     <span class='ocr_line' id='line_1_94' title="bbox 2484 3743 4053 3814; baseline -0.004 -16"><span class='ocrx_word' id='word_1_642' title='bbox 2484 3743 2591 3811; x_wconf 86' lang='grc' dir='ltr'>τῆς</span> <span class='ocrx_word' id='word_1_643' title='bbox 2626 3745 3091 3812; x_wconf 78' lang='grc' dir='ltr'>ἀπολυτρώσεως</span> <span class='ocrx_word' id='word_1_644' title='bbox 3114 3745 3221 3811; x_wconf 76' lang='grc' dir='ltr'>τῆς</span> <span class='ocrx_word' id='word_1_645' title='bbox 3242 3746 3308 3798; x_wconf 82' lang='grc' dir='ltr'>ἐν</span> <span class='ocrx_word' id='word_1_646' title='bbox 3332 3744 3559 3814; x_wconf 85' lang='grc' dir='ltr'>Χριστῷ</span> <span class='ocrx_word' id='word_1_647' title='bbox 3598 3744 3819 3811; x_wconf 86' lang='grc' dir='ltr'>Ἰησοῦ.</span> <span class='ocrx_word' id='word_1_648' title='bbox 3858 3743 4053 3794; x_wconf 83' lang='grc' dir='ltr'>Πίστιν</span> 
     </span>
    </p>
   </div>
   <div class='ocr_carea' id='block_1_95' title="bbox 2484 3830 4052 3905">
    <p class='ocr_par' dir='ltr' id='par_1_95' title="bbox 2484 3830 4052 3905">
     <span class='ocr_line' id='line_1_95' title="bbox 2484 3830 4052 3905; baseline -0.004 -18"><span class='ocrx_word' id='word_1_649' title='bbox 2484 3835 2591 3905; x_wconf 78' lang='grc' dir='ltr'><strong>γὰρ</strong></span> <span class='ocrx_word' id='word_1_650' title='bbox 2645 3834 2810 3904; x_wconf 81' lang='grc' dir='ltr'>μόνην</span> <span class='ocrx_word' id='word_1_651' title='bbox 2866 3835 3287 3902; x_wconf 74' lang='grc' dir='ltr'>εἰσενεγκόντες,</span> <span class='ocrx_word' id='word_1_652' title='bbox 3332 3834 3438 3887; x_wconf 82' lang='grc' dir='ltr'><strong>τῶν</strong></span> <span class='ocrx_word' id='word_1_653' title='bbox 3490 3834 3901 3905; x_wconf 76' lang='grc' dir='ltr'>ἁμαρτημάτων</span> <span class='ocrx_word' id='word_1_654' title='bbox 3947 3830 4052 3900; x_wconf 77' lang='grc' dir='ltr'>τὴν</span> 
     </span>
    </p>
   </div>
   <div class='ocr_carea' id='block_1_96' title="bbox 2486 3922 4054 3998">
    <p class='ocr_par' dir='ltr' id='par_1_96' title="bbox 2486 3922 4054 3998">
     <span class='ocr_line' id='line_1_96' title="bbox 2486 3922 4054 3998; baseline -0.004 -17"><span class='ocrx_word' id='word_1_655' title='bbox 2486 3931 2676 3998; x_wconf 71' lang='grc' dir='ltr'>ἄφεσιν</span> <span class='ocrx_word' id='word_1_656' title='bbox 2728 3927 3065 3997; x_wconf 79' lang='grc' dir='ltr'>ὲδεξάμεοα’</span> <span class='ocrx_word' id='word_1_657' title='bbox 3134 3928 3318 3998; x_wconf 77' lang='grc' dir='ltr'>ἐπειδὴ</span> <span class='ocrx_word' id='word_1_658' title='bbox 3380 3922 3490 3980; x_wconf 74' lang='grc' dir='ltr'>οἷον</span> <span class='ocrx_word' id='word_1_659' title='bbox 3550 3944 3603 3979; x_wconf 89' lang='grc' dir='ltr'><strong>τι</strong></span> <span class='ocrx_word' id='word_1_660' title='bbox 3656 3926 3849 3995; x_wconf 73' lang='grc' dir='ltr'>λυτρον</span> <span class='ocrx_word' id='word_1_661' title='bbox 3904 3924 4054 3994; x_wconf 81' lang='grc' dir='ltr'>ὑπὲρ</span> 
     </span>
    </p>
   </div>
   <div class='ocr_carea' id='block_1_97' title="bbox 2486 4017 4052 4091">
    <p class='ocr_par' dir='ltr' id='par_1_97' title="bbox 2486 4017 4052 4091">
     <span class='ocr_line' id='line_1_97' title="bbox 2486 4017 4052 4091; baseline -0.003 -20"><span class='ocrx_word' id='word_1_662' title='bbox 2486 4020 2642 4091; x_wconf 73' lang='grc' dir='ltr'>ἡμῶν</span> <span class='ocrx_word' id='word_1_663' title='bbox 2685 4019 2714 4071; x_wconf 85' lang='grc' dir='ltr'>ὁ</span> <span class='ocrx_word' id='word_1_664' title='bbox 2756 4020 3027 4089; x_wconf 85' lang='grc' dir='ltr'>Δεσπότης</span> <span class='ocrx_word' id='word_1_665' title='bbox 3078 4020 3309 4090; x_wconf 76' lang='grc' dir='ltr'>Χριστὸς</span> <span class='ocrx_word' id='word_1_666' title='bbox 3344 4020 3404 4072; x_wconf 81' lang='grc' dir='ltr'>τὸ</span> <span class='ocrx_word' id='word_1_667' title='bbox 3450 4020 3645 4072; x_wconf 82' lang='grc' dir='ltr'>οἰκεῖον</span> <span class='ocrx_word' id='word_1_668' title='bbox 3680 4017 4052 4089; x_wconf 73' lang='grc' dir='ltr'>προεενήνοχε</span> 
     </span>
    </p>
   </div>
   <div class='ocr_carea' id='block_1_98' title="bbox 2487 4110 2664 4179">
    <p class='ocr_par' dir='ltr' id='par_1_98' title="bbox 2487 4110 2664 4179">
     <span class='ocr_line' id='line_1_98' title="bbox 2487 4110 2664 4179; baseline 0 -17"><span class='ocrx_word' id='word_1_669' title='bbox 2487 4110 2641 4179; x_wconf 80' lang='grc' dir='ltr'>σῶμα</span> <span class='ocrx_word' id='word_1_670' title='bbox 2652 4150 2664 4162; x_wconf 94' lang='grc'><strong>.</strong></span> 
     </span>
    </p>
   </div>
   <div class='ocr_carea' id='block_1_99' title="bbox 2555 4195 4055 4277">
    <p class='ocr_par' dir='ltr' id='par_1_99' title="bbox 2555 4195 4055 4277">
     <span class='ocr_line' id='line_1_99' title="bbox 2555 4195 4055 4277; baseline -0.003 -23"><span class='ocrx_word' id='word_1_671' title='bbox 2555 4209 2651 4254; x_wconf 87' lang='grc' dir='ltr'>κε’.</span> <span class='ocrx_word' id='word_1_672' title='bbox 2696 4205 2803 4255; x_wconf 86' lang='grc' dir='ltr'>Ὃν</span> <span class='ocrx_word' id='word_1_673' title='bbox 2836 4201 3112 4270; x_wconf 77' lang='grc' dir='ltr'>προέθετο</span> <span class='ocrx_word' id='word_1_674' title='bbox 3158 4204 3190 4254; x_wconf 81' lang='grc' dir='ltr'><em>ὁ</em></span> <span class='ocrx_word' id='word_1_675' title='bbox 3225 4202 3367 4267; x_wconf 83' lang='grc' dir='ltr'>Θεὸς</span> <span class='ocrx_word' id='word_1_676' title='bbox 3410 4202 3759 4277; x_wconf 72' lang='grc' dir='ltr'>ἱλαστήριον</span> <span class='ocrx_word' id='word_1_677' title='bbox 3794 4197 3890 4251; x_wconf 83' lang='grc' dir='ltr'>διὰ</span> <span class='ocrx_word' id='word_1_678' title='bbox 3935 4195 4055 4265; x_wconf 77' lang='grc' dir='ltr'>τῆς</span> 
     </span>
    </p>
   </div>
   <div class='ocr_carea' id='block_1_100' title="bbox 2488 4289 4055 4361">
    <p class='ocr_par' dir='ltr' id='par_1_100' title="bbox 2488 4289 4055 4361">
     <span class='ocr_line' id='line_1_100' title="bbox 2488 4289 4055 4361; baseline -0.003 -17"><span class='ocrx_word' id='word_1_679' title='bbox 2488 4294 2761 4358; x_wconf 81' lang='grc' dir='ltr'>πίστεως,</span> <span class='ocrx_word' id='word_1_680' title='bbox 2790 4294 2859 4345; x_wconf 85' lang='grc' dir='ltr'>ἐν</span> <span class='ocrx_word' id='word_1_681' title='bbox 2884 4291 2961 4357; x_wconf 85' lang='grc' dir='ltr'>τῷ</span> <span class='ocrx_word' id='word_1_682' title='bbox 2992 4292 3177 4345; x_wconf 79' lang='grc' dir='ltr'>αὐτοῦ</span> <span class='ocrx_word' id='word_1_683' title='bbox 3200 4294 3417 4361; x_wconf 77' lang='grc' dir='ltr'>αἵματι.</span> <span class='ocrx_word' id='word_1_684' title='bbox 3447 4293 3518 4346; x_wconf 82' lang='grc' dir='ltr'>Τὸ</span> <span class='ocrx_word' id='word_1_685' title='bbox 3546 4292 3850 4360; x_wconf 73' lang='grc' dir='ltr'>ἱλαστήριον</span> <span class='ocrx_word' id='word_1_686' title='bbox 3885 4289 4055 4341; x_wconf 78' lang='grc' dir='ltr'>πέτα-</span> 
     </span>
    </p>
   </div>
   <div class='ocr_carea' id='block_1_101' title="bbox 2486 4378 4055 4455">
    <p class='ocr_par' dir='ltr' id='par_1_101' title="bbox 2486 4378 4055 4455">
     <span class='ocr_line' id='line_1_101' title="bbox 2486 4378 4055 4455; baseline -0.004 -20"><span class='ocrx_word' id='word_1_687' title='bbox 2486 4384 2576 4437; x_wconf 84' lang='grc' dir='ltr'><strong>λον</strong></span> <span class='ocrx_word' id='word_1_688' title='bbox 2599 4380 2664 4455; x_wconf 74' lang='grc' dir='ltr'>ἦν</span> <span class='ocrx_word' id='word_1_689' title='bbox 2690 4384 2947 4454; x_wconf 74' lang='grc' dir='ltr'>χρυσοῦν·</span> <span class='ocrx_word' id='word_1_690' title='bbox 2986 4383 3233 4436; x_wconf 82' lang='grc' dir='ltr'>ἐπέκειτο</span> <span class='ocrx_word' id='word_1_691' title='bbox 3257 4384 3312 4435; x_wconf 78' lang='grc' dir='ltr'>δὲ</span> <span class='ocrx_word' id='word_1_692' title='bbox 3338 4386 3402 4453; x_wconf 79' lang='grc' dir='ltr'>τῇ</span> <span class='ocrx_word' id='word_1_693' title='bbox 3433 4381 3645 4451; x_wconf 74' lang='grc' dir='ltr'>κιϐωτῷ</span> <span class='ocrx_word' id='word_1_694' title='bbox 3668 4400 3681 4411; x_wconf 93' lang='grc'>·</span> <span class='ocrx_word' id='word_1_695' title='bbox 3715 4378 4055 4449; x_wconf 71' lang='grc' dir='ltr'>ἑκατέρωθεν</span> 
     </span>
    </p>
   </div>
   <div class='ocr_carea' id='block_1_102' title="bbox 2488 4469 4056 4545">
    <p class='ocr_par' dir='ltr' id='par_1_102' title="bbox 2488 4469 4056 4545">
     <span class='ocr_line' id='line_1_102' title="bbox 2488 4469 4056 4545; baseline -0.004 -18"><span class='ocrx_word' id='word_1_696' title='bbox 2488 4476 2544 4527; x_wconf 75' lang='grc' dir='ltr'>δὲ</span> <span class='ocrx_word' id='word_1_697' title='bbox 2570 4474 2679 4545; x_wconf 79' lang='grc' dir='ltr'>εἶχε</span> <span class='ocrx_word' id='word_1_698' title='bbox 2707 4478 2775 4528; x_wconf 62' lang='grc' dir='ltr'><strong>τὰ</strong></span> <span class='ocrx_word' id='word_1_699' title='bbox 2802 4475 2906 4527; x_wconf 84' lang='grc' dir='ltr'><strong>τῶν</strong></span> <span class='ocrx_word' id='word_1_700' title='bbox 2945 4474 3224 4544; x_wconf 71' lang='grc' dir='ltr'>Χερουϐὶμ</span> <span class='ocrx_word' id='word_1_701' title='bbox 3266 4474 3654 4541; x_wconf 80' lang='grc' dir='ltr'>ἐκτυπώματα.</span> <span class='ocrx_word' id='word_1_702' title='bbox 3704 4471 3939 4523; x_wconf 75' lang='grc' dir='ltr'>Ἐκεῖθεν</span> <span class='ocrx_word' id='word_1_703' title='bbox 3971 4469 4056 4537; x_wconf 76' lang='grc' dir='ltr'><strong>τῷ</strong></span> 
     </span>
    </p>
   </div>
   <div class='ocr_carea' id='block_1_103' title="bbox 2490 4560 4057 4638">
    <p class='ocr_par' dir='ltr' id='par_1_103' title="bbox 2490 4560 4057 4638">
     <span class='ocr_line' id='line_1_103' title="bbox 2490 4560 4057 4638; baseline -0.008 -16"><span class='ocrx_word' id='word_1_704' title='bbox 2490 4570 2733 4638; x_wconf 82' lang='grc' dir='ltr'>ἀρχιερεῖ</span> <span class='ocrx_word' id='word_1_705' title='bbox 2759 4565 3152 4635; x_wconf 77' lang='grc' dir='ltr'>λειτουργοῦντι</span> <span class='ocrx_word' id='word_1_706' title='bbox 3188 4566 3397 4633; x_wconf 77' lang='grc' dir='ltr'>ἐγίνετο</span> <span class='ocrx_word' id='word_1_707' title='bbox 3432 4564 3564 4634; x_wconf 72' lang='grc' dir='ltr'>δήλη</span> <span class='ocrx_word' id='word_1_708' title='bbox 3594 4563 3686 4615; x_wconf 77' lang='grc' dir='ltr'>τοῦ</span> <span class='ocrx_word' id='word_1_709' title='bbox 3717 4561 3851 4614; x_wconf 76' lang='grc' dir='ltr'>Θεοῦ</span> <span class='ocrx_word' id='word_1_710' title='bbox 3884 4563 3916 4630; x_wconf 78' lang='grc' dir='ltr'>ἡ</span> <span class='ocrx_word' id='word_1_711' title='bbox 3958 4560 4057 4611; x_wconf 71' lang='grc' dir='ltr'>εὑ-</span> 
     </span>
    </p>
   </div>
   <div class='ocr_carea' id='block_1_104' title="bbox 2491 4651 4057 4729">
    <p class='ocr_par' dir='ltr' id='par_1_104' title="bbox 2491 4651 4057 4729">
     <span class='ocr_line' id='line_1_104' title="bbox 2491 4651 4057 4729; baseline -0.006 -18"><span class='ocrx_word' id='word_1_712' title='bbox 2491 4661 2695 4729; x_wconf 75' lang='grc' dir='ltr'>μένεια.</span> <span class='ocrx_word' id='word_1_713' title='bbox 2740 4659 2987 4711; x_wconf 79' lang='grc' dir='ltr'>Διδάσκει</span> <span class='ocrx_word' id='word_1_714' title='bbox 3017 4659 3194 4709; x_wconf 77' lang='grc' dir='ltr'>τοίνυν</span> <span class='ocrx_word' id='word_1_715' title='bbox 3237 4659 3264 4709; x_wconf 87' lang='grc' dir='ltr'>ὁ</span> <span class='ocrx_word' id='word_1_716' title='bbox 3312 4656 3452 4719; x_wconf 84' lang='grc' dir='ltr'>θεῖος</span> <span class='ocrx_word' id='word_1_717' title='bbox 3506 4654 3840 4717; x_wconf 81' lang='grc' dir='ltr'>Ἀπόστολος,</span> <span class='ocrx_word' id='word_1_718' title='bbox 3882 4654 3955 4713; x_wconf 79' lang='grc' dir='ltr'>ὡς</span> <span class='ocrx_word' id='word_1_719' title='bbox 3988 4651 4057 4702; x_wconf 69' lang='grc' dir='ltr'><strong>τὸ</strong></span> 
     </span>
    </p>
   </div>
   <div class='ocr_carea' id='block_1_105' title="bbox 2486 4744 4059 4820">
    <p class='ocr_par' dir='ltr' id='par_1_105' title="bbox 2486 4744 4059 4820">
     <span class='ocr_line' id='line_1_105' title="bbox 2486 4744 4059 4820; baseline -0.004 -18"><span class='ocrx_word' id='word_1_720' title='bbox 2486 4750 2733 4819; x_wconf 82' lang='grc' dir='ltr'>ἀληθινὸν</span> <span class='ocrx_word' id='word_1_721' title='bbox 2757 4750 3059 4820; x_wconf 74' lang='grc' dir='ltr'>ἱλαστήριον</span> <span class='ocrx_word' id='word_1_722' title='bbox 3082 4751 3109 4801; x_wconf 86' lang='grc' dir='ltr'><strong>δ</strong></span> <span class='ocrx_word' id='word_1_723' title='bbox 3130 4750 3401 4818; x_wconf 84' lang='grc' dir='ltr'>Δεσπότης</span> <span class='ocrx_word' id='word_1_724' title='bbox 3423 4749 3537 4800; x_wconf 74' lang='grc' dir='ltr'>ἐστὶ</span> <span class='ocrx_word' id='word_1_725' title='bbox 3560 4746 3807 4816; x_wconf 84' lang='grc' dir='ltr'>Χριστός.</span> <span class='ocrx_word' id='word_1_726' title='bbox 3843 4744 4059 4796; x_wconf 62' lang='grc' dir='ltr'>Ἐκεῖνο</span> 
     </span>
    </p>
   </div>
   <div class='ocr_carea' id='block_1_106' title="bbox 2488 4838 4056 4914">
    <p class='ocr_par' dir='ltr' id='par_1_106' title="bbox 2488 4838 4056 4914">
     <span class='ocr_line' id='line_1_106' title="bbox 2488 4838 4056 4914; baseline -0.004 -19"><span class='ocrx_word' id='word_1_727' title='bbox 2488 4842 2597 4914; x_wconf 74' lang='grc' dir='ltr'><strong>γὰρ</strong></span> <span class='ocrx_word' id='word_1_728' title='bbox 2630 4843 2689 4895; x_wconf 83' lang='grc' dir='ltr'>τὸ</span> <span class='ocrx_word' id='word_1_729' title='bbox 2725 4842 2948 4895; x_wconf 78' lang='grc' dir='ltr'>παλαιὸν</span> <span class='ocrx_word' id='word_1_730' title='bbox 2974 4842 3159 4895; x_wconf 79' lang='grc' dir='ltr'>τούτου</span> <span class='ocrx_word' id='word_1_731' title='bbox 3190 4842 3280 4895; x_wconf 72' lang='grc' dir='ltr'><strong>τὸν</strong></span> <span class='ocrx_word' id='word_1_732' title='bbox 3309 4841 3479 4895; x_wconf 79' lang='grc' dir='ltr'>τύπον</span> <span class='ocrx_word' id='word_1_733' title='bbox 3514 4842 3769 4911; x_wconf 75' lang='grc' dir='ltr'>ἐπλήρου.</span> <span class='ocrx_word' id='word_1_734' title='bbox 3814 4838 4056 4907; x_wconf 75' lang='grc' dir='ltr'>’Λρμότ-</span> 
     </span>
    </p>
   </div>
   <div class='ocr_carea' id='block_1_107' title="bbox 2486 4929 4055 5003">
    <p class='ocr_par' dir='ltr' id='par_1_107' title="bbox 2486 4929 4055 5003">
     <span class='ocr_line' id='line_1_107' title="bbox 2486 4929 4055 5003; baseline -0.003 -18"><span class='ocrx_word' id='word_1_735' title='bbox 2486 4950 2570 4985; x_wconf 86' lang='grc' dir='ltr'><strong>τει</strong></span> <span class='ocrx_word' id='word_1_736' title='bbox 2595 4932 2651 4985; x_wconf 84' lang='grc' dir='ltr'>δὲ</span> <span class='ocrx_word' id='word_1_737' title='bbox 2677 4932 2823 5002; x_wconf 78' lang='grc' dir='ltr'>αὐτῷ</span> <span class='ocrx_word' id='word_1_738' title='bbox 2850 4931 2924 4995; x_wconf 84' lang='grc' dir='ltr'>ὡς</span> <span class='ocrx_word' id='word_1_739' title='bbox 2953 4932 3223 5003; x_wconf 78' lang='grc' dir='ltr'>ἀνθρώπῳ</span> <span class='ocrx_word' id='word_1_740' title='bbox 3254 4932 3312 4985; x_wconf 79' lang='grc' dir='ltr'>τὸ</span> <span class='ocrx_word' id='word_1_741' title='bbox 3340 4932 3530 5001; x_wconf 43' lang='lat' dir='ltr'><strong>axona,</strong></span> <span class='ocrx_word' id='word_1_742' title='bbox 3558 4932 3654 5001; x_wconf 74' lang='grc' dir='ltr'><strong>οὐχ</strong></span> <span class='ocrx_word' id='word_1_743' title='bbox 3681 4931 3755 4993; x_wconf 84' lang='grc' dir='ltr'>ὡς</span> <span class='ocrx_word' id='word_1_744' title='bbox 3784 4929 3920 4998; x_wconf 82' lang='grc' dir='ltr'>Θεῷ.</span> <span class='ocrx_word' id='word_1_745' title='bbox 3960 4930 4055 4992; x_wconf 86' lang='grc' dir='ltr'>Ὡς</span> 
     </span>
    </p>
   </div>
   <div class='ocr_carea' id='block_1_108' title="bbox 2489 5018 4057 5093">
    <p class='ocr_par' dir='ltr' id='par_1_108' title="bbox 2489 5018 4057 5093">
     <span class='ocr_line' id='line_1_108' title="bbox 2489 5018 4057 5093; baseline -0.003 -19"><span class='ocrx_word' id='word_1_746' title='bbox 2489 5024 2596 5093; x_wconf 77' lang='grc' dir='ltr'><strong>γὰρ</strong></span> <span class='ocrx_word' id='word_1_747' title='bbox 2625 5022 2777 5084; x_wconf 74' lang='grc' dir='ltr'>Θεὸς,</span> <span class='ocrx_word' id='word_1_748' title='bbox 2815 5023 2973 5084; x_wconf 64' lang='grc' dir='ltr'>αὐτὸς</span> <span class='ocrx_word' id='word_1_749' title='bbox 2999 5023 3085 5075; x_wconf 75' lang='grc' dir='ltr'>διὰ</span> <span class='ocrx_word' id='word_1_750' title='bbox 3114 5023 3205 5075; x_wconf 82' lang='grc' dir='ltr'>τοῦ</span> <span class='ocrx_word' id='word_1_751' title='bbox 3233 5023 3546 5092; x_wconf 85' lang='grc' dir='ltr'>ίλαστηρίου</span> <span class='ocrx_word' id='word_1_752' title='bbox 3583 5019 3904 5091; x_wconf 74' lang='grc' dir='ltr'>χρηματίζει</span> <span class='ocrx_word' id='word_1_753' title='bbox 3928 5034 3943 5049; x_wconf 86' lang='grc'><strong>·</strong></span> <span class='ocrx_word' id='word_1_754' title='bbox 3974 5018 4057 5082; x_wconf 84' lang='grc' dir='ltr'>ὼς</span> 
     </span>
    </p>
   </div>
   <div class='ocr_carea' id='block_1_109' title="bbox 2489 5110 4055 5185">
    <p class='ocr_par' dir='ltr' id='par_1_109' title="bbox 2489 5110 4055 5185">
     <span class='ocr_line' id='line_1_109' title="bbox 2489 5110 4055 5185; baseline -0.006 -18"><span class='ocrx_word' id='word_1_755' title='bbox 2489 5115 2543 5167; x_wconf 77' lang='grc' dir='ltr'>δὲ</span> <span class='ocrx_word' id='word_1_756' title='bbox 2574 5114 2877 5184; x_wconf 73' lang='grc' dir='ltr'>ἄν’)ρωπος,</span> <span class='ocrx_word' id='word_1_757' title='bbox 2922 5114 3014 5166; x_wconf 76' lang='grc' dir='ltr'>καὶ</span> <span class='ocrx_word' id='word_1_758' title='bbox 3038 5116 3255 5185; x_wconf 76' lang='grc' dir='ltr'><strong>¹ταύτην</strong></span> <span class='ocrx_word' id='word_1_759' title='bbox 3284 5114 3493 5183; x_wconf 80' lang='grc' dir='ltr'>δέχεται</span> <span class='ocrx_word' id='word_1_760' title='bbox 3527 5113 3621 5179; x_wconf 85' lang='grc' dir='ltr'>τὴν</span> <span class='ocrx_word' id='word_1_761' title='bbox 3655 5110 4055 5181; x_wconf 80' lang='grc' dir='ltr'>προσηγορίαν,</span> 
     </span>
    </p>
   </div>
   <div class='ocr_carea' id='block_1_110' title="bbox 2491 5199 4052 5277">
    <p class='ocr_par' dir='ltr' id='par_1_110' title="bbox 2491 5199 4052 5277">
     <span class='ocr_line' id='line_1_110' title="bbox 2491 5199 4052 5277; baseline -0.001 -18"><span class='ocrx_word' id='word_1_762' title='bbox 2491 5205 2737 5277; x_wconf 79' lang='grc' dir='ltr'>καθάπερ</span> <span class='ocrx_word' id='word_1_763' title='bbox 2786 5206 2877 5259; x_wconf 72' lang='grc' dir='ltr'>καὶ</span> <span class='ocrx_word' id='word_1_764' title='bbox 2908 5206 3005 5269; x_wconf 70' lang='grc' dir='ltr'>τὰς</span> <span class='ocrx_word' id='word_1_765' title='bbox 3037 5205 3219 5268; x_wconf 80' lang='grc' dir='ltr'>ἄλλας,</span> <span class='ocrx_word' id='word_1_766' title='bbox 3254 5200 3361 5257; x_wconf 75' lang='grc' dir='ltr'>οἷον</span> <span class='ocrx_word' id='word_1_767' title='bbox 3396 5204 3683 5274; x_wconf 77' lang='grc' dir='ltr'>πρόϐατον,</span> <span class='ocrx_word' id='word_1_768' title='bbox 3723 5202 3815 5254; x_wconf 72' lang='grc' dir='ltr'>καὶ</span> <span class='ocrx_word' id='word_1_769' title='bbox 3856 5199 4052 5267; x_wconf 70' lang='grc' dir='ltr'>ἀμνὸς.</span> 
     </span>
    </p>
   </div>
   <div class='ocr_carea' id='block_1_111' title="bbox 2491 5289 4060 5367">
    <p class='ocr_par' dir='ltr' id='par_1_111' title="bbox 2491 5289 4060 5367">
     <span class='ocr_line' id='line_1_111' title="bbox 2491 5289 4060 5367; baseline -0.005 -17"><span class='ocrx_word' id='word_1_770' title='bbox 2491 5300 2585 5351; x_wconf 66' lang='grc' dir='ltr'>καὶ</span> <span class='ocrx_word' id='word_1_771' title='bbox 2620 5298 2879 5367; x_wconf 82' lang='grc' dir='ltr'>ἁμαρτία,</span> <span class='ocrx_word' id='word_1_772' title='bbox 2914 5297 3007 5349; x_wconf 74' lang='grc' dir='ltr'>καὶ</span> <span class='ocrx_word' id='word_1_773' title='bbox 3039 5297 3273 5365; x_wconf 77' lang='grc' dir='ltr'>κατάρα,</span> <span class='ocrx_word' id='word_1_774' title='bbox 3314 5297 3407 5349; x_wconf 74' lang='grc' dir='ltr'>καὶ</span> <span class='ocrx_word' id='word_1_775' title='bbox 3435 5297 3533 5347; x_wconf 82' lang='grc' dir='ltr'>ὅσα</span> <span class='ocrx_word' id='word_1_776' title='bbox 3562 5292 3801 5345; x_wconf 74' lang='grc' dir='ltr'>τοιαῦτα.</span> <span class='ocrx_word' id='word_1_777' title='bbox 3849 5290 3957 5341; x_wconf 70' lang='grc' dir='ltr'><strong>Καὶ</strong></span> <span class='ocrx_word' id='word_1_778' title='bbox 3988 5289 4060 5342; x_wconf 78' lang='grc' dir='ltr'>τὸ</span> 
     </span>
    </p>
   </div>
   <div class='ocr_carea' id='block_1_112' title="bbox 2496 5382 4058 5459">
    <p class='ocr_par' dir='ltr' id='par_1_112' title="bbox 2496 5382 4058 5459">
     <span class='ocr_line' id='line_1_112' title="bbox 2496 5382 4058 5459; baseline -0.006 -16"><span class='ocrx_word' id='word_1_779' title='bbox 2496 5391 2591 5459; x_wconf 81' lang='grc' dir='ltr'>μὲν</span> <span class='ocrx_word' id='word_1_780' title='bbox 2622 5390 2845 5443; x_wconf 77' lang='grc' dir='ltr'>παλαιὸν</span> <span class='ocrx_word' id='word_1_781' title='bbox 2878 5389 3181 5457; x_wconf 77' lang='grc' dir='ltr'>ἱλαστήριον</span> <span class='ocrx_word' id='word_1_782' title='bbox 3209 5389 3301 5439; x_wconf 68' lang='grc' dir='ltr'>καὶ</span> <span class='ocrx_word' id='word_1_783' title='bbox 3334 5388 3560 5455; x_wconf 77' lang='grc' dir='ltr'>ἄναιμον</span> <span class='ocrx_word' id='word_1_784' title='bbox 3585 5382 3672 5455; x_wconf 73' lang='grc' dir='ltr'>ἦν,</span> <span class='ocrx_word' id='word_1_785' title='bbox 3702 5384 3930 5451; x_wconf 72' lang='grc' dir='ltr'>ἐπείπερ</span> <span class='ocrx_word' id='word_1_786' title='bbox 3956 5383 4058 5433; x_wconf 74' lang='grc' dir='ltr'>καὶ</span> 
     </span>
    </p>
   </div>
   <div class='ocr_carea' id='block_1_113' title="bbox 2492 5471 4060 5549">
    <p class='ocr_par' dir='ltr' id='par_1_113' title="bbox 2492 5471 4060 5549">
     <span class='ocr_line' id='line_1_113' title="bbox 2492 5471 4060 5549; baseline -0.007 -16"><span class='ocrx_word' id='word_1_787' title='bbox 2492 5481 2691 5549; x_wconf 59' lang='grc' dir='ltr'>ἄψυχον</span> <span class='ocrx_word' id='word_1_788' title='bbox 2722 5496 2735 5509; x_wconf 76' lang='grc' dir='ltr'><strong>ο</strong></span> <span class='ocrx_word' id='word_1_789' title='bbox 2782 5479 2876 5532; x_wconf 76' lang='grc' dir='ltr'><strong>τοῦ</strong></span> <span class='ocrx_word' id='word_1_790' title='bbox 2911 5480 2965 5531; x_wconf 78' lang='grc' dir='ltr'>δὲ</span> <span class='ocrx_word' id='word_1_791' title='bbox 3014 5480 3120 5531; x_wconf 85' lang='grc' dir='ltr'>τῶν</span> <span class='ocrx_word' id='word_1_792' title='bbox 3171 5477 3380 5548; x_wconf 76' lang='grc' dir='ltr'>ἱερείων</span> <span class='ocrx_word' id='word_1_793' title='bbox 3426 5477 3653 5545; x_wconf 77' lang='grc' dir='ltr'>αἵματος</span> <span class='ocrx_word' id='word_1_794' title='bbox 3693 5474 3788 5535; x_wconf 82' lang='grc' dir='ltr'>τὰς</span> <span class='ocrx_word' id='word_1_795' title='bbox 3833 5471 4060 5542; x_wconf 76' lang='grc' dir='ltr'>ῥανίδας</span> 
     </span>
    </p>
   </div>
   <div class='ocr_carea' id='block_1_114' title="bbox 2494 5562 4063 5641">
    <p class='ocr_par' dir='ltr' id='par_1_114' title="bbox 2494 5562 4063 5641">
     <span class='ocr_line' id='line_1_114' title="bbox 2494 5562 4063 5641; baseline -0.006 -18"><span class='ocrx_word' id='word_1_796' title='bbox 2494 5571 2719 5641; x_wconf 64' lang='grc' dir='ltr'>ἐδέχετο.</span> <span class='ocrx_word' id='word_1_797' title='bbox 2763 5571 2823 5626; x_wconf 88' lang='lat'><strong>&#39;0</strong></span> <span class='ocrx_word' id='word_1_798' title='bbox 2855 5572 2909 5623; x_wconf 73' lang='grc' dir='ltr'>δὲ</span> <span class='ocrx_word' id='word_1_799' title='bbox 2939 5573 3210 5641; x_wconf 74' lang='grc' dir='ltr'>Δεσπότης</span> <span class='ocrx_word' id='word_1_800' title='bbox 3242 5568 3489 5640; x_wconf 79' lang='grc' dir='ltr'>Χριστὸς,</span> <span class='ocrx_word' id='word_1_801' title='bbox 3522 5568 3611 5622; x_wconf 77' lang='grc' dir='ltr'>καὶ</span> <span class='ocrx_word' id='word_1_802' title='bbox 3635 5568 3763 5629; x_wconf 69' lang='grc' dir='ltr'>Θεός</span> <span class='ocrx_word' id='word_1_803' title='bbox 3794 5567 3924 5628; x_wconf 78' lang='grc' dir='ltr'>ἐστι,</span> <span class='ocrx_word' id='word_1_804' title='bbox 3954 5562 4063 5614; x_wconf 75' lang='grc' dir='ltr'>καὶ</span> 
     </span>
    </p>
   </div>
  </div>
