4194 6432
786 394 852 456 87
1768 391 2256 451 THEODORETI
2290 388 2629 449 EPISCOPI
2651 388 3015 449 CYRENSIS
3967 383 4044 448 88

787 516 895 556 non
935 507 1114 570 potest
1145 511 1203 555 ut
1234 499 1426 553 horum
1450 498 1667 569 quidem
1705 514 1891 554 curam
1926 507 2098 569 gerat,
2143 499 2359 552 illorum

2466 495 2573 549 τῶν
2611 495 2867 550 ἁπάντων
2897 496 2925 549 ὁ
2957 493 3300 564 Δημιουργός
3324 510 3337 525 ο
3374 492 3468 546 καὶ
3505 491 3605 564 οὐχ
3635 486 3746 547 οἷόν
3787 507 3847 544 τε
3877 492 4045 546 αὐτὸν

785 606 915 646 vero
945 607 1054 646 non
1079 599 1249 662 gerat.
1273 589 1543 646 Omnibus
1565 606 1694 660 ergo
1717 592 1810 660 qui
1829 591 2092 655 credunt,
2123 589 2355 644 salutem

785 683 1010 752 praebet.
1048 682 1516 738 Circumcisionem
1551 690 1734 735 autem
1769 688 1925 735 vocat
1957 678 2197 742 Judteos,
2228 693 2361 747 pra:-

785 779 992 844 putium
1033 789 1162 829 vero
1204 774 1314 846 46
1358 783 1568 845 gentes.
1617 771 1791 827 Solvit
1843 786 2009 842 porro
2061 785 2182 826 eam
2231 783 2354 837 qua:

788 871 981 925 izicidit
1014 869 1397 938 objectioncm.

855 961 1017 1016 \‘uns.
1051 963 1138 1017 51.
1168 959 1349 1029 Legem
1375 975 1496 1029 ergo
1520 958 1839 1012 destruimus
1864 972 1954 1025 per
1973 953 2162 1024 ﬁdem?
2183 953 2357 1020 Absit,

785 1053 874 1106 sed
907 1053 1067 1122 legem
1098 1052 1403 1104 statuimus.
1432 1049 1615 1103 Multis
1647 1048 1790 1102 enim
1811 1047 1922 1114 jam
1968 1055 2114 1099 retro
2145 1043 2358 1098 saeculis

783 1156 838 1197 ct
867 1145 950 1198 lex
985 1151 1039 1195 et
1061 1142 1340 1212 prephetie
1364 1142 1430 1196 de
1456 1141 1557 1194 (ide
1582 1139 1964 1209 praedixerunt.
2002 1135 2190 1190 Fidem
2227 1149 2357 1203 ergo

785 1235 1186 1303 suscipientes,
1243 1233 1414 1303 legem
1470 1231 1884 1286 confirmamus.
1938 1227 2141 1281 Deinde
2203 1226 2358 1280 all‘ert

786 1328 980 1380 horum
1013 1325 1365 1396 probationes
1399 1342 1413 1389 ;
1443 1331 1496 1378 et
1541 1338 1664 1378 rum
1705 1330 1889 1391 posset
1944 1320 2176 1388 plurima
2228 1330 2356 1385 pro-

784 1418 1069 1488 phetarum
1121 1417 1436 1471 testimonia
1480 1413 1788 1478 adducere,
1821 1410 1995 1480 pergit
2056 1407 2122 1460 ad
2177 1408 2352 1476 ipsam

780 1509 1090 1564 Iudaeorum
1128 1509 1388 1570 radicem,
1418 1512 1471 1561 et
1506 1505 1742 1560 ostendit
1769 1499 2138 1569 patriarcham
2176 1498 2355 1551 Abra-

785 1604 1002 1654 hamuui
1032 1601 1300 1669 justitiam
1333 1614 1429 1668 per
1476 1597 1633 1650 ﬁdem
1675 1594 2058 1664 acquisivisse,
2097 1600 2152 1646 et
2183 1591 2351 1645 dicit:

1364 1774 1590 1831 CAPUT
1622 1774 1707 1829 IV.

857 1869 1078 1923 VunsJ.
1107 1866 1246 1935 Quid
1278 1882 1402 1936 ergo
1430 1867 1662 1919 dicemus
1697 1877 1897 1930 patrem
1931 1869 2169 1914 nostrum
2195 1857 2361 1911 Abra-

782 1963 995 2014 hamum
1017 1959 1273 2012 invenisse
1301 1955 1582 2011 secundum
1599 1954 1838 2007 carnem?
1868 1952 2130 2017 Ecquam,
2155 1948 2351 2018 inquit,

781 2059 1070 2120 antequam
1122 2047 1392 2101 Abraham
1460 2045 1571 2099 Deo
1602 2043 1887 2104 crederet,
1941 2040 2207 2110 justitiam
2233 2037 2354 2107 ejus

785 2159 882 2214 per
955 2156 1120 2211 opera
1173 2140 1343 2194 fuisse
1403 2137 1752 2191 audivimus?
1804 2133 2100 2188 Secundum
2147 2144 2355 2184 carnem

780 2232 926 2287 enim
953 2232 1084 2291 dicit
1133 2245 1250 2283 eam
1285 2243 1404 2297 qua:
1437 2235 1520 2282 est
1547 2227 1601 2281 in
1631 2224 1912 2295 operibus,
1971 2220 2232 2292 quoniam
2259 2233 2355 2287 per

782 2339 983 2392 corpus
1021 2336 1184 2391 opera
1223 2320 1553 2390 peragiiuus.

857 2409 1023 2466 Vsus.
1053 2409 1106 2463 2.
1141 2407 1199 2463 Si
1253 2413 1390 2462 enim
1423 2405 1687 2460 Abraham
1722 2420 1790 2459 ea:
1809 2402 2046 2474 operibus
2083 2401 2353 2471 justi/ica-

783 2513 865 2556 tus
900 2502 1193 2575 catt/tabat
1251 2498 1770 2570 gloriationem:sed
1813 2513 1915 2551 non
1969 2495 2106 2564 apud
2160 2494 2352 2548 Deum.

780 2599 1057 2654 Bonorum
1090 2611 1316 2668 Operum
1345 2595 1608 2666 perfectio
1637 2608 1733 2647 eos
1756 2593 1849 2662 qui
1874 2598 2174 2661 operantur
2197 2603 2354 2643 coro-

781 2700 900 2757 nat,
947 2692 1040 2746 sed
1101 2691 1193 2745 Dei
1247 2687 1639 2758 benignitatem
1702 2699 1810 2738 non
1877 2681 2134 2738 ostendit.
2190 2679 2354 2734 Fides

782 2791 962 2837 autem
999 2790 1297 2850 utrumque
1351 2777 1705 2832 manifestum
1763 2775 1910 2840 facit,
1962 2782 2014 2827 et
2082 2772 2201 2840 ejus
2260 2770 2352 2840 qui

777 2874 958 2928 credit
991 2873 1043 2926 iu
1073 2871 1240 2926 Deum
1265 2869 1540 2931 allectum,
1564 2876 1618 2922 et
1643 2867 1735 2920 Dei
1759 2865 2143 2934 benignitatem
2167 2880 2179 2915 :
2213 2876 2353 2931 quo-

780 2963 930 3019 niam
962 2963 1272 3033 approbans
1303 2960 1482 3023 ﬁdem,
1532 2975 1654 3012 eum
1686 2957 1777 3026 qui
1809 2956 1900 3008 illa
1946 2955 2206 3024 praeditus
2250 2962 2353 3017 est,

783 3057 1048 3111 victorem
1085 3055 1347 3108 declarat.
1374 3051 1439 3105 Et
1470 3051 1573 3105 hoc
1607 3049 1896 3104 conﬁrmat
1925 3060 2022 3115 per
2056 3045 2356 3114 Scriptura:

783 3146 1182 3204 testimonium.

851 3236 1019 3299 Vens.
1050 3237 1103 3291 5.
1139 3233 1279 3302 Quid
1293 3234 1431 3288 enim
1452 3233 1578 3286 dicit
1601 3231 1872 3298 Scriptura
1896 3232 1921 3284 ?
1943 3226 2163 3282 rredidit
2193 3226 2358 3280 Abra-

782 3331 904 3383 ham
931 3328 1056 3392 Deo,
1084 3336 1132 3381 et
1156 3333 1450 3395 reputatum
1475 3322 1649 3376 estilti
1667 3322 1735 3374 ad
1743 3321 2030 3389 justitiam.
2060 3316 2179 3370 Non
2213 3316 2358 3371 enim

781 3437 850 3475 ex
878 3421 991 3490 lege
1013 3420 1178 3474 vitam
1220 3415 1514 3470 instituens
1540 3412 1891 3467 beatissimus
1929 3408 2200 3462 Abraham
2222 3404 2362 3460 divi-

784 3527 913 3566 num
946 3508 1319 3566 testimonium
1351 3511 1637 3560 assecutus
1664 3510 1786 3566 est,
1816 3500 1910 3557 sed
1936 3501 1986 3555 ei
2020 3501 2111 3568 qui
2144 3496 2362 3552 vocavit

783 3603 1018 3660 credens
1045 3600 1273 3671 justitiaa
1299 3597 1535 3652 fructum
1560 3595 1800 3663 collegit.

851 3781 1018 3836 Vens.
1063 3780 1119 3833 4.
1165 3777 1231 3830 Ei
1261 3785 1433 3830 autem
1465 3775 1554 3843 qui
1585 3772 1692 3844 4⁵1
1723 3779 1989 3840 operatur,
2035 3782 2226 3822 merces
2257 3781 2358 3819 non

782 3875 1074 3942 imputatur
1089 3867 1370 3924 secundum
1397 3867 1648 3935 gratiam,
1674 3864 1762 3916 sed
1790 3861 2074 3916 secundum
2105 3858 2356 3912 debitum.

782 3965 1050 4032 Operator
1082 3960 1229 4014 enim
1280 3957 1513 4026 justitiae
1559 3954 1866 4010 mercedem
1901 3951 2144 4023 postulat
2177 3967 2190 4002 :
2238 3951 2358 4019 jus-

780 4056 902 4106 titia
940 4060 1124 4106 autem
1161 4065 1224 4105 ex
1279 4048 1382 4103 fide
1432 4048 1636 4102 donum
1681 4055 1767 4101 cst
1807 4045 1904 4100 Dei
1951 4045 2356 4098 universorum.

781 4145 896 4199 Iloc
926 4143 1106 4198 enim‘
1137 4141 1334 4196 docent
1358 4141 1524 4194 etiam
1555 4153 1674 4208 quae
1705 4145 2036 4208 sequuntur.

850 4235 1017 4290 Vsus.
1047 4234 1100 4288 5.
1131 4232 1192 4285 Ei
1224 4247 1339 4285 vero
1369 4231 1457 4301 qui
1487 4247 1588 4284 non
1622 4239 1890 4297 operatur,
1927 4228 2158 4282 credenti
2182 4236 2358 4278 autent

787 4331 843 4382 in
869 4327 1021 4381 illum
1054 4324 1143 4395 qui
1168 4322 1435 4393 justiﬁcat
1479 4321 1717 4390 impium,
1761 4329 2038 4389 reputatur
2089 4319 2216 4388 fides
2245 4318 2358 4387 ejus

782 4419 850 4472 ad
873 4417 1159 4488 justitiam.
1187 4415 1324 4469 Cum
1350 4413 1429 4470 sic
1453 4428 1550 4482 per
1574 4412 1944 4484 patriarcham
1982 4412 2355 4466 Abrahamum

2462 585 2569 639 τῶν
2625 586 2725 656 μὲν
2763 585 3174 656 ἐπιμελεῖσθαι,
3218 585 3344 648 τοὺς
3384 585 3442 638 δὲ
3497 583 3871 655 ἀτημελήτους
3917 584 4040 653 ὲᾷν.

2462 677 2668 731 Οὐκοῦν
2692 677 2863 730 ἆπασι
2889 679 3001 740 τοῖς
3027 675 3373 729 πιστεύουσιν
3402 676 3586 746 ὀρέγει
3610 675 3712 745 τὴν
3740 671 4039 744 σωτηρίαν.

2461 767 2725 822 Καλεῖδὲ
2770 767 3096 836 περιτομὴν
3131 768 3228 838 μὲν
3270 768 3395 830 τοὺς
3439 765 3748 830 Ἰουδαίους,
3786 765 4041 833 ἀκροϐυ-

2460 862 2638 914 στίαν
2666 859 2725 912 δὲ
2759 861 2830 913 τὰ
2855 861 3005 930 ἔθνη.
3043 860 3174 913 Λύει
3203 859 3258 912 δὲ
3285 859 3379 912 καὶ
3402 858 3464 910 τὸ
3498 857 3799 927 ύφορμοῦν.

2527 952 2626 1005 λα’.
2663 952 2863 1020 Νόμοι·
2891 951 2960 1004 δὲ
2993 947 3403 1019 καταργοῦμεν
3459 948 3559 1001 διὰ
3595 947 3708 1014 τῆς
3737 946 4042 1008 πίστεως;

2459 1043 2554 1111 Μὴ
2581 1043 2845 1112 γένοιτο·
2893 1043 3053 1096 ἀλλὰ
3093 1042 3282 1109 νόμον
3326 1036 3600 1106 ἱστῶμεν.
3655 1035 3893 1088 Ἀνωῡεν
3927 1032 4043 1102 γὰρ

2459 1131 2552 1183 καὶ
2571 1132 2599 1182 6
2617 1129 2798 1199 νόμος,
2831 1130 2926 1183 καὶ
2955 1130 3004 1182 οἱ
3035 1131 3330 1200 προφῆται,
3356 1125 3425 1180 τὰ
3442 1127 3485 1165 ³⁸
3515 1124 3648 1195 περὶ
3673 1124 3774 1193 τῆς
3797 1122 4042 1182 πίστεως

2456 1221 2768 1274 ὲθέσπισαν.
2813 1221 3101 1290 Δεχόμενοι
3133 1220 3311 1273 τοίνυν
3337 1217 3436 1289 τὴν
3463 1215 3672 1284 πίστιν,
3703 1211 4040 1283 βεϐαιοῦμεν

2456 1314 2546 1366 τὴν
2575 1313 2757 1384 νόμον.
2804 1309 2937 1366 Εἶτα
2967 1312 3170 1366 τούτων
3208 1311 3510 1382 προσφέρει
3553 1308 3651 1370 τὰς
3693 1303 3999 1368 ἀποδείξεις
4022 1319 4038 1331 ’

2457 1405 2551 1457 καὶ
2581 1402 2839 1465 πλείστας
2874 1403 3215 1473 παραγαγεῖν
3265 1399 3563 1468 δυνάμενος
3595 1395 3707 1448 τῶν
3737 1392 4040 1464 προφητῶν

2460 1494 2795 1565 μαρτυρίας,
2842 1494 2928 1545 ἐπ’
2979 1492 3150 1562 αὐτὴν
3202 1493 3370 1562 χωρεῖ
3425 1489 3535 1542 τῶν
3599 1485 3870 1538 Ἰουδαίων
3933 1481 4039 1550 τὴν

2457 1586 2650 1654 ῥίζαν,
2705 1585 2802 1638 καὶ
2843 1583 3080 1636 δείκνυσι
3126 1582 3217 1635 τὸν
3261 1581 3608 1651 πατριάρχην
3651 1574 3902 1646 Ἀϐραὰμ
3933 1574 4042 1643 τὴν

2453 1675 2542 1730 διὰ
2591 1675 2838 1738 πίστεως.
2875 1673 3220 1742 δικαιοσύνην
3273 1673 3656 1742 κτησάμενον,
3711 1667 3806 1721 καί
3859 1682 4035 1734 qna-.-

3007 1753 3402 1818 ΚΕΦΑΛΑΙΟΝ
3441 1764 3492 1813 A'

2397 1859 2437 1913 Β
2534 1867 2598 1912 α’.
2637 1859 2698 1912 Τί
2731 1852 2845 1911 οὖν
2868 1854 3120 1923 ἐροῦμεν
3170 1852 3412 1921 Ἀϐραὰμ
3455 1849 3563 1903 τὸν
3593 1845 3821 1914 πατέρα
3864 1840 4041 1912 ήμῶν

2453 1950 2770 2020 εὑρηκέναι
2820 1947 2970 2002 κατὰ
3019 1946 3252 2015 σάρκας
3294 1943 3499 2007 Ποίαν,
3546 1940 3718 2010 φησὶ,
3771 1935 3880 2007 πρὸ
3935 1931 4038 1987 τοῦ

2455 2042 2744 2098 πιστεῦσαι
2783 2041 2858 2111 τῷ
2889 2039 3009 2110 Θεῷ
3042 2039 3133 2092 τὸν
3179 2035 3452 2106 Ἀϐραὰμ,
3488 2027 3835 2099 δικαιοσύνην
3864 2023 4036 2081 αὐτοῦ

2453 2137 2521 2190 δι’
2553 2135 2728 2205 ἔργων
2777 2132 3152 2203 γεγενημένην
3209 2127 3560 2200 ἠκούσαμενς
3605 2121 3769 2177 Κατὰ
3836 2117 4038 2186 σάρκα

2456 2227 2563 2298 γὰρ
2596 2228 2688 2298 τὴν
2721 2228 2780 2278 ὲν
2821 2225 3003 2293 ἔργοις
3034 2222 3180 2290 λέγει
3207 2262 3222 2283 ,
3258 2218 3558 2290 ἐπειδήπερ
3597 2214 3686 2268 διὰ
3714 2212 3809 2266 τοῦ
3845 2210 4036 2281 σῶμα·

2455 2336 2545 2382 τος
2577 2315 2958 2387 ἐκπληροῦμεν
2986 2313 3054 2368 τὰ
3081 2313 3216 2383 ἔργα
3233 2311 3297 2365 ³⁸.

2527 2409 2591 2478 β’.
2639 2410 2706 2460 Ei
2750 2407 2859 2476 γὰρ
2900 2403 3144 2472 Ἀϐραὰμ
3196 2400 3266 2466 ἐξ
3295 2401 3483 2470 ἔργων
3522 2393 3868 2462 ἐδικαιώθη,
3901 2389 4038 2461 ἔχει

2455 2502 2735 2569 καύχημα
2763 2515 2776 2527 ·
2817 2498 2954 2552 ἀλλ’
2987 2499 3058 2549 οὐ
3098 2495 3246 2564 πρὸς
3276 2494 3383 2546 τὸν
3421 2491 3590 2546 Θεόν.
3644 2489 3708 2541 Ἦ
3749 2487 3857 2540 τῶν
3895 2485 4038 2552 ἀγα-

2457 2591 2564 2645 Θῶν
2599 2591 2775 2662 ἔργων
2817 2589 3169 2659 ἐκπλήρωσις
3200 2585 3394 2646 αὐτοὺς
3429 2581 3682 2650 στεφανοῖ
3707 2579 3832 2641 τοὺς
3868 2579 4039 2646 ἐργα-

2455 2683 2712 2752 ζομένους
2738 2722 2752 2746 ,
2805 2681 2903 2750 τὴν
2944 2679 3001 2732 δὲ
3042 2677 3136 2731 τοῦ
3170 2669 3763 2743 Θεοῦ-φιλανθρωπίαν
3813 2668 3875 2720 οὗ
3920 2664 4038 2718 δεί-

2455 2791 2678 2828 κνυσιν·
2718 2775 2751 2842 ή
2786 2773 2842 2824 δὲ
2879 2771 3062 2832 πίστις
3091 2769 3377 2838 ἀμφότερα
3423 2768 3566 2818 ποιεῖ
3596 2763 3754 2832 δῆλα,
3791 2758 3886 2814 καὶ
3936 2754 4039 2810 τοῦ

2455 2864 2882 2925 πεπιστευκότος
2915 2863 3013 2933 τὴν
3065 2861 3194 2928 περὶ
3221 2859 3310 2911 τὸν
3337 2857 3469 2909 Θεὸν
3499 2855 3738 2909 διάθεσιν
3757 2892 3772 2914 ς
3808 2851 3904 2904 καὶ
3936 2847 4038 2903 τοῦ

2456 2956 2592 3009 Θεοῦ
2646 2955 2708 3008 τὸ
2757 2952 3172 3022 φιλάνθρωπον
3227 2950 3309 3002 ὅτι
3357 2949 3456 3016 τὴν
3509 2947 3692 2998 πίστιν
3743 2941 4040 3010 δεχόμενος

2456 3042 2823 3115 ἁνακηρύττει
2873 3042 2963 3094 τὸν
3015 3039 3371 3110 κεκτημένον.
3419 3035 3530 3088 Καὶ
3575 3032 3732 3087 τοῦτο
3786 3031 3875 3084 διὰ
3930 3029 4041 3098 τῆς

2459 3135 2741 3209 Γραφικῆς
2778 3134 2984 3204 βεόαιοί
3019 3129 3345 3202 μαρτυρίας.

2531 3235 2601 3296 γ’.
2661 3227 2723 3280 Τί
2770 3225 2880 3294 γὰρ
2932 3225 2969 3291 ἦ
3031 3220 3242 3290 Γραφὴ
3308 3218 3469 3287 λέγει
3483 3234 3502 3281 ;
3558 3215 3920 3270 Ἐπίστευσε
3967 3209 4046 3264 δὲ

2476 3318 2720 3387 Ἀϐραὰμ
2739 3314 2819 3380 τῷ
2836 3313 2978 3379 Θεῷ,
2999 3313 3096 3366 καὶ
3111 3310 3396 3380 ἐλογίσθη
3425 3307 3584 3373 αὐτῷ
3614 3308 3701 3372 εἰς
3723 3301 4041 3358 δικαιοσύο

2461 3427 2597 3478 νην.
2646 3409 2721 3462 Οὐ
2762 3409 2870 3476 γὰρ
2905 3405 3046 3460 κατὰ
3090 3404 3251 3472 νόμον
3289 3399 3748 3468 πολιτευσάμενος
3781 3399 3810 3453 ὁ
3860 3394 4045 3466 μακὰο

2465 3519 2577 3572 ριος
2614 3498 2865 3570 Ἀϐραὰμ
2901 3498 2999 3566 τῆς
3029 3489 3180 3556 θείας
3214 3492 3521 3562 μαρτυρίας
3549 3488 3872 3558 τετύχηκεν,
3901 3485 4045 3538 ἀλλᾶ

2459 3593 2537 3661 τῷ
2569 3589 2860 3660 κεκληκότι
2887 3585 3182 3648 πιστεύσας
3214 3584 3310 3652 τῆς
3353 3579 3702 3650 δικαιοσύνης
3749 3579 3840 3632 τὸν
3871 3575 4044 3629 πλοῦ-

2462 3700 2550 3736 τον
2581 3681 2842 3753 ἐτρύγησε
2855 3721 2866 3732 .

2531 3774 2591 3826 δ’.
2645 3773 2728 3837 Τῷ
2768 3770 2837 3823 δὲ
2877 3766 3239 3838 ἐργαζομένῳ
3271 3766 3304 3817 ὸ
3347 3763 3568 3833 μισθὸς
3618 3761 3690 3814 οὐ
3742 3755 4047 3828 λογίζεται

2462 3865 2611 3920 κατὰ
2644 3864 2848 3933 χάριν,
2888 3860 3050 3915 ἀλλὰ
3088 3858 3240 3911 κατὰ
3295 3855 3614 3924 ὀφείλημα.
3682 3850 3742 3902 '0
3785 3849 3893 3917 γὰρ
3938 3847 4047 3916 τῆς

2459 3953 2800 4021 δικαιοσύνης
2847 3951 3086 4020 ἐργάτης
3133 3946 3326 4018 μισθὸν
3373 3943 3634 4000 ἀπαιτεῖο
3676 3943 3709 4011 ἠ
3744 3939 3802 3992 δὲ
3836 3940 3901 3990 ὲκ
3948 3939 4047 3991 πε-

2463 4063 2629 4109 στεως
2667 4043 2978 4109 δικαιοσύνη
3023 4039 3194 4109 δῶρόν
3242 4039 3356 4088 ὲστι
3401 4034 3495 4087 τοῦ
3543 4032 3653 4084 τῶν
3693 4029 3831 4084 ὅλων
3874 4027 4040 4084 Θεοῦ.

2461 4141 2630 4194 Τοῦτο
2662 4139 2769 4208 γὰρ
2796 4135 3036 4190 διδάσκει
3063 4132 3156 4186 καὶ
3189 4130 3256 4183 τὰ
3285 4128 3432 4198 ἑξῆς.

2530 4238 2590 4285 ε’.
2633 4227 2721 4294 Τῷ
2759 4227 2826 4280 δὲ
2876 4225 2962 4296 μὴ
2994 4221 3393 4294 ἐργαζομένῳ,
3439 4216 3786 4272 πιστεύοντι
3833 4211 3904 4266 δὲ
3935 4211 4043 4264 ἐπὶ

2461 4325 2567 4378 τὸν
2615 4321 2960 4376 δικαιοῦντα
3013 4317 3120 4370 τὸν
3143 4312 3334 4379 ἀσεϐῆ
3359 4350 3373 4372 ,
3430 4308 3723 4378 λογίζεται
3752 4306 3790 4372 ἡ
3824 4305 4043 4370 πίστις

2461 4415 2646 4469 αὐτοῦ
2682 4415 2769 4478 εἰς
2800 4409 3217 4473 δικαιοσύνην.
3261 4402 3417 4456 Οὕτω
3449 4402 3534 4454 διὰ
3564 4399 3658 4451 τοῦ
3693 4397 4044 4466 πατριάρχου

781 4511 1117 4567 ostendisset
1171 4509 1330 4563 [idem
1389 4522 1530 4562 esse'
1554 4507 1937 4576 antiquiorem
1989 4506 2131 4574 lege,
2186 4506 2350 4559 alium

2472 4505 2721 4576 Ἀϐραὰμ
2745 4502 2923 4566 δείξας
2966 4499 3056 4552 τοῦ
3085 4498 3250 4568 νόμου
3290 4491 3667 4562 πρεσϐυτέραν
3696 4490 3795 4556 τὴν
3826 4489 4043 4547 πίστιν,

782 4619 977 4658 rursus
1007 4603 1262 4657 idoneum
1293 4601 1457 4670 hujus
1499 4609 1689 4654 testem
1726 4600 1879 4660 citat,
1911 4599 2080 4652 David
2122 4598 2353 4668 prophe-

781 4705 892 4748 tam
914 4701 969 4748 et
995 4708 1174 4762 regem
1206 4708 1219 4744 :
1240 4691 1327 4744 cui
1351 4691 1734 4745 universorum
1755 4689 1900 4744 Deus
1925 4688 2102 4743 factas
2127 4689 2356 4742 Abraha:

781 4783 1180 4856 promissiones
1249 4781 1548 4837 renovavit.
1608 4781 1762 4835 Sicut
1825 4781 1969 4836 enim
2029 4780 2356 4849 patriarcha:

779 4877 1094 4931 Abrahamo
1135 4875 1414 4945 pollicitus
1445 4882 1532 4930 est
1558 4889 1617 4929 se
1644 4874 1697 4927 in
1721 4873 1840 4942 ejus
1866 4872 2075 4928 semine
2097 4873 2354 4927 omnibus

779 4969 1034 5041 gentibus
1065 4968 1496 5029 benedicturum,
1529 4967 1600 5020 ita
1629 4966 1794 5021 etiam
1820 4965 1959 5019 dixit
2010 4964 2354 5019 divinissimo

785 5059 972 5114 Davidi
1007 5078 1050 5113 ιι
1082 5059 1256 5113 Semel
1284 5058 1465 5126 juravi
1526 5057 1579 5111 in
1631 5066 1820 5111 sancto
1865 5069 2024 5119 meo,
2083 5057 2128 5108 si
2169 5053 2354 5108 Davidi

783 5153 1051 5207 mentiar:
1085 5166 1268 5206 semen
1291 5151 1411 5221 ejus
1443 5157 1624 5203 manet
1650 5150 1704 5203 in
1733 5147 2015 5209 saeculum,
2045 5155 2099 5200 et
2124 5145 2356 5199 thronus

780 5245 904 5314 ejus
941 5251 1199 5314 tanquam
1259 5244 1336 5297 sol
1379 5257 1564 5296 coram
1626 5257 1744 5306 me,
1795 5247 1848 5295 et
1909 5246 2167 5308 tanquam
2229 5239 2355 5292 luna

789 5335 1028 5406 perlecta
1064 5337 1116 5389 iu
1153 5343 1438 5399 :eternum,
1473 5342 1528 5388 et
1574 5334 1729 5389 testis
1769 5333 1823 5386 in
1854 5332 1994 5387 caalo
2035 5330 2210 5386 ﬁdelis
2254 5331 2271 5368 ί
2307 5349 2353 5383 ,ο

859 5493 878 5532 τ
921 5492 1063 5548 Psal.
1091 5506 1354 5553 Lxxxvm,
1385 5492 1472 5554 56,
1505 5492 1592 5545 38.

2459 4598 2646 4668 ἓτερον
2705 4593 2868 4646 πάλιν
2929 4590 3224 4659 ἀξιόχρεων
3289 4584 3542 4656 μάρτυρα
3613 4580 3818 4646 ταύτης
3879 4577 4048 4632 καλεῖ

2457 4688 2624 4743 Δαδὶδ
2649 4687 2740 4740 τὸν
2775 4684 3061 4755 προφήτην
3102 4679 3194 4733 καὶ
3245 4674 3468 4748 βασιλέα
3496 4714 3509 4738 ,
3568 4672 3704 4742 πρὸς
3744 4670 3804 4723 ὃν
3852 4671 3882 4722 ὁ
3928 4669 4048 4721 τῶν

2460 4780 2597 4834 ὅλων
2624 4777 2754 4840 Θεὸς
2783 4772 3120 4830 ἀνενεώσατο
3153 4769 3252 4832 τας
3280 4767 3416 4836 πρὸς
3461 4763 3554 4816 τὸν
3596 4761 3851 4831 ’Δεραὰμ
3876 4776 4048 4826 γεγεν

2460 4870 2761 4942 γενημένας
2795 4865 3140 4934 ἐπαγγελίας.
3179 4863 3390 4927 Ὥσπερ
3434 4855 3542 4925 γὰρ
3585 4853 3664 4921 τῷ
3714 4850 4047 4923 πατριάρχῃ

2463 4965 2728 5033 ὑπέσχετο
2766 4957 3034 5028 Ἀϐραὰμ,
3076 4957 3133 5007 ὲν
3165 4953 3242 5023 τῷ
3289 4949 3564 5018 σπέρματι
3609 4943 3769 4998 αὑτοῦ
3801 4943 4006 5012 εὐλογή
4029 4970 4045 4982 ο

2463 5071 2576 5106 σειν
2598 5052 2771 5105 πάντα
2793 5049 2860 5102 τὰ
2876 5048 3024 5115 ἔθνη.
3041 5044 3181 5100 οὓτω
3207 5043 3299 5095 καὶ
3321 5039 3398 5109 τῷ
3419 5036 3678 5102 Θειοτάτῳ
3701 5034 3806 5103 ἔφη
3833 5032 4003 5085 Δαϐίδ
4025 5050 4042 5065 ο

2469 5163 2484 5196 ι
2528 5143 2709 5206 ’Λπαξ
2751 5140 2942 5211 ὥμοσα
2998 5141 3056 5192 ὲν
3098 5135 3176 5206 τῷ
3229 5132 3369 5202 ἁγίῳ
3425 5145 3561 5199 μου,
3602 5117 3668 5178 ἐί
3737 5123 3816 5193 τῷ
3867 5123 4045 5176 Δαϐὶδ

2459 5236 2776 5305 ψεύσομαι·
2812 5232 2872 5285 τὸ
2908 5231 3126 5300 σπέρμα
3165 5223 3328 5279 αὐτοῦ
3369 5221 3447 5284 εἰς
3493 5219 3585 5271 τὸν
3633 5216 3804 5268 αἰῶνα
3841 5215 3997 5286 μένει
4023 5257 4041 5278 ,

2466 5327 2559 5380 καὶ
2591 5331 2617 5379 ὁ
2645 5325 2831 5396 θρόνος
2868 5321 3027 5375 αὑτοῦ
3053 5320 3126 5382 ὡς
3152 5321 3179 5371 ὀ
3205 5317 3355 5387 ἥλιος
3388 5309 3628 5366 ἐναντίον
3671 5325 3793 5378 μου,
3835 5306 3930 5360 καὶ
3960 5307 4044 5371 ὼς

2106 5628 2334 5684 νΑΙίΙιΕ
2371 5622 2763 5682 [ΛΞΕΤΙυΜίΞ.

859 5727 902 5755 ³·
935 5725 999 5778 τὰ
1031 5725 1181 5778 deest
1203 5725 1336 5792 apud
1354 5723 1579 5778 OEcum.
1660 5723 1700 5752 ³⁷·
1732 5722 2095 5776 ﬁlii-inuenitis
2136 5721 2359 5791 ὲπειὸηὲ

2457 5721 2551 5787 τῆς
2593 5716 2790 5788 σαρκὸς
2822 5711 3146 5786 tardabit.“
3176 5728 3222 5762 τ.
3254 5726 3296 5762 ε.
3332 5705 3538 5762 Pariter
3563 5704 3824 5760 Theodul.
3852 5718 4037 5773 quan-

785 5797 1071 5867 doquidem
1101 5811 1195 5868 per
1224 5797 1391 5865 ipsum
1425 5811 1640 5850 carnem
1671 5795 1923 5848 nimirum
1948 5809 2107 5863 opera
2139 5797 2443 5862 pellit-imus
