4194 6432
817 389 888 453 95
1794 402 2248 464 THEODORE'I'
2254 404 2278 462 Ι
2304 402 2468 461 EI’lS

2400 404 2637 466 lSCUl’I.
2686 408 3048 471 CYliENSIS
3980 422 4054 486 95

818 505 922 558 bus
942 546 956 571 ,
987 514 1039 561 ct
1072 508 1230 565 donis
1260 512 1450 581 gratim
1480 513 1805 584 patefactis,
1853 521 2121 575 transfert
2165 524 2362 575 oratio-
2398 522 2438 575 Α
2468 543 2474 557 ι

2398 522 2438 575 Α
2468 525 2566 593 τῆς
2599 526 2833 591 πίστεως
2877 531 2974 599 τὴν
3024 531 3199 600 ἰσχὺν,
3243 531 3335 583 καὶ
3386 532 3483 603 τῆς
3530 534 3750 605 χάριτος
3787 536 3854 591 τὰ
3901 537 4054 609 δῶρα

817 608 944 648 nem
991 597 1059 650 ad
1107 600 1547 664 exhortandum.
1598 614 1659 661 ut
1705 610 1866 663 etiam
1915 613 2108 665 activa:
2160 615 2382 669 \irtutis

816 701 950 740 rura
1000 699 1194 753 agatur
1250 692 1575 750 adhortans.
1632 696 1769 762 Quia
1822 700 1969 753 enizu
2031 712 2222 757 exorta
2281 706 2382 760 lide

816 775 988 845 legem
1033 780 1164 833 iixit
1197 798 1319 838 esse
1350 801 1545 839 vanam
1568 825 1584 851 ,
1618 797 1673 842 et
1715 793 1961 845 ostendit
2000 796 2377 862 patriarcliam

810 866 1085 932 justitiam
1104 884 1168 921 ex
1195 872 1297 925 lide
1327 876 1693 942 acquisiisse:
1730 895 1797 934 ne
1830 881 1899 944 ii,
1932 884 2022 950 qui
2055 899 2116 937 se
2148 885 2380 954 ignavia:

814 955 1049 1018 dedunt,
1085 964 1436 1017 occasionem
1470 968 1784 1038 accipereut
1812 974 2004 1026 activa:
2032 976 2255 1032 virtutis
2282 994 2379 1033 ne-

810 1045 1081 1116 gligenda:
1108 1090 1122 1113 ,
1153 1068 1218 1106 eo
1247 1056 1394 1122 quod
1440 1059 1715 1115 sufﬁceret
1762 1062 1897 1115 ﬁdes
1943 1064 2010 1117 ad
2054 1066 2373 1134 justilican-

812 1137 979 1201 dum,
1015 1144 1275 1196 moralem
1306 1162 1619 1203 sermonem
1648 1154 1963 1208 necessario
1995 1156 2296 1224 admiscet,
2322 1169 2376 1216 et

813 1228 950 1281 dicit
986 1248 997 1282 :

1336 1326 1439 1396 53
1496 1328 1726 1384 CAPUT
1768 1332 1833 1388 v.

887 1402 1050 1463 Vens.
1100 1410 1158 1472 Ι,
1199 1410 1252 1463 ‘2.
1292 1411 1586 1482 Justiﬁcati
1625 1435 1747 1488 ergo
1778 1438 1842 1473 ea:
1881 1423 2018 1490 ﬁde,
2058 1442 2235 1494 pacem
2277 1432 2374 1483 Ita-

812 1493 1026 1551 beamus
1074 1502 1143 1551 ad
1196 1502 1364 1555 Deum
1412 1523 1504 1575 per
1561 1510 1841 1567 Dominum
1898 1528 2140 1571 nostrum
2188 1520 2373 1577 Jesum

812 1585 1101 1644 Christum.
1140 1591 1240 1645 Per
1286 1613 1435 1664 quem
1477 1617 1612 1654 nunc
1656 1620 1924 1659 accessum
1973 1610 2253 1668 habuimus
2282 1632 2375 1683 per

810 1676 965 1740 [idem
1005 1682 1057 1733 in
1094 1683 1227 1736 hanc
1262 1690 1533 1755 gratiam,
1573 1695 1625 1745 in
1664 1712 1766 1763 qua
1808 1708 2045 1767 stamus,
2082 1714 2128 1756 et
2165 1705 2369 1773 gloria-

810 1786 931 1821 mur
964 1771 1016 1823 in
1046 1789 1131 1839 spe
1160 1775 1343 1843 gloria:
1376 1778 1488 1833 Dei.
1530 1781 1689 1836 Fides
1724 1788 1938 1851 quidem
1986 1794 2367 1850 remissionem

811 1874 1159 1928 peccatorum
1195 1868 1350 1923 vobis
1387 1874 1580 1926 tribuit
1604 1916 1616 1934 ,
1658 1892 1861 1946 vosque
1896 1882 2283 1942 immaculatus
2316 1898 2370 1942 ct

802 1958 986 2013 justos
1013 1970 1110 2023 per
1142 1957 1344 2013 lavacri
1375 1967 1844 2032 regenerationem
1874 1971 2074 2028 clTecit.
2100 1976 2370 2032 Convenit

810 2055 987 2096 autem
1035 2060 1131 2100 vos
1180 2064 1298 2102 eam
1348 2068 1569 2110 servare
1616 2074 1836 2126 pacem,
1885 2080 2047 2133 quam
2093 2083 2217 2122 cum
2263 2073 2370 2126 Deo

808 2134 1036 2190 iniistis.
1071 2138 1203 2192 Cum
1235 2143 1375 2195 enim
1412 2145 1458 2196 ei
1496 2147 1683 2205 hostes
1732 2156 1961 2216 essetis.
2000 2164 2371 2218 reconciliavit

809 2240 906 2278 vos
937 2242 1102 2283 carne
1132 2245 1383 2301 suscepta
1416 2238 1735 2308 unigenitus
1779 2245 1870 2299 Dei
1916 2246 2112 2304 Filius.
2158 2251 2367 2308 Simul-

807 2324 972 2369 tatem
1007 2331 1184 2375 autem
1221 2324 1365 2378 illaut
1404 2340 1686 2396 peccatum
1732 2339 1959 2403 peperit.
2000 2342 2194 2396 lnitam
2235 2362 2367 2416 ergo

808 2420 991 2471 pacem
1020 2408 1228 2476 justitia
1261 2420 1627 2474 conservabit.
1667 2423 1746 2475 Ad
1784 2424 1922 2480 hanc
1957 2438 2141 2484 autem
2180 2448 2366 2501 perse»

806 2499 1080 2565 quendam
1117 2518 1223 2556 non
1270 2522 1463 2575 parum
1512 2512 1731 2568 incitari
1777 2533 1877 2573 nos
1912 2524 2200 2588 convenit,
2238 2541 2364 2595 spes

806 2606 929 2657 qum
956 2594 1113 2648 nobis
1141 2594 1279 2651 data:
1309 2610 1435 2653 sunt
1471 2614 1819 2672 reputantes,
1854 2621 1905 2664 et
1933 2613 2166 2680 gloriam
2200 2594 2363 2684 quam

805 2685 1062 2739 daturum
1106 2703 1168 2741 se
1216 2691 1373 2745 nobis
1410 2693 1553 2749 Deus
1597 2708 1682 2752 est
1721 2701 2022 2767 pollicitus.
2073 2703 2367 2775 Suscepto~

806 2789 929 2828 rum
957 2780 1100 2831 enim
1138 2780 1389 2837 laborum
1419 2791 1950 2855 remunerationem,
1998 2810 2105 2847 non
2151 2812 2362 2851 merce-

803 2867 924 2921 dem
949 2909 962 2930 ,
994 2870 1086 2924 scd
1116 2875 1342 2941 gloriam
1374 2880 1702 2945 appellavit,
1727 2883 2026 2940 ostendens
2052 2896 2257 2954 quanta
2283 2889 2363 2941 [ιιι

804 2971 925 3013 tura
970 2962 1035 3015 sit
1082 2969 1467 3021 remuneratio.
1507 2970 1645 3034 Quia
1680 2984 1859 3026 autem
1895 2977 2095 3031 multas
2128 2994 2191 3031 eo
2224 2988 2362 3033 tem-

800 3066 931 3118 pore
963 3055 1238 3111 molestias
1266 3061 1651 3128 sustinebant,
1683 3065 1924 3133 injuriis.
1954 3084 2017 3122 ac
2049 3073 2359 3137 tormentis,

2489 615 2801 684 γυμνώσας,
2836 620 2927 671 ἐπὶ
2959 616 3280 687 παραίνεσιν
3305 622 3601 693 μεταφέρει
3634 623 3723 676 τὸν
3749 624 3925 693 λόγον,
3954 628 4055 680 καὶ

2483 704 2581 771 τῆς
2641 708 2948 778 πρακτικῆς
2994 709 3191 777 ἀρετῆς
3254 710 3560 779 φροντίζειν
3603 711 3650 744 ⁸³
3693 714 4049 783 παρακαλῶν.

2496 796 2710 866 Ἐπειδὴ
2738 798 2843 869 γὰρ
2881 801 3070 869 ἀργεῖν
3099 800 3202 869 ἔφη
3234 802 3326 855 τὸν
3350 802 3513 873 νόμον
3546 805 3915 876 ἀναφανείσης
3948 808 4049 876 τῆς

2484 889 2739 959 πίστεως,
2772 891 2869 942 καὶ
2897 892 2988 944 τὸν
3018 895 3362 965 πατριάρχην
3392 894 3557 959 ἔδειξε
3585 896 3682 965 τὴν
3710 898 3776 950 ὲκ
3809 897 4048 960 πίστεως

2480 979 2822 1050 δικαιοσύνην
2856 984 3222 1053 κτησάμενονο
3254 986 3341 1041 ἵνα
3380 988 3454 1057 μὴ
3501 988 3771 1058 πρόφασιν
3806 987 4046 1040 λάϐωσιν

2478 1071 2525 1120 οἱ
2554 1069 2806 1144 ῥαστώνῃ
2827 1070 3091 1136 συζῶντες
3111 1075 3333 1143 ἀμελεῖν
3364 1077 3464 1147 τῆς
3492 1080 3800 1147 πρακτικῆς
3823 1077 4042 1148 ἀρετῆς,

2478 1160 2553 1229 ὡς
2586 1161 2685 1230 τῆς
2733 1163 2965 1226 πίστεως
3015 1165 3256 1219 δικαιοῦν
3313 1166 3679 1237 ἀποχρώσης,
3732 1166 4046 1236 ἀναγκαίως

2476 1250 2602 1312 τοὺς
2632 1250 2853 1317 ἠθικοὺς
2886 1253 3211 1321 ἀναμίγνυσι
3240 1253 3452 1319 λόγους,
3488 1254 3582 1306 καί
3612 1270 3745 1323 φησι
3766 1267 3781 1283 ⁸

3010 1345 3399 1397 ΚΕΦΛᾹΑΙΟΝ
3428 1345 3502 1399 E'.

2546 1431 2615 1491 a'.
2649 1431 2712 1501 β’.
2772 1435 3186 1501 Δικαιωυέιοτες
3218 1432 3330 1490 οὗιὁ
3368 1438 3435 1489 ἐκ
3473 1437 3751 1501 πίστεως,
3791 1435 4043 1503 εἰρήνην

2475 1524 2703 1591 ἔχωμεν
2736 1525 2887 1592 πρὸς
2910 1526 3016 1577 τὸν
3046 1528 3194 1581 Θεὸν
3221 1528 3318 1582 διὰ
3345 1528 3450 1581 τοῦ
3480 1530 3698 1596 Κυρίου
3721 1525 3888 1595 ἡμῶν
3927 1528 4041 1593 ’1η-

2474 1614 2590 1666 σοῦ
2613 1614 2886 1681 Χριστοῦ,
2921 1615 2994 1666 δι’
3022 1612 3093 1671 οὗ
3134 1616 3249 1669 νῦν
3282 1616 3396 1683 τὴν
3419 1617 3820 1686 προσαγωγὴν
3850 1617 4039 1686 ἐσχή-

2475 1720 2661 1771 καμεν
2687 1703 2759 1771 τῇ
2786 1707 2979 1759 πίστει
2997 1710 3082 1772 εἰς
3108 1706 3221 1774 τὴν
3240 1707 3414 1776 χάριν
3434 1712 3679 1775 ταύτην,
3704 1709 3773 1759 ἐν
3792 1702 3830 1778 ᾗ
3859 1707 4040 1771 ἐστή-

2474 1810 2680 1862 muter,
2712 1796 2810 1848 καὶ
2840 1797 3186 1866 καυχώμεθα
3214 1798 3306 1851 ἐπ’
3332 1799 3529 1851 ἑλπίδι
3560 1798 3669 1867 τῆς
3699 1798 3884 1863 δόξης
3928 1797 4037 1850 τοῦ

2478 1886 2645 1939 Θεοῦ.
2692 1887 2755 1938 Ἦ
2784 1887 2961 1950 πίστις
2992 1888 3091 1958 μὲν
3121 1891 3252 1958 ἡμῖν
3283 1890 3597 1959 ἐδωρήσατο
3640 1888 3748 1941 τῶν
3779 1891 4035 1959 ἁμαρτη-

2478 1976 2662 2045 μάτων
2712 1978 2809 2048 τὴν
2857 1979 3070 2048 ἄφεσιν,
3108 1980 3203 2032 καὶ
3234 1978 3493 2049 ἀμώμους
3529 1980 3618 2031 καὶ
3666 1979 3902 2039 δικαίους
3945 1979 4036 2031 διὰ

2473 2072 2572 2136 τῆς
2597 2068 2690 2121 τοῦ
2730 2069 2955 2140 λουτροῦ
2988 2070 3406 2139 παλιγγενεσίας
3450 2068 3693 2139 ἀπέφηνε
3720 2086 3731 2099 ·
3768 2071 4036 2140 προσήκει

2471 2161 2526 2212 δὲ
2562 2161 2704 2230 ὑμᾶς
2736 2160 2832 2231 τὴν
2878 2160 3012 2232 πρὸς
3041 2161 3131 2214 τὸν
3172 2161 3305 2214 Θεὸν
3335 2160 3704 2231 γεγενημένην
3749 2160 4037 2228 φυλάττειν

2473 2253 2714 2321 εἰρήνην,
2758 2252 3345 2322 Ἐκπεπολεμωμένους
3390 2253 3498 2324 γὰρ
3531 2253 3674 2323 αὐτῷ
3700 2254 4035 2323 κατήλλαξεν

2471 2346 2614 2411 ὑμᾶς
2643 2346 2670 2396 ὁ
2694 2343 3001 2414 Μονογενὴς
3032 2343 3476 2415 ἐνανορωπήσας,
3516 2346 3615 2414 τὴν
3640 2345 3695 2398 δὲ
3716 2346 4034 2415 δυσμένειαν

2469 2436 2680 2505 ἐκείνην
2701 2437 2733 2502 ἠ
2768 2434 3009 2505 ἁμαρτία
3034 2434 3417 2504 προύξένησεν.
3446 2435 3655 2488 Οὐκοῦν
3684 2437 3779 2506 τὴν
3800 2455 4031 2505 γεγε-ιη-

2471 2526 2640 2594 μένην
2684 2526 2908 2595 εἰρήνην
2952 2524 3261 2595 δικαιοσύνη
3301 2524 3543 2593 φυλάξει.
3582 2528 3693 2597 Οὐχ
3732 2529 3931 2597 ἥκιστα
3972 2528 4031 2580 δὲ

2471 2613 2667 2683 ταύτην
2698 2614 2933 2683 μετιέναι
2969 2615 3256 2683 προσήκει,
3281 2616 3378 2678 τὰς
3403 2616 3691 2686 δεδομένας
3716 2621 3847 2687 ἡμῖν
3884 2619 4033 2688 λογι-

2467 2705 2723 2773 ζομένους
2754 2705 2992 2767 ἐλπίδας,
3020 2706 3112 2758 καὶ
3140 2706 3235 2775 τὴν
3260 2706 3674 2777 ἐπηγγελμένην
3708 2710 3837 2779 ἡμῖν
3879 2713 4031 2782 παρὰ

2465 2794 2557 2845 τοῦ
2580 2794 2714 2846 Θεοῦ
2752 2793 3071 2863 δοθήσεσθαι
3101 2794 3258 2858 δόξαν
3278 2813 3290 2824 ’
3320 2796 3418 2866 τὴν
3446 2796 3552 2867 γὰρ
3575 2797 3683 2849 τῶν
3718 2798 3891 2850 πόνων
3932 2802 4028 2851 ἀν-

2466 2883 2681 2948 τίδοσιν,
2708 2884 2769 2936 οὐ
2796 2882 3003 2952 μισθὸν,
3034 2884 3170 2938 ἀλλὰ
3197 2883 3386 2947 δόξαν
3413 2886 3658 2951 ἐκάλεσε,
3690 2887 3897 2951 δεικνὺς
3918 2890 4029 2941 τῶν

2465 2975 2708 3042 ἀμοιϐὦν
2754 2976 2853 3045 τὴν
2900 2974 3226 3045 ὑπερϐολήν.
3269 2977 3485 3047 Ἐπειδὴ
3527 2978 3584 3030 δὲ
3636 2979 3862 3041 πολλοὺς
3905 2983 4027 3033 κατ’

2465 3066 2668 3119 ἐκεῖνον
2692 3065 2783 3119 τὸν
2822 3065 3010 3135 καιρὸν
3044 3065 3305 3135 Οορύόονς
3347 3067 3636 3135 ὑπέμενον,
3665 3068 4025 3139 αἰκιζόμενοι,

797 3152 854 3198 et
894 3144 1385 3203 iumunerabilibus
1420 3154 1612 3207 mortis
1642 3158 1945 3223 generibus
1983 3163 2197 3229 vexati,
2235 3165 2360 3233 jure
2388 3166 2430 3222 C

2388 3166 2430 3222 ο
2468 3158 2558 3209 καὶ
2590 3156 3021 3227 στρεϐλούμενοι,
3050 3158 3142 3210 καὶ
3186 3155 3353 3227 μυρῖα
3382 3158 3627 3213 θανάτων
3665 3160 3777 3229 εἴδη
3816 3162 4024 3230 ὑπομέ-

797 3236 866 3290 de
896 3236 979 3291 his
1004 3254 1225 3308 quoque
1253 3241 1409 3297 all'ert
1436 3249 1897 3304 consolationem.

865 3414 1032 3470 Vens.
1066 3417 1119 3470 5.
1159 3415 1278 3471 Non
1331 3419 1502 3473 solum
1556 3434 1773 3491 autem,
1828 3428 1917 3480 sed
1965 3438 2015 3483 et
2064 3432 2359 3501 gloriamur

794 3508 848 3559 in
884 3508 1333 3563 tribulationibus.
1369 3511 1571 3579 Aperte
1606 3530 1760 3570 suam
1798 3518 1973 3587 ipsius
2005 3523 2355 3593 insuperabi-

796 3600 899 3652 lcm
941 3600 1106 3652 animi
1154 3602 1587 3670 magnitudinem
1631 3611 1890 3663 ostendit.
1930 3612 2049 3667 Non
2093 3619 2239 3670 enim
2268 3619 2353 3673 di.

795 3693 896 3753 xit,
929 3691 1277 3745 alllictionem
1320 3697 1678 3761 sustinemus,
1710 3701 1825 3762 sed,
1860 3702 2167 3761 Gloriamur
2194 3711 2357 3763 etiam

792 3782 848 3834 in
905 3782 1290 3849 afﬂictionibus.
1360 3784 1693 3849 Gloriantur,
1737 3790 1950 3858 inquit,
1987 3802 2039 3847 et
2096 3798 2163 3850 de
2200 3799 2356 3854 nobis

797 3873 1079 3940 niagnilice
1128 3875 1417 3937 sentimus,
1451 3886 1510 3929 ut
1554 3879 1646 3946 qui
1680 3880 1854 3936 simus
1881 3880 2093 3939 Domini
2137 3890 2355 3956 passio-

796 3977 925 4014 num
1006 3964 1324 4035 participes.
1356 3965 1422 4019 Et
1454 3968 1555 4021 hoc
1582 3971 1797 4038 quidem
1833 3988 1940 4026 non
1966 3974 2107 4029 dixit
2133 3989 2348 4047 aperte.

793 4050 870 4103 Ita
896 4054 1038 4105 enim
1066 4056 1275 4107 sentire
1294 4095 1308 4117 ,
1333 4062 1669 4124 esteorum‘,
1696 4062 1790 4127 qui
1821 4078 1926 4115 non
1955 4065 2116 4119 aliter
2142 4083 2205 4121 ac
2234 4068 2353 4137 ipse

792 4140 1015 4209 perfecti
1045 4155 1191 4198 smn.
1220 4145 1371 4199 Alios
1404 4156 1582 4201 autem
1615 4164 1680 4202 ex
1713 4150 1913 4207 futuris
1946 4158 2296 4214 consolatur.

864 4230 1025 4286 Vens.
1064 4235 1129 4299 4,
1164 4236 1215 4289 5.
1256 4235 1495 4290 Scieutes
1518 4278 1531 4301 ,
1563 4241 1699 4306 quod
1733 4244 2006 4299 tribulatio
2035 4250 2351 4315 patientiam

790 4333 1058 4384 operatur,
1118 4328 1372 4390 patientia
1430 4338 1605 4382 autem
1655 4332 2053 4399 probationem,
2109 4341 2351 4406 probatio

789 4428 906 4464 vero
932 4430 1111 4481 spem;
1150 4433 1264 4485 spes
1298 4428 1472 4472 autent
1505 4437 1605 4474 non
1637 4424 1937 4492 confundit.
1975 4428 2083 4501 54
2112 4431 2350 4497 Quando

787 4504 972 4572 aliqua
1006 4505 1231 4559 molesta
1268 4512 1579 4579 quempiam
1613 4516 2077 4575 circumsetlerint
2100 4562 2114 4586 ,
2152 4526 2198 4578 si
2234 4526 2345 4580 for-

788 4593 914 4646 titer
963 4592 1105 4647 ferat
1146 4610 1336 4650 eorum
1385 4599 1622 4668 impetus
1649 4643 1664 4665 ,
1705 4607 1972 4674 probatus
2002 4611 2259 4681 edicitur,
2294 4626 2348 4670 et

788 4686 1095 4738 futurorum
1147 4703 1246 4756 spe
1296 4690 1511 4745 nititur.
1574 4693 1667 4746 llla
1701 4708 1882 4750 autem
1917 4715 2029 4755 non
2060 4712 2143 4757 est
2174 4704 2343 4769 falsa,

786 4776 880 4829 sed
912 4790 1097 4828 verum
1128 4777 1311 4832 habet.
1364 4782 1479 4836 Hoc
1528 4785 1673 4839 enim
1720 4796 1808 4841 est
1861 4792 2006 4859 quod
2058 4796 2174 4857 ait,
2224 4795 2344 4850 Non

785 4863 1059 4932 confundit
1086 4879 1104 4917 :
1133 4882 1326 4936 nempe
1352 4871 1479 4935 quia
1511 4874 1603 4940 qui
1636 4888 1895 4943 sperant,
1929 4887 1984 4933 et
2015 4895 2111 4948 Spe
2139 4882 2343 4938 fallun-

787 4964 894 5017 tur,
922 4956 1260 5010 crubescunt
1288 4967 1340 5012 et
1373 4960 1583 5028 pudore
1611 4965 1923 5022 aﬂiciuntur
1951 4987 1963 5022 :
1994 4971 2135 5037 Quia
2162 4976 2340 5028 chari-

784 5053 868 5097 tas
904 5044 1000 5098 Dei
1029 5047 1226 5114 (ti/lusa
1253 5060 1332 5101 est
1359 5052 1411 5103 in
1441 5054 1691 5109 cordibus
1722 5061 1920 5113 nostris
1950 5077 2042 5128 per
2073 5063 2337 5132 Spiritum

780 5147 1060 5204 sanetur»,
1093 5142 1181 5208 qui
1230 5141 1387 5195 datus
1437 5155 1513 5197 est
1562 5147 1732 5202 nobis.
1789 5150 2135 5208 Sanctissimi
2186 5158 2332 5211 enim

784 5225 1023 5295 Spiritus
1051 5229 1222 5297 gratia
1246 5269 1261 5294 ,
1288 5248 1454 5300 quam
1491 5250 1586 5302 per
1621 5236 1953 5306 baptismum
1982 5245 2299 5312 accepimus
2321 5288 2334 5310 ,

782 5327 1033 5372 nostrum
1088 5322 1142 5373 in
1195 5320 1360 5376 Deum
1412 5324 1747 5381 desiderium
1801 5332 2075 5387 accendit.
2133 5336 2339 5392 Deinde

778 5410 946 5463 etiam
976 5410 1138 5466 docet
1169 5428 1371 5469 causas
1404 5417 1630 5472 amoris.

853 5498 1016 5556 Vens.
1058 5504 1123 5570 (ἰ,
1153 5507 1205 5558 7.
1249 5505 1493 5562 Christus
1531 5511 1666 5564 enim
1692 5555 1704 5579 ,
1742 5529 1859 5568 cum
1896 5516 2067 5570 adhuc
2102 5534 2332 5578 esseums

2464 3265 2665 3310 νοντες,
2711 3248 2935 3312 εἰκότως
2973 3250 3065 3302 καὶ
3110 3250 3209 3321 τὴν
3253 3250 3614 3319 περὶτούτων
3666 3250 4026 3321 ψυχαγωγίαν

2464 3340 2777 3410 προσφέρει.

2531 3432 2598 3498 γ’.
2634 3433 2715 3483 Οὐ
2738 3432 2930 3499 μόνον
2955 3430 3042 3496 δὲ,
3092 3431 3251 3485 ἀλλὰ
3298 3434 3394 3483 καὶ
3425 3433 3771 3501 καυχώμεθα
3798 3434 3866 3486 ἐν
3896 3433 4027 3499 ταῖς

2460 3520 2558 3574 0.11
2566 3522 2726 3586 ψεσι.
2763 3518 2955 3585 Σαφῶς
2988 3520 3178 3572 ἑαυτοῦ
3210 3520 3308 3590 τὴν
3338 3520 3744 3592 ἀνυπέρϐλητον
3785 3524 4024 3592 μεγαλο-

2458 3611 2655 3679 ψυχίαν
2686 3611 2976 3674 ἐπέδειξεν.
3019 3612 3093 3663 Οὐ
3125 3612 3233 3682 γὰρ
3282 3610 3453 3678 εἶπεν,
3497 3614 3871 3684 Ύπομένομεν
3919 3616 4024 3679 τὰς

2459 3703 2685 3771 θλίψεις,
2732 3703 2888 3763 ἀλλὰ,
2930 3704 3037 3755 Καὶ
3082 3704 3432 3772 καυχώμεθα
3474 3705 3543 3756 ἐν
3580 3705 3707 3771 ταῖς
3752 3708 4019 3774 θλίψεων.

2458 3795 2859 3865 Σεμνυνὸμεθα,
2919 3797 3073 3866 φησὶ,
3114 3796 3209 3847 καὶ
3254 3797 3395 3866 μέγα
3440 3798 3763 3867 φρονοῦμεν,
3794 3798 3869 3859 ὡς
3906 3815 4022 3849 κοι-

2456 3886 2746 3950 νωνοῦντες
2782 3887 2859 3956 τῷ
2886 3888 3137 3959 Δεσπόπῃ
3167 3887 3275 3941 τῶν
3318 3890 3676 3959 παθημάτων.
3717 3890 3822 3941 Καὶ
3859 3889 4023 3943 τοῦτ’)

2460 3975 2556 4042 μὲν
2588 3974 2686 4027 οὐκ
2722 3970 2842 4028 εἷπε
2874 3975 3056 4044 σαφῶς
3081 3994 3092 4006 ·
3127 3976 3234 4028 τῶν
3286 3978 3393 4047 γὰρ
3433 3979 3550 4030 κατ’
3578 3979 3741 4031 αὑτὸν
3784 3979 4012 4031 τελείων

2455 4065 2513 4117 τὸ
2540 4064 2680 4118 οὕτω
2730 4069 2942 4135 φρονεῖν
2967 4083 2978 4095 ·
3003 4068 3127 4131 τοὺς
3147 4067 3202 4119 δὲ
3236 4067 3425 4131 ἄλλους
3452 4068 3559 4121 ἀπὸ
3582 4069 3686 4121 τῷν
3717 4069 4021 4138 μελλόντων

2453 4157 2787 4227 ψυχαγωγεῖ.

2523 4248 2585 4310 δ’,
2618 4250 2677 4305 ε’.
2742 4251 2981 4317 Εἰδότες
3019 4251 3108 4305 ὅτι
3140 4254 3178 4319 δή
3218 4252 3424 4320 θλίψις
3460 4252 3772 4320 ὑπομονὴν
3818 4269 4018 4320 κατερ-

2454 4338 2698 4407 γάζεται,
2729 4341 2765 4405 ὴ
2796 4341 2862 4394 δὲ
2890 4341 3157 4409 ὑπομονὴ
3197 4341 3471 4412 δοκιμὴν,
3518 4344 3554 4409 ἠ
3579 4343 3645 4395 δὲ
3669 4342 3880 4410 δοκιμὴ
3915 4342 4018 4396 ἐλ-

2454 4432 2615 4484 πίδα·
2651 4433 2689 4499 ἡ
2747 4432 2814 4484 δὲ
2871 4432 3046 4498 ἐλπίς
3107 4435 3171 4486 οὐ
3236 4435 3637 4501 καταισχύνει.
3693 4435 3859 4486 Ὅταν
3892 4435 4017 4487 τινὰ

2454 4521 2840 4593 περιστοιχήσῃ
2869 4520 2936 4572 τὰ
2960 4520 3277 4591 σκυθρωπὰ,
3329 4517 3448 4574 εἶτα
3517 4522 3779 4588 γενναίως
3813 4521 4017 4591 ἐνέγκῃ

2447 4611 2651 4663 τούτων
2697 4610 2794 4679 τὴν
2845 4608 3167 4681 προσϐολὴν,
3217 4610 3434 4680 δόκιμος
3477 4611 3881 4673 ἀποδείκνυται,
3918 4612 4016 4662 καὶ

2448 4704 2513 4770 τῇ
2564 4700 2736 4752 ἐλπίδι
2795 4700 2901 4752 τῶν
2952 4698 3250 4768 μελλόντων
3309 4700 3595 4770 ἐρείδεται.
3640 4701 3904 4770 Ἀψευδὴς
3954 4699 4014 4751 δὲ

2448 4792 2649 4861 ἐκείνη,
2680 4792 2773 4844 καὶ
2815 4791 2875 4843 τὸ
2919 4790 3115 4862 ἀηλθὲς
3151 4790 3364 4860 ἔχουσα.
3393 4790 3563 4843 Τοῦτο
3600 4791 3709 4859 γὰρ
3739 4785 3891 4843 εἶπε·
3927 4793 4013 4844 Οὺ

2448 4884 2861 4951 καταισχύνει·
2893 4883 2967 4946 ὡς
2988 4882 3095 4935 τῶν
3118 4880 3439 4945 ἐλπιζόντων
3467 4881 3586 4951 μὲν,
3613 4880 4011 4951 διαμαρτανὼδ

2447 4992 2553 5027 των
2604 4974 2682 5038 δὲ,
2718 4973 3118 5042 αἰσχυνομένων
3181 4974 3273 5025 καὶ
3320 4969 3709 5041 ὲρυθριώντων.
3776 4971 3904 5022 ’Ὅτι
3970 4973 4011 5038 ἡ

2444 5065 2643 5133 ἀγάπη
2670 5066 2773 5118 τοῦ
2799 5065 2944 5118 Θεοῦ
2964 5064 3276 5133 ἐκκέχυται
3297 5065 3363 5117 ἐν
3402 5065 3530 5129 ταῖς
3542 5064 3810 5131 καρδίαις
3838 5060 4008 5131 ἡμῶν

2444 5159 2542 5211 διὰ
2569 5159 2906 5224 Πνεύματος
2932 5157 3103 5224 ἁγίου
3134 5155 3239 5210 τοῦ
3276 5155 3551 5220 δοθέντος
3580 5154 3741 5223 ἡμῖν.
3780 5155 3842 5205 Ἡ
3897 5156 4008 5225 γὰρ

2444 5250 2539 5303 τοῦ
2582 5249 2844 5315 παναγίου
2884 5248 3197 5315 Πνεύματος
3234 5247 3414 5317 χάρις,
3447 5246 3514 5316 ἢν
3553 5246 3638 5299 διὰ
3666 5244 3757 5297 τοῦ
3802 5246 4002 5313 βαπτί-

2447 5355 2649 5409 σματος
2672 5338 2986 5405 ἐδεξάμεθα.
3009 5338 3098 5389 τὸν
3130 5338 3255 5405 περὶ
3286 5336 3417 5387 Θεὸν
3460 5337 3668 5404 ὲνὴμῖν
3700 5334 4005 5405 ὲπύρσευσε

2448 5429 2628 5481 πόθον.
2657 5422 2787 5481 Εἶτα
2815 5428 3053 5481 διδάσκει
3085 5428 3177 5478 καὶ
3203 5426 3294 5478 τοῦ
3350 5426 3570 5496 φίλτρου
3606 5424 3703 5488 τὰς
3727 5425 4005 5495 ἀφορμάς.

2517 5521 2589 5586 ς’,
2621 5519 2683 5584 ζ’.
2718 5521 2781 5572 Ἔ
2789 5538 2838 5573 τι
2866 5520 2973 5589 γὰρ
3006 5518 3276 5587 Χριστὸς,
3304 5517 3492 5571 ὄντων
3511 5514 3679 5585 ἡμῶν
3708 5513 4004 5581 ἀσθενῶν,

2085 5702 2306 5759 γΑιιιλε
2344 5704 2740 5759 ιλιατιοκιεε.

852 5762 895 5795 ⁴⁹
920 5763 961 5816 Β
1001 5772 1288 5838 φροντίζει.
