4194 6432
775 379 847 443 99
1791 371 2277 433 TlIEODURETI
2321 371 2656 431 EPISCOPI
2699 370 2941 431 (ZYREN
2948 370 3016 430 SI
3024 371 3061 429 S

3929 366 4055 429 100

775 498 1047 560 peccatum
1106 487 1159 541 in
1216 485 1469 539 mundum
1528 485 1769 551 intratit,
1827 494 1874 538 et
1933 500 2023 552 per
2076 492 2347 552 peccatum

2460 482 2549 534 τία
2564 484 2650 546 είς
2686 480 2791 533 τὸν
2810 482 3042 550 κόσμον
3064 478 3332 547 εἰσῆλθε,
3365 478 3462 533 καί
3483 478 3579 534 διὰ
3608 479 3716 546 τῆς
3742 478 4059 548 ἁμαρτίας

777 598 941 647 mors,
971 591 1021 635 et
1046 582 1120 633 ita
1156 581 1211 633 in
1259 594 1437 632 omnes
1469 579 1704 632 homines
1741 592 1882 629 mors
1933 576 2265 643 pertransiit,
2296 575 2352 626 in

775 690 877 743 quo
906 689 1083 725 omnes
1135 681 1499 737 peccaverunt.
1532 668 1665 721 Cum
1729 666 1996 720 Dominus
2028 664 2176 719 Deus
2209 662 2353 715 Ada-

775 782 923 820 mum
955 762 1315 826 condidisset,
1357 771 1412 815 et
1446 762 1658 814 ratione
1695 767 1972 820 ornasset,
2004 774 2173 811 unum
2208 756 2356 810 dedit

776 863 1105 925 praeceptum
1145 855 1209 907 ad
1246 854 1508 906 rationem
1541 848 1929 905 exercendam.
1968 846 2155 917 Neque
2205 846 2353 900 enim

781 946 893 999 ﬁeri
929 955 1165 1015 poterat,
1222 952 1280 997 ut
1331 944 1423 1012 qui
1482 952 1634 997 esset
1688 942 1919 994 rationis
1971 940 2268 1008 particeps,
2301 944 2355 991 et

778 1036 920 1089 bona
981 1051 1043 1088 ac
1097 1034 1237 1087 mala
1290 1032 1643 1087 discernendi
1704 1030 2018 1084 facultatem
2088 1028 2352 1093 haberet,

779 1128 985 1196 absque
1026 1126 1131 1179 ulla
1186 1126 1304 1195 lege
1341 1127 1568 1178 viveret.
1631 1122 1681 1176 Is
1720 1123 1985 1192 deceptus
2032 1103 2351 1175 mandatum

776 1225 1162 1285 transgressus
1185 1226 1289 1271 est.
1326 1197 1597 1284 Supplicii
1647 1223 1828 1267 autem
1870 1213 2350 1267 comminationcm

776 1308 1060 1376 legislator
1089 1308 1347 1361 mandato
1394 1305 1684 1374 conjunxit
1712 1306 1779 1358 ab
1830 1305 2006 1358 initio.
2046 1307 2099 1358 is
2132 1304 2314 1371 itaque
2336 1342 2349 1363 ,

775 1414 901 1451 cum
946 1399 1139 1453 mortis
1183 1399 1405 1451 decreto
1450 1397 1627 1452 factus
1692 1396 1888 1451 fuisset
1931 1396 2222 1458 obnoxius,
2276 1394 2352 1446 ita

775 1490 1005 1542 Cainum
1039 1497 1092 1544 et
1120 1489 1347 1543 Sethum
1381 1499 1434 1542 et
1474 1489 1609 1542 alios
1642 1485 1847 1555 genuit.
1874 1484 2078 1540 Omnes
2110 1499 2262 1554 ergo,
2294 1492 2354 1536 ut

775 1594 841 1633 ex
875 1580 965 1633 tali
1020 1580 1324 1649 progeniti,
1378 1578 1664 1631 mortalem
1723 1575 1998 1629 habebant
2053 1586 2348 1628 naturam:

777 1670 1093 1740 huiusmodi
1129 1678 1310 1724 autem
1344 1676 1540 1722 natura
1567 1666 2002 1736 multisindiget,
2035 1675 2087 1719 et
2121 1666 2266 1729 cibo,
2299 1675 2353 1719 et

776 1773 931 1833 potu.
977 1771 1031 1816 et
1066 1762 1444 1823 indumentis,
1493 1770 1547 1816 et
1598 1760 1958 1822 habitatione,
2014 1767 2066 1812 et
2116 1755 2351 1811 diversis

2455 576 2489 626 ὁ
2519 571 2796 637 θάνατος,
2839 573 2937 625 καὶ
2983 572 3171 637 οὕτως
3207 573 3293 636 εἰς
3310 571 3355 602 ⁸⁵
3404 572 3635 638 πάντας
3678 573 4060 640 ἀνθρώπους

2454 664 2701 731 διῆλθεν
2724 668 2756 717 ό
2787 664 3069 731 θάνατος,
3122 665 3214 733 ἐφ’
3252 658 3301 731 ᾧ
3338 663 3555 730 πάντες
3608 665 3892 734 ἥμαρτον.
3926 667 4058 720 Τὸν

2467 757 2637 825 Ἀδὰμ
2667 759 2696 810 6
2735 758 3011 826 Δεσπότης
3057 758 3468 828 δημιουργήσας
3527 758 3692 821 Θεὸς,
3734 760 3827 811 καὶ
3889 761 4061 830 λόγῳ

2455 850 2709 919 τιμήσας,
2757 849 2885 919 μίαν
2927 850 3157 903 δέδωκεν
3195 850 3417 920 ἐντολὴν
3457 852 3537 913 είς
3587 853 3897 921 γυμνασίαν
3940 854 4056 906 τοῦ

2455 937 2694 1005 λογικοῦ.
2727 941 2863 995 Οὐδὲ
2891 941 2998 1011 γὰρ
3029 937 3144 994 οἷόν
3163 960 3224 994 τε
3255 938 3322 1014 ἦν
3346 943 3437 995 τὸν
3466 943 3621 1011 λόγον
3647 946 4055 1017 μετειληφότα,

2454 1033 2549 1083 καὶ
2594 1032 2703 1085 τῶν
2746 1032 2967 1100 ἀγαθῶν
3024 1034 3118 1086 καὶ
3160 1034 3266 1086 τῶν
3313 1034 3569 1088 ἐναντίων
3612 1037 3710 1106 τὴν
3746 1038 4057 1106 διάγνωσιν

2455 1121 2666 1191 ἔχοντα,
2702 1124 2865 1193 νόμου
2900 1124 3043 1186 τινὸς
3080 1126 3249 1195 χωρὶς
3292 1126 3689 1181 πολιτεύεσθαι.
3732 1125 3897 1192 Οὗτος
3943 1131 4058 1195 ἐξ·-

2457 1214 2758 1284 απατηθεὶς
2816 1216 3032 1285 παρέϐη
3072 1218 3167 1285 τὴν
3218 1217 3439 1288 ἐντολήν
3470 1236 3483 1249 ·
3517 1219 3617 1288 τῆς
3656 1220 3713 1273 δὲ
3762 1222 4056 1291 τιμωρίας

2455 1302 2552 1371 τὴν
2595 1303 2824 1374 ἀπειλὴν
2857 1306 2884 1355 6
2934 1304 3231 1375 νομοθέτης
3274 1307 3338 1376 τῇ
3394 1307 3581 1377 ἐντολῇ
3634 1307 3949 1374 συνέζευξεν
3979 1311 4056 1377 ἐξ

2454 1393 2651 1463 ἀρχῆς.
2693 1393 2830 1445 Ὑπὸ
2866 1392 2956 1445 τὸν
2986 1393 3111 1462 ὅρον
3147 1394 3326 1448 τοίνυν
3376 1389 3532 1458 οὗτος
3556 1395 3652 1448 τοῦ
3683 1396 3913 1449 θανάτου
3940 1416 4055 1465 γε-

2454 1486 2697 1553 νόμενος,
2749 1483 2893 1537 οὕτω
2930 1484 3040 1537 τὸνο
3073 1486 3232 1549 Κάῖν,
3278 1487 3372 1539 καὶ
3429 1486 3520 1540 τὸν
3571 1487 3700 1558 Σὴθ,
3759 1490 3854 1542 καὶ
3909 1492 4057 1554 τοὺς

2455 1575 2644 1637 ἄλλους
2698 1575 3010 1645 ἐγέννησεν.
3050 1577 3327 1642 ’Ἅπαντες
3378 1573 3507 1645 οὖν,
3557 1581 3632 1645 ώς
3682 1585 3745 1635 ἐκ
3792 1585 4053 1637 τοιούτου

2455 1668 2672 1736 φύντες,
2700 1668 2900 1740 θνητὴν
2929 1665 3074 1740 εἶχον
3099 1672 3198 1742 τὴν
3225 1672 3386 1740 φύσιν
3411 1686 3426 1702 ·
3457 1675 3490 1743 ἡ
3519 1674 3576 1727 δὲ
3620 1677 3841 1746 τοιαύτη
3872 1680 4055 1746 φύσις

2454 1760 2663 1813 πολλῶν
2694 1763 2840 1814 ἐστιν
2871 1761 3078 1832 ἐνδεὴς.
3124 1764 3219 1815 καὶ
3263 1763 3505 1834 βρωτῶν,
3545 1767 3642 1819 καὶ
3698 1768 3899 1831 ποτῶν,
3941 1770 4053 1822 καὶ

774 1856 1012 1909 artibus.
1046 1853 1251 1907 ilorum
1311 1862 1493 1906 autem
1526 1867 1662 1907 usus
1704 1856 1881 1920 saepe'
1934 1848 2003 1902 ad
2036 1846 2341 1902 mediocri-

2460 1853 2839 1921 περιϐολαίων,
2874 1854 2969 1907 καὶ
2995 1855 3332 1925 οἰκημάτων,
3360 1859 3456 1910 καὶ
3497 1860 3705 1929 τεχνῶν
3734 1861 4047 1933 διατόρων.

774 1948 903 2002 tatis
970 1961 1260 2001 excessum
1328 1945 1556 1999 affectus
1624 1944 1815 1996 incitat
1873 1960 1887 1996 :
1949 1939 2347 1995 mediocritatis

775 2051 958 2093 autem
1015 2054 1279 2093 excessus
1348 2043 1632 2106 peccatum
1674 2042 1919 2104 generat.
1987 2031 2129 2085 Dicit
2168 2030 2354 2099 itaque

775 2134 995 2187 divinus
1052 2131 1366 2200 Apostolus,
1424 2129 1569 2199 quod
1629 2144 1755 2183 cum
1812 2126 1982 2181 Adam
2046 2133 2351 2197 peccasset,

776 2225 1135 2293 mortalisque
1168 2231 1392 2293 pr0pter
1415 2230 1702 2292 peccatum
1730 2220 1912 2275 factus
1935 2227 2105 2282 esset,
2140 2226 2355 2272 utrum-

775 2330 881 2384 que
906 2314 971 2367 ad
1007 2328 1179 2385 genus
1200 2310 1565 2383 permanavit.
1599 2308 1679 2362 Ad
1702 2323 1895 2362 omnes
1921 2306 2065 2361 enim
2102 2304 2355 2359 homines

775 2421 925 2460 mors
953 2404 1214 2474 pervasit,
1256 2410 1535 2474 quatenus
1567 2415 1761 2456 Omnes
1798 2406 2190 2471 peccaverunt.
2231 2394 2352 2449 Non

776 2498 924 2551 enim
957 2505 1180 2567 propter
1214 2496 1379 2565 primi
1411 2494 1659 2565 parentis
1705 2499 1990 2563 peccatum
2011 2531 2025 2555 ,
2080 2488 2175 2546 sed
2228 2504 2355 2558 pro-

775 2599 898 2661 pter
931 2605 1091 2644 suum
1133 2588 1521 2659 unusquisque
1558 2587 1752 2640 Illﬂl‘lis
1779 2584 2063 2639 decretum
2096 2582 2350 2651 suscipit.

846 2770 1013 2826 Vens.
1051 2772 1135 2823 13.
1170 2769 1343 2841 Usque
1380 2772 1449 2824 ad
1478 2772 1641 2841 legem
1663 2770 1805 2824 enim
1834 2778 2111 2836 peccatum
2146 2776 2262 2821 erat
2301 2768 2355 2819 in

777 2864 1019 2920 mundo:
1054 2872 1325 2930 peccatum
1371 2872 1556 2916 autem
1600 2879 1705 2915 non
1738 2863 2035 2930 imputatur
2094 2877 2211 2913 cum
2269 2859 2357 2912 lea:

778 2972 880 3010 non
912 2965 1009 3009 est.
1046 2954 1190 3017 Non,
1226 2962 1286 3007 ut
1316 2953 1568 3008 nonnulli
1601 2951 1946 3015 existimant,
1997 2965 2094 3005 eos
2130 2958 2358 3003 accusat

779 3047 871 3115 qui
904 3048 1074 3119 legem
1120 3054 1546 3116 praecesserunt,
1596 3045 1689 3098 sed
1732 3059 1925 3098 omnes
1979 3041 2163 3098 simul.
2218 3039 2356 3093 Illud

2469 1943 2534 1996 Ἡ
2562 1944 2619 1996 δὲ
2644 1944 2849 1998 τούτων
2871 1945 3030 2015 χρεία
3052 1945 3288 2015 ὲρεθίξει
3322 1947 3583 2012 πολλάκις
3618 1951 3703 2014 είς
3758 1953 4052 2022 ἀμετρίαν

2455 2031 2522 2084 τὰ
2547 2031 2727 2102 πάθη·
2761 2034 2795 2103 ὴ
2823 2033 2881 2085 δὲ
2917 2035 3156 2103 ἀμετρία
3197 2034 3297 2106 τὴν
3338 2037 3609 2108 ἁμαρτίαν
3639 2042 3822 2112 γεννᾷ.
3871 2043 4051 2111 Λέγει

2454 2123 2633 2177 τοίνυν
2659 2124 2688 2177 6
2720 2125 2862 2188 θεῖος
2910 2126 3251 2192 Ἀπόστολος,
3294 2130 3376 2183 ὅτι
3413 2130 3507 2183 τοῦ
3556 2131 3725 2203 Ἀδάμ
3777 2135 4046 2206 ἡμαρτη-

2458 2219 2635 2283 κότος,
2674 2219 2769 2273 ml.
2810 2219 3004 2290 θνητοῦ
3045 2220 3133 2275 διὰ
3178 2221 3278 2291 τὴν
3320 2223 3593 2294 ἁμαρτίαν
3642 2227 4046 2297 γεγενημένου,

2457 2310 2738 2381 ἐχώρησεν
2782 2312 2862 2375 είς
2904 2313 2967 2367 τὸ
3011 2313 3166 2380 γένος
3209 2313 3518 2386 ἀμφότερα.
3551 2316 3644 2380 Εἰς
3677 2319 3886 2383 πάντας
3924 2321 4053 2392 γὰρ

2453 2401 2775 2471 ἀνθρώπους
2814 2402 3030 2473 διῆλθεν
3056 2405 3086 2456 6
3118 2404 3370 2470 θάνατος,
3405 2409 3490 2476 ἐφ’
3528 2400 3572 2477 ᾧ
3604 2410 3804 2473 πάντες
3847 2412 4049 2484 ἦμαρ.

2455 2511 2566 2549 τον.
2605 2495 2681 2548 Οὐ
2724 2495 2832 2566 γὰρ
2878 2496 2964 2549 διὰ
3009 2496 3110 2566 τὴν
3179 2496 3276 2549 τοῦ
3335 2497 3681 2571 προπάτορος
3736 2502 4047 2571 ἁμαρτίαν,

2455 2585 2592 2640 ἀλλὰ
2632 2586 2721 2640 διὰ
2756 2587 2854 2657 τὴν
2890 2587 3098 2641 οἰκείαν
3144 2588 3374 2654 ἕκαστος
3411 2590 3626 2663 δέχεται
3665 2592 3756 2647 τοῦ
3798 2593 4047 2647 θανάτου

2452 2680 2545 2731 τὸν
2573 2680 2717 2750 ὅρον.

2533 2770 2625 2837 ιγ’.
2662 2772 2835 2838 Ἄχρι
2859 2770 2970 2839 γὰρ
2990 2772 3178 2840 νόμον
3213 2771 3467 2840 ἁμαρτία
3491 2769 3570 2843 ἦν
3588 2774 3657 2827 ἐν
3684 2774 3766 2839 τῷ
3793 2777 4005 2845 κόσμῳ
4022 2795 4037 2807 ·

2456 2860 2713 2927 ἁμαρτία
2766 2859 2837 2913 δὲ
2887 2864 2997 2915 οὐκ
3063 2862 3398 2931 ἐλλογεῖται
3442 2864 3528 2931 μὴ
3586 2864 3766 2931 ὄντος
3818 2868 4045 2935 νόμου.

2473 2952 2585 3020 Οὐχ
2608 2951 2682 3014 ὥς
2713 2970 2859 3017 τινες
2883 2955 3171 3018 ὑπέλαϐον,
3202 2958 3309 3010 τῶν
3342 2960 3448 3029 πρὸ
3484 2958 3577 3012 τοῦ
3609 2961 3772 3031 νόμου
3802 2978 4051 3031 κατηγο-

2462 3044 2564 3110 ρεῐ,
2604 3043 2741 3095 ἀλλὰ
2774 3045 2992 3099 πάντων
3031 3048 3188 3117 ὁμοῦ.
3232 3049 3306 3102 Τὸ
3344 3051 3472 3121 γάρ,
3503 3050 3642 3120 ἄχρι
3682 3054 3891 3124 νόμου,
3936 3058 4050 3127 οὐχ

777 3140 948 3203 enim,
997 3153 1160 3206 usque
1188 3137 1256 3189 ad
1304 3137 1488 3207 legem,
1539 3152 1648 3189 non
1684 3136 1813 3189 dicit
1861 3150 2034 3204 usque
2082 3132 2148 3187 ad
2196 3133 2332 3203 legis

2460 3132 2565 3230 ἕως
2585 3133 2683 3202 τῆς
2705 3134 2881 3206 ἀρχῆς
2911 3135 3005 3189 τοῦ
3038 3138 3204 3207 νόμου
3232 3140 3402 3207 λέγει,
3436 3142 3551 3195 ἀλλ’
3581 3143 3692 3207 ἕως
3724 3145 3815 3199 τοῦ
3849 3146 4049 3211 τέλους

781 3229 1137 3299 principium,
1175 3228 1271 3283 sed
1303 3243 1475 3295 usque
1505 3228 1571 3281 ad
1603 3227 1765 3281 linem
1795 3226 1951 3296 legis,
1986 3240 2085 3295 pro
2114 3240 2179 3279 eo
2210 3222 2356 3292 quod

781 3328 888 3384 est,
916 3319 1096 3373 Donec
1126 3323 1210 3373 lex
1242 3318 1526 3372 dominata
1553 3324 1664 3384 est,
1688 3317 1881 3371 habuit
1912 3324 2192 3385 peccatum
2215 3316 2359 3370 vires

782 3428 933 3467 suas.
971 3411 1029 3465 Si
1055 3412 1200 3465 enim
1242 3424 1352 3464 non
1385 3410 1460 3464 sit
1505 3410 1614 3472 lex,
1652 3422 1761 3463 non
1808 3414 1992 3478 potest
2019 3422 2147 3463 esse
2179 3418 2359 3463 trans-

783 3504 1018 3573 gressio.

854 3593 1020 3649 Vens.
1061 3594 1142 3647 14.
1165 3591 1267 3647 Sed
1294 3592 1398 3662 57
1426 3593 1662 3661 regnavit
1690 3608 1831 3645 mors
1868 3591 1932 3643 ab
1960 3590 2166 3643 Adamo
2195 3606 2358 3660 usque

782 3685 854 3740 ad
886 3683 1093 3746 Mosen,
1126 3684 1292 3738 etiam
1331 3684 1386 3736 in
1421 3699 1529 3747 eos,
1566 3682 1658 3752 qui
1684 3698 1787 3735 non
1816 3690 2159 3750 peccaverunt
2198 3680 2253 3734 in
2282 3681 2358 3734 si-

785 3776 1140 3829 militudinem
1189 3772 1647 3839 prwvaricationis
1697 3770 1915 3834 Adami,
1952 3769 2040 3840 qui
2070 3779 2148 3823 est
2183 3771 2358 3837 imago

786 3867 976 3933 futuri.
1026 3864 1217 3919 Mosen
1284 3867 1455 3934 legem
1513 3864 1770 3933 appellat.
1809 3861 1923 3916 Hoc
1973 3870 2154 3915 autem
2194 3861 2358 3915 etiam

785 3957 1098 4011 invenimus
1130 3956 1184 4008 in
1223 3953 1575 4024 Evangeliis:
1624 3973 1642 4005 ι
1685 3952 1898 4006 Habent
1932 3951 2121 4007 Mosen
2149 3961 2203 4005 et
2229 3966 2360 4021 prec

788 4048 983 4118 phetas
1006 4045 1019 4095 i
1039 4086 1052 4099 .
1090 4065 1107 4098 ι
1152 4044 1231 4098 ita
1260 4046 1424 4099 etiam
1454 4044 1675 4098 divinus
1704 4043 2002 4113 Apostolus
2032 4043 2088 4095 in
2120 4040 2360 4097 secunda

787 4140 855 4192 ad
888 4137 1202 4192 Corinthios
1236 4136 1405 4190 dicit:
1467 4153 1485 4186 ι
1522 4134 1627 4189 Sed
1688 4150 1861 4203 usque
1921 4134 1974 4186 in
2032 4132 2358 4186 hodiernum

787 4229 1116 4292 diem,cum
1147 4227 1346 4297 legitur
1390 4226 1605 4286 Moses,
1673 4227 1915 4279 velamen
1982 4226 2221 4292 positum
2280 4233 2361 4276 est

790 4335 957 4388 super
981 4334 1077 4373 eor
1103 4333 1352 4382 eorum,»
1394 4332 1493 4387 pro
1518 4332 1583 4372 eo
1614 4316 1763 4386 quod
1793 4324 1894 4379 est,
1925 4315 2034 4369 Lex
2057 4313 2105 4367 Ιι.
2142 4313 2359 4383 Regna-

789 4412 870 4463 vit
898 4411 1105 4479 itaque,
1133 4410 1333 4477 inquit,
1368 4424 1519 4463 mors
1553 4408 1623 4463 al)
1647 4408 1860 4461 Adamo
1892 4422 2067 4476 usque
2108 4406 2174 4459 ad
2204 4421 2363 4474 appa-

2461 3223 2557 3274 τοῦ
2606 3225 2793 3293 νόμου,
2842 3227 2965 3279 ἀντὶ
2995 3228 3112 3291 τοῦ,
3140 3229 3285 3292 Ἕως
3308 3231 3336 3282 6
3365 3231 3526 3302 νόμος
3561 3234 3803 3305 ἐκράτει,
3835 3232 3977 3305 εἶχεν
4009 3240 4049 3307 ἡ

2460 3314 2703 3383 ἁμαρτία
2752 3316 2813 3368 τὸ
2837 3317 3057 3387 κράτος.
3095 3319 3279 3390 Νόμου
3320 3320 3429 3392 γὰρ
3470 3323 3571 3377 οὐκ
3604 3324 3755 3390 ὕντος
3800 3326 3896 3397 οὐχ
3926 3324 4048 3381 οἶόν

2458 3420 2517 3456 τε
2544 3405 2797 3467 γενέσθαι
2827 3408 3161 3478 παράϐασιν.

2533 3581 2621 3634 ιδ’.
2679 3582 2832 3637 Ἀλλ’
2878 3584 3284 3640 ἐϐασίλευσεν
3318 3591 3351 3642 ὁ
3380 3589 3637 3656 θάνατος
3686 3591 3807 3646 ἀπὸ
3851 3593 4045 3664 Ἀδὰμ

2456 3672 2633 3740 μέχρι
2660 3674 2919 3740 Μωσέως
2944 3676 3010 3742 η,
3040 3678 3137 3730 καί
3162 3678 3261 3732 ἐπί
3293 3680 3437 3746 τοὺς
3462 3681 3549 3749 μὴ
3572 3684 4047 3752 ἁμαρτήσαντας

2460 3762 2530 3812 ἐν
2557 3761 2635 3825 τῷ
2659 3762 2968 3831 όμοιώτατι
3011 3766 3128 3833 τῆς
3163 3769 3554 3836 παραϐάσεως
3582 3770 3785 3840 Ἀδὰμ,
3816 3770 3883 3838 ὅς
3908 3773 4049 3827 ἐστι

2461 3852 2647 3918 τύπος
2694 3853 2801 3907 τοῦ
2844 3855 3202 3924 μέλλοντος.
3254 3860 3460 3915 Μωσέα
3505 3862 3598 3915 τὸν
3643 3864 3806 3933 νόμον
3859 3866 4042 3922 καλεῖ.

2463 3942 2632 3995 Τοῦτο
2685 3943 2742 3995 δὲ
2803 3947 2897 3999 καὶ
2952 3950 3011 4000 ἐν
3069 3952 3181 4012 τοῖς
3254 3951 3605 4020 [εὐαγγελίοις
3663 3956 3995 4027 εὑρίσκομεν
4026 3975 4043 3990 ·

2469 4036 2726 4104 ι”Εχουσι
2767 4038 2969 4092 Μωσέα
3002 4043 3097 4094 καὶ
3134 4043 3259 4106 τοὺς
3292 4045 3599 4115 προφήτας.
3631 4063 3649 4096 ι
3675 4047 3832 4101 Οὕτω
3887 4055 3985 4104 καὶ
4018 4054 4050 4106 6

2464 4126 2602 4187 θεῖος
2645 4127 2967 4193 Ἀπὸστολος
3014 4132 3073 4181 ὲν
3126 4134 3190 4201 τῇ
3239 4134 3375 4202 πρὸς
3437 4136 3757 4207 Κορινθίους
3813 4140 4050 4212 δευτέρᾳ

2464 4216 2595 4286 φησί
2614 4234 2627 4247 ο
2668 4238 2685 4269 ι
2721 4216 2861 4271 Ἀλλ’
2884 4220 2988 4283 ἕως
3019 4224 3281 4294 σήμερον,
3320 4226 3480 4295 ἡνίκα
3508 4227 3572 4280 ἂν
3598 4228 4047 4301 ἀναγινώσκηται

2463 4307 2688 4376 Μωσῆς,
2721 4308 2982 4380 κάλυμμα
3011 4314 3104 4365 ἐπὶ
3152 4315 3251 4382 τὴν
3289 4318 3515 4387 καρδίαν
3563 4319 3741 4375 αὐτῶν
3793 4325 3989 4389 κεῖται,
4023 4346 4041 4376 ι

2463 4402 2584 4453 ἀντὶ
2628 4401 2744 4461 τοῦ.
2785 4403 2813 4454 6
2877 4404 3058 4473 νόμος.
3127 4407 3470 4462 Ἐϐασίλευσε
3534 4411 3734 4473 τοίνυν,
3779 4415 3964 4483 φησὶν,
4016 4418 4048 4468 6

791 4502 1047 4555 ritioncm
1079 4499 1392 4554 Servatoris
1422 4517 1435 4552 :
1470 4508 1603 4553 tunc
1629 4499 1775 4554 enim
1809 4498 1969 4551 linem
2004 4498 2086 4551 lex
2127 4498 2354 4565 accepit.

2468 4493 2697 4557 θάνατος
2720 4495 3013 4565 ἀπὸἋδὰμ
3039 4497 3143 4560 ἕως
3170 4497 3267 4566 τῆς
3290 4498 3384 4551 τοῦ
3409 4500 3660 4572 Σωτῆρος
3689 4506 4011 4572 ἐπιφανείας
4030 4524 4045 4537 ·

797 4611 817 4644 ι
852 4590 963 4647 Lex
1011 4592 1186 4653 enim,
1240 4591 1445 4660 inquit,
1487 4598 1542 4644 et
1576 4590 1860 4659 propheta“:
1896 4603 2069 4657 usque
2099 4588 2165 4641 ad
2196 4586 2365 4641 Joan-

793 4700 917 4738 nem
966 4684 1450 4752 prophelaverunt.
1492 4683 1533 4733 A
1578 4689 1827 4749 tempore
1890 4690 2071 4733 autem
2135 4677 2366 4733 Joannis

795 4790 1022 4844 regnum
1054 4775 1322 4829 caelorum
1364 4774 1472 4826 vim
1508 4773 1737 4842 patitur,
1777 4781 1833 4826 et
1863 4771 2090 4825 violenti
2143 4770 2367 4840 rapiunt

796 4867 926 4921 illud
961 4862 1000 4915 ι.
1023 4877 1043 4911 ι
1089 4865 1342 4935 Regnavit
1373 4874 1549 4919 antem
1580 4880 1725 4917 mors
1749 4863 1915 4916 etiam
1943 4863 1997 4915 in
2022 4877 2114 4916 eos
2143 4862 2233 4931 qui
2262 4878 2365 4915 non

795 4965 1134 5024 peccaverunt
1175 4956 1229 5007 in
1267 4953 1618 5008 similitudine
1674 4949 2117 5020 transgressionis
2151 4946 2362 5000 Adams".

795 5046 913 5100 Etsi
944 5047 1089 5100 enim
1142 5046 1274 5100 illud
1326 5044 1645 5099 mandatum
1707 5058 1816 5096 non
1872 5039 2173 5110 trangressi
2215 5048 2365 5103 sunt,

796 5139 900 5191 alia
934 5148 1115 5191 tamen
1168 5138 1363 5191 delicta
1399 5137 1816 5191 commiserunt.
1864 5132 2135 5185 Adamum
2186 5140 2364 5184 autem

797 5227 1091 5295 appellavit
1122 5234 1308 5295 typum
1343 5225 1578 5280 Christi.
1620 5223 1779 5277 Hunc
1824 5222 1968 5275 enim
2022 5228 2181 5274 vocat
2220 5220 2368 5287 {utu-

798 5333 941 5379 rum,
986 5318 1090 5370 hac
1152 5317 1217 5370 de
1273 5332 1461 5380 causa,
1520 5316 1664 5387 quod
1713 5316 1858 5369 sicut
1907 5314 1997 5366 ille
2037 5313 2129 5383 qui
2158 5314 2367 5383 primus

801 5410 1047 5477 peccavit
1108 5409 1299 5462 mortis
1358 5408 1578 5463 decreto
1629 5408 1912 5477 subjectus
1943 5414 2046 5469 est,
2106 5417 2157 5460 et
2190 5412 2364 5459 totum

874 5548 890 5597 l
939 5546 1071 5603 Luc.
1105 5564 1221 5610 xw,
1252 5548 1341 5602 29.
1423 5549 1446 5586 ι
1492 5548 1530 5601 li
1566 5548 1691 5603 Cor.
1726 5564 1815 5611 Ill,
1853 5548 1937 5600 13.

2470 4585 2591 4637 τότε
2634 4586 2742 4655 γὰρ
2800 4586 2952 4651 τέλος
2990 4591 3019 4641 6
3057 4590 3222 4659 νόμος
3269 4590 3506 4651 ἐδέξατο.
3550 4613 3569 4645 ι
3599 4595 3658 4647 Ὀ
3694 4597 3857 4666 νόμος
3895 4600 4047 4669 γὰρ,

2472 4678 2631 4746 φησὶ,
2661 4681 2751 4731 καὶ
2771 4681 2820 4731 οί
2846 4682 3140 4750 προφῆται,
3178 4682 3284 4746 ἕως
3321 4685 3568 4739 Ἰωάννου
3601 4691 4045 4761 προεφήτευσαν.

2483 4770 2618 4822 Ἀπὸ
2656 4770 2712 4823 δὲ
2744 4770 2854 4823 τῶν
2902 4774 3126 4843 ἡμερῶν
3170 4775 3420 4829 Ἰωάννου
3448 4780 3481 4847 ἠ
3518 4778 3765 4847 βασιλεία
3796 4782 3905 4835 τῶν
3941 4787 4041 4837 οὺ-

2474 4862 2649 4932 ρανῶν
2682 4862 2948 4931 βιάζεται,
2992 4866 3086 4918 καὶ
3132 4865 3352 4935 βιασταὶ
3408 4869 3746 4941 ἁρπάζουσιν
3791 4876 3984 4945 αὐτην.
4028 4896 4043 4925 ι

2484 4952 2877 5007 Ἐὄασίλευσε
2897 4953 2965 5007 δὲ
2983 4959 3015 5008 ὀ
3040 4956 3296 5024 θάνατος
3312 4950 3427 5030 ’,καί
3457 4960 3555 5014 ἐπὶ
3587 4964 3730 5029 τοὺς
3749 4964 3833 5033 μὴ
3864 4966 4055 5037 ἀμαρ-

2468 5042 2776 5109 τήσαντας
2791 5045 2862 5098 ἐν
2877 5046 2953 5111 τῷ
2966 5049 3279 5116 ὁμοιώματι
3298 5049 3406 5117 τῆς
3434 5055 3822 5121 παραϐάσεως
3838 5057 4047 5126 Ἀδάμ.

2472 5136 2535 5188 Εἰ
2564 5136 2671 5207 γὰρ
2700 5139 2793 5189 καὶ
2825 5139 3037 5208 ἐκείνην
3078 5142 3139 5192 οὐ
3171 5143 3491 5213 παρέϐησαν
3524 5146 3622 5216 τὴν
3654 5149 3894 5218 ἐντολὴν,
3929 5152 4049 5203 ἀλλ’

2472 5222 2566 5278 οὖν
2600 5227 2799 5297 ἑτέρας
2826 5231 3173 5300 παρανομίας
3209 5234 3535 5305 ἐτόλμησαν.
3572 5238 3676 5291 Τὸν
3706 5239 3763 5292 δέ
3800 5258 3860 5308 γε
3878 5241 4053 5310 Ἀδὰμ

2473 5319 2644 5372 τύπον
2684 5321 2913 5373 ἐκάλεσε
2948 5323 3043 5376 τοῦ
3089 5326 3325 5394 Χριττοῦ
3348 5344 3360 5357 °
3390 5330 3549 5382 αὐτὸν
3594 5332 3700 5402 γὰρ
3732 5333 3889 5387 καλεῖ
3941 5336 4052 5387 τὸν

2470 5412 2811 5479 μέλλοντα,
2854 5416 2990 5468 κατὰ
3046 5418 3233 5471 τοῦτον
3278 5422 3367 5473 τὸν
3416 5422 3604 5490 λόγον,
3661 5425 3741 5477 ὅτι
3800 5424 4050 5496 καθάπερ

2032 5545 2044 5583 ι
2094 5546 2284 5600 Matth.
2322 5549 2657 5614 Χ1,1Ξ).,ίῆ.

2105 5687 2334 5741 VARI}:
2385 5688 2782 5745 LECTlONES.

874 5778 921 5806 “
943 5776 1020 5839 el;
1044 5776 1308 5831 omissum
1331 5777 1383 5831 in
1411 5778 1469 5830 Β.
1550 5779 1592 5810 ⁸³
1625 5778 1663 5831 Β
1692 5779 1989 5842 Μωῦτέως.
