4194 6432
845 380 950 452 103

1826 381 2312 444 TIIEODORETI
2354 380 2688 445 EPISCOPI
2731 385 3094 447 CYRENSIS

3987 398 4094 467 1N

841 515 896 557 et
924 503 979 557 in
1012 499 1123 556 illis
1155 499 1459 555 invenimus
1494 498 1707 568 aliquos
1745 499 1839 571 qui
1873 516 1902 555 a
1946 500 2251 569 majoribus
2281 514 2393 570 ροσε

2511 499 2607 555 τοῦ
2648 502 2835 574 Ἀδὰμ,
2864 505 2956 558 καὶ
2976 505 3067 557 ἰπὶ
3092 504 3190 575 τῆς
3236 507 3480 576 χάριτος,
3513 505 3572 561 τὸ
3601 509 3815 564 πολλοὶ
3853 508 4090 569 τέθεικε.

839 590 980 645 eatis
1029 589 1191 645 alieni
1241 588 1484 652 fuerunt,
1536 597 1596 643 ut
1646 588 1895 654 Abelem,
1926 598 1983 643 et
2008 588 2315 652 Enocltum,
2359 598 2413 644 et

838 679 1140 743 Noachum,
1162 686 1218 732 et
1236 677 1754 744 Melchisetlechum,
1781 687 1833 733 et
1862 678 2223 748 patriarchas,
2245 692 2298 734 et
2319 692 2413 733 eos

835 774 999 826 etiam
1024 770 1116 839 qui
1150 770 1202 822 in
1248 770 1364 839 lege
1393 770 1525 823 clari
1558 770 1910 840 insignesque
1959 770 2116 826 fuere
2150 789 2164 826 :
2199 778 2255 825 et
2290 778 2413 839 post

833 862 1088 931 gratiam,
1120 862 1278 914 mttlti
1316 860 1481 914 vitam
1531 860 1794 926 injttstam
1830 869 1885 916 et
1935 863 2257 917 sceleratam
2298 875 2413 913 am—

768 1006 771 1010 ,
835 952 1173 1020 plectuntur.
1200 950 1275 1004 Ita
1302 966 1426 1005 eum
1459 967 1555 1020 per
1575 952 1771 1005 Adami
1798 950 1969 1005 fatum
2007 951 2204 1005 divina:
2229 951 2409 1003 incar-

833 1042 1075 1096 nationis
1101 1056 1301 1096 causas
1325 1058 1428 1096 nos
1456 1043 1760 1105 docuisset,
1795 1045 2162 1097 incurrentem
2192 1042 2409 1096 dubita-

833 1134 1033 1187 tionem
1058 1136 1307 1204 opponit,
1330 1143 1385 1189 et
1406 1136 1527 1204 ejus
1556 1138 1889 1189 solutionem
1920 1135 2153 1189 inducit.
2173 1136 2410 1190 lncurrit

833 1232 1023 1278 autent-
1056 1240 1122 1277 ex
1155 1226 1221 1280 iis
1252 1241 1375 1295 quae
1408 1227 1473 1279 ad
1525 1228 1697 1296 legem
1746 1226 2046 1293 pertinent,
2087 1242 2209 1295 qua:
2267 1227 2411 1281 inter

831 1316 1095 1369 Adamum
1133 1327 1187 1371 et
1224 1318 1542 1371 Servatoris
1593 1319 1769 1372 nostri
1816 1318 2113 1374 adventum
2143 1321 2269 1375 data
2301 1329 2403 1375 est.

830 1406 896 1459 Et
928 1408 1049 1462 ideo
1078 1408 1217 1463 dixit
1248 1409 1471 1463 divinus
1513 1409 1819 1479 Aposmlus
1847 1428 1860 1464 :

899 1589 1062 1644 Vens.
1095 1588 1185 1643 ‘20.
1217 1589 1325 1643 Lex
1349 1599 1526 1645 autem
1553 1591 1893 1658 subintravit,
1920 1602 1977 1646 ut
2003 1592 2296 1649 abundaret
2323 1595 2407 1650 de-

2515 594 2625 646 Καὶ
2655 593 2764 665 γάρ
2796 597 2854 646 ἐν
2883 595 3115 659 ἐκείνοις
3144 596 3470 669 εὑρίσκομέν
3495 615 3645 663 τινας
3680 601 3962 671 κρείττους
3976 605 4095 661 τῶν

2517 681 2778 753 μειζόνων
2799 686 3210 757 ἁμαρτημάτων
3231 689 3654 760 γεγενημένους,
3679 692 3755 756 ὼς
3783 693 3874 746 τὸν
3902 695 4092 764 Ἀδελ,

2514 772 2609 823 καὶ
2645 770 2736 824 τὸν
2773 772 2964 843 Ἑνὼχ,
3000 775 3095 828 καὶ
3149 776 3240 830 τὸν
3289 777 3433 841 Νῶε,
3484 781 3699 833 καὶτὸν
3728 783 4091 854 Μελχισεδὲκ,

2513 863 2753 926 καὶτοὺς
2789 866 3151 936 πατριάρχας,
3198 868 3291 920 καὶ
3338 868 3523 939 μέντοι
3560 872 3655 925 καὶ
3691 873 3819 937 τοὺς
3858 876 3916 927 ἐν
3940 878 4098 950 νόμῳ

2511 952 2920 1023 διαλάμψαντας
2940 973 2952 985 ι
2990 958 3085 1009 καὶ
3123 959 3261 1028 μετά
3295 960 3394 1030 τὴν
3438 962 3620 1031 χάριν,
3646 964 3755 1016 εἰσὶ
3778 965 3962 1020 πολλοὶ
3996 970 4094 1021 τὸν

2512 1044 2830 1114 παράνομον
2859 1048 3229 1117 ἀσπαζόμενοι
3279 1049 3411 1119 βίον.
3443 1052 3630 1115 Οὕτως
3666 1054 3775 1107 ἀπὸ
3807 1056 3913 1110 τῶν
3942 1060 4094 1112 κατὰ

2509 1138 2599 1188 τὸν
2639 1137 2810 1206 Ἀδὰμ
2840 1139 2939 1204 τὰς
2968 1141 3145 1205 αἰτίας
3173 1144 3319 1211 ἡμᾶς
3356 1142 3573 1208 διδάξας
3616 1145 3712 1215 τῆς
3757 1145 3906 1210 Θείας
3934 1151 4096 1203 ἐναν-

2512 1226 2868 1299 θρωπήσεως,
2899 1231 2961 1285 τὸ
2990 1232 3271 1305 ὑφορμοῦν
3316 1234 3641 1306 ἀντιτίθησι,
3675 1237 3770 1291 καὶ
3794 1238 3892 1310 τὴν
3930 1240 4094 1294 λύσιν

2508 1321 2734 1388 ἐπάγει·
2764 1322 3001 1394 ύςορμεῖ
3029 1325 3085 1378 δὲ
3136 1326 3204 1379 τά
3235 1327 3375 1381 κατά
3412 1328 3502 1381 τὸν
3554 1330 3741 1400 νόμον,
3773 1332 3832 1396 ὃς
3880 1336 4093 1404 μεταξὺ

2507 1412 2602 1465 τοῦ
2631 1431 2691 1466 τε
2726 1415 2897 1486 Ἀδὰμ
2916 1418 3010 1469 καὶ
3040 1420 3137 1488 τῆς
3154 1421 3247 1472 τοῦ
3270 1421 3519 1491 Σωτῆρος
3542 1424 3865 1492 ἐπιφανείας
3891 1426 4082 1497 ἐδόθη.

2506 1504 2597 1556 Διὸ
2619 1506 2711 1557 καὶ
2740 1507 2768 1558 ὁ
2792 1506 2933 1569 θεῖος
2974 1509 3291 1574 Ἀπόστολος
3315 1511 3441 1580 ἔψη·

2578 1601 2645 1648 κ’.
2678 1596 2871 1664 Νόμος
2924 1598 2992 1650 δὲ
3051 1602 3479 1670 παρεισῆλθεν,
3527 1606 3626 1659 ἵνα
3665 1607 3982 1677 πλεονάσῃ
4015 1608 4089 1665 τὸ

826 1681 1029 1735 lictnm.
1067 1680 1135 1734 Ut
1191 1698 1298 1735 non
1346 1697 1444 1750 pro
1473 1696 1640 1735 causa
1671 1684 1872 1752 posuit.
1921 1684 2016 1738 sed
2051 1700 2114 1739 ex
2145 1700 2249 1741 suo
2278 1700 2393 1754 pro-

2506 1685 2892 1756 παράπτωμα.
2914 1690 2990 1743 Τὸ
3025 1690 3081 1744 δὲ
3127 1692 3228 1746 ἵνα
3276 1694 3377 1747 οὐκ
3435 1696 3528 1749 ἐπὶ
3579 1699 3758 1763 αίτίας
3815 1701 4087 1765 τέθεικεν,

826 1771 944 1840 prio
969 1771 1128 1824 modo
1164 1770 1442 1839 loquendi.
1484 1770 1610 1823 Vult
1638 1780 1824 1826 autem
1867 1774 2072 1838 dicere,
2122 1774 2268 1844 quod
2305 1789 2393 1828 net

2506 1776 2643 1829 ἀλλὰ
2673 1778 2813 1831 κατά
2842 1780 2903 1833 τὸ
2945 1782 3139 1836 οἰκεῖον
3207 1784 3437 1854 ἰδίωμαο
3498 1786 3749 1855 βούλεται
3791 1792 3847 1846 δὲ
3882 1795 4089 1862 εἰπεῖν,

827 1863 994 1930 priori
1034 1862 1252 1931 quidem
1311 1871 1559 1932 tempore
1607 1865 1898 1933 reliquerit
1948 1866 2090 1921 Deus
2149 1866 2393 1922 homines

2505 1868 2581 1931 ὡς
2622 1869 2740 1923 οὐδὲ
2784 1872 2922 1924 κατά
2973 1872 3065 1926 τὸν
3117 1874 3425 1946 ἔμπροσθεν
3460 1880 3650 1948 χρόνον
3704 1883 4090 1956 ἀτημελήτους

824 1969 922 2005 sua
948 1954 1290 2021 providentia
1320 1954 1636 2010 destitutos.
1659 1957 1769 2026 60
1805 1956 1912 2010 Sed
1943 1955 2148 2013 ludatis
2170 1958 2395 2027 quidem

823 2043 997 2112 legem
1015 2041 1189 2104 dedit,
1209 2058 1307 2112 per
1334 2043 1553 2097 illorum
1582 2052 1767 2099 autem
1793 2047 2038 2099 studium
2071 2060 2136 2101 ac
2163 2046 2399 2118 diligen-

821 2131 952 2183 tiam
991 2132 1210 2199 pietatis
1236 2146 1457 2200 quoque
1488 2133 1672 2187 lumen
1697 2134 1824 2191 aliis
1850 2136 2104 2204 gentibus
2132 2138 2393 2193 ostendit.

819 2221 1047 2291 Pt-Oprie
1095 2230 1276 2276 autem
1340 2223 1528 2292 posuit
1577 2224 1917 2290 subintravit,
1948 2228 2211 2296 quoniam
2263 2244 2395 2298 pro-

819 2316 996 2378 missi,
1056 2315 1204 2384 quod
1272 2317 1460 2370 datum
1527 2325 1647 2371 erat
1717 2318 2066 2387 patriarchae,
2142 2319 2395 2377 Christus

818 2416 938 2461 erat
979 2406 1147 2461 ﬁnis:
1195 2426 1215 2459 ‹
1256 2407 1311 2462 In
1363 2409 1574 2463 semine
1608 2408 1755 2463 enim
1799 2417 1918 2474 tuo,
1947 2411 2145 2481 inquit,
2174 2412 2396 2467 benedi-

816 2507 1011 2551 centur
1040 2514 1230 2554 onmes
1254 2508 1442 2569 gentes
1474 2507 1635 2554 terrae
1664 2508 1725 2555 ’³.
1770 2519 1788 2552 ι
1828 2500 1976 2557 Inter
2021 2502 2394 2558 Abrahamum

816 2598 997 2643 autem
1044 2596 1098 2642 et
1146 2586 1427 2643 Christum
1476 2589 1562 2643 lex
1599 2578 1791 2644 media
1835 2591 2084 2662 ingressa
2128 2600 2232 2647 est.
2271 2594 2396 2648 llam

815 2690 998 2735 autem
1059 2683 1308 2735 exactius
1354 2682 1574 2751 quidem
1608 2681 1798 2736 docuit
1850 2693 2135 2753 peceatum
2188 2686 2393 2740 malum

814 2786 985 2826 eSse:
1030 2773 1211 2841 ipsum
1259 2784 1439 2827 autem
1488 2788 1844 2844 compescere
1902 2790 2013 2829 non
2066 2778 2266 2846 potuit,
2299 2779 2394 2835 sed

813 2862 980 2915 etiam
1020 2864 1196 2930 magis
1224 2863 1396 2917 auxit.
1439 2862 1561 2928 Quo
1594 2865 1741 2918 enim
1774 2866 1933 2934 plura
1968 2879 2239 2937 praecepta
2267 2868 2393 2925 data

814 2961 964 3019 sunt,
995 2970 1060 3008 eo
1091 2956 1277 3024 plures
1306 2958 1777 3025 transgressiones
1812 2956 2057 3013 fuerunt.
2102 2959 2209 3014 Sed
2253 2960 2394 3015 divi-

814 3062 919 3100 nus
954 3047 1252 3116 Apostolus
1284 3048 1503 3103 brevem
1537 3049 1867 3104 solutionem
1908 3051 2123 3106 intulit:
2160 3051 2258 3106 Ubi
2291 3070 2391 3107 au-

2501 1961 2681 2014 είασεν
2712 1963 2740 2015 ὁ
2770 1962 2903 2026 Θεὸς
2950 1966 3075 2028 τοὺς
3129 1967 3485 2037 ἀνθρώπουςο
3553 1973 3691 2027 ἀλλά
3736 1974 3934 2029 δέδωκε
3983 1981 4090 2047 μὲν

2513 2052 2789 2118 Ἰουδαίοις
2815 2056 2908 2110 τὸν
2936 2058 3121 2129 νόμον,
3154 2060 3242 2114 διὰ
3273 2062 3329 2114 δὲ
3359 2062 3459 2133 τῆς
3489 2065 3711 2120 ἐκείνων
3742 2069 4086 2139 ἐπιμελείας,

2501 2148 2724 2213 καὶτοῖς
2757 2150 2938 2211 ἄλλοις
2973 2152 3184 2208 ἔθνεσιν
3218 2154 3506 2210 ὑπεδείκνυ
3554 2159 3650 2228 τῆς
3697 2161 3978 2226 εὐσεϐείας
4023 2163 4090 2215 τὸ

2490 2240 2633 2308 φῶς.
2664 2242 2890 2312 Κυρίως
2912 2243 2968 2297 δὲ
2991 2244 3051 2297 τὸ
3074 2246 3441 2315 παρεισῆλθε
3466 2250 3733 2317 τέθεικεν,
3766 2253 3952 2324 ἐπειδὴ
3979 2254 4087 2325 τῆς

2496 2331 2573 2401 τῷ
2590 2335 2900 2407 πατριάρχῃ
2943 2335 3189 2407 δοθείσης
3230 2339 3577 2410 ὑποσχέσεως
3609 2345 3890 2415 δΧριστὸς
3917 2341 3989 2417 ἦν
4021 2346 4087 2401 τὸ

2494 2424 2663 2488 τέλος.
2696 2446 2714 2477 ι
2738 2426 2823 2479 Ἑν
2856 2430 2964 2498 γὰρ
2986 2428 3065 2498 τῷ
3092 2430 3371 2500 σπέρματί
3410 2449 3525 2498 σου,
3560 2438 3745 2507 φησιν,
3778 2439 4088 2510 εὐλογηθή-

2499 2534 2649 2570 σεται
2679 2518 2857 2571 πάντα
2879 2519 2948 2572 τὰ
2975 2519 3102 2592 ἔθνη
3132 2523 3231 2592 τῆς
3253 2524 3377 2592 τῆς.
3412 2542 3430 2576 ι
3461 2526 3568 2579 Τοῦ
3602 2527 3661 2580 δὲ
3703 2529 3952 2600 Ἀδραὰμ
3982 2532 4087 2585 καὶ

2494 2605 2587 2657 τοῦ
2637 2607 2870 2677 Χριστοῦ
2927 2608 3090 2678 μέσος
3124 2613 3490 2683 παρεισῆλθεν
3540 2619 3568 2670 δ
3609 2617 3791 2688 νόμος.
3826 2616 3993 2683 Οὗτος
4023 2621 4086 2675 δὲ

2495 2698 2701 2762 ἐδίδαξε
2758 2700 2855 2769 μὲν
2913 2701 3325 2775 ἀκριϐέστερον,
3381 2707 3465 2759 ὅτι
3517 2710 3686 2763 κακὸν
3717 2713 3751 2781 ἡ
3788 2712 4085 2781 ἀμαρτία⁹

2497 2790 2701 2844 παῦσαι
2725 2792 2780 2845 δὲ
2809 2793 3011 2863 ταύτην
3033 2795 3134 2848 οὐκ
3169 2795 3410 2866 ἴσχυσεν,
3447 2798 3586 2852 ἀ).λά
3615 2801 3707 2854 καὶ
3745 2801 3865 2856 λίαν
3900 2801 4085 2871 ἐπηύο

2496 2881 2675 2949 ξησεν.
2711 2884 2860 2955 Ὀσῳ
2888 2885 2997 2954 γὰρ
3031 2886 3251 2951 πλείους
3284 2889 3545 2960 ἐδόθησαν
3575 2891 3806 2958 ἐντολαὶ,
3837 2894 4089 2965 τοσούτῳ

2494 2972 2713 3036 πλείους
2755 2977 2809 3028 αί
2873 2976 3217 3047 παραϐάσεις
3266 2979 3527 3047 ἐγίνοντο,
3576 2981 3713 3035 ἀλλά
3751 2985 3849 3053 τὴν
3872 2982 4085 3037 λύσινό

2493 3064 2632 3127 θεῖος
2666 3066 2987 3130 Ἀπόστολος
3028 3070 3280 3139 ἐπήγαγε
3311 3070 3598 3143 σύντομονο
3645 3069 3726 3130 Οὗ
3768 3074 3836 3127 δὲ
3862 3076 4087 3130 ἐπλεό-

814 3150 913 3191 tem
944 3138 1228 3194 abundavit
1253 3150 1542 3209 peccatum,
1576 3142 2015 3209 superabundavit
2040 3145 2249 3214 gratia:
2271 3145 2388 3211 Dei,

2495 3172 2684 3208 νασεν
2740 3158 2779 3223 ἡ
2840 3138 3130 3227 ἁμαρτία,
3170 3138 3768 3230 ὑπερεπερίσσευσεν
3808 3164 3846 3231 ἡ
3878 3163 4083 3232 χάρις·

813 3230 1008 3299 inquit,
1053 3233 1425 3287 benefit-eruite
1455 3235 1845 3289 detrimentum
1883 3252 1994 3289 non
2037 3237 2256 3305 attulit;
2292 3238 2387 3293 sed

814 3323 1088 3392 insignem
1124 3324 1244 3390 ejus
1274 3323 1578 3377 bonitatem
1611 3326 1785 3394 magis
1814 3324 2074 3379 ostendit.

885 3412 1048 3466 Vens.
1072 3414 1161 3466 21.
1195 3412 1285 3477 Ut,
1309 3416 1445 3467 sicut
1474 3416 1707 3485 regnavit
1733 3427 1999 3483 peccatum
2028 3433 2121 3485 per
2148 3429 2386 3484 mortem,

810 3505 887 3556 ita
924 3508 1181 3573 etgr-atia
1212 3514 1386 3573 regnet
1417 3522 1508 3572 per
1534 3506 1830 3573 justitiam,
1869 3509 1921 3560 in
1950 3509 2109 3561 vitam
2136 3520 2387 3564 wternam

806 3611 897 3661 per
952 3594 1135 3649 Iesum
1183 3596 1455 3650 Christum
1499 3596 1780 3650 Dominum
1814 3609 2073 3654 nostrum.
2109 3598 2206 3654 llic
2236 3618 2386 3656 com-

809 3688 976 3757 plevit
1009 3699 1192 3757 eaput.
1249 3689 1418 3742 Docet
1459 3698 1666 3751 autem,
1720 3690 1865 3760 quod
1902 3692 2047 3745 sicut
2072 3703 2383 3761 peccatum,

806 3782 952 3851 quod
990 3791 1218 3837 mortem
1254 3785 1486 3852 peperit,
1515 3783 1764 3852 regnavit
1802 3785 1858 3838 in
1896 3786 2224 3842 mortalibus
2263 3803 2387 3842 cor-

810 3874 1056 3942 poribus,
1085 3875 1253 3927 animi
1282 3885 1462 3929 motus
1484 3875 1551 3929 ad
1588 3876 2070 3933 immoderantiam
2104 3880 2340 3936 incitans
2368 3899 2381 3936 :

808 3965 883 4019 ita
928 3967 1104 4035 gratia
1148 3966 1444 4035 justitiam,
1485 3971 1501 3990 '
1536 3983 1660 4038 qua:
1685 3984 1782 4038 per
1816 3970 1975 4025 tidem
2015 3979 2118 4037 est,
2152 3972 2385 4027 creden-

810 4060 953 4113 tibus
981 4059 1197 4129 largita,
1232 4075 1339 4114 non
1382 4060 1548 4115 habet
1587 4078 1817 4132 regnum
1865 4071 2113 4134 tempore
2158 4077 2383 4135 peccato

805 4150 1034 4218 aequale,
1056 4148 1149 4202 sed
1180 4159 1467 4211 :cternum,
1500 4159 1552 4204 et
1583 4152 1700 4206 sine
1742 4152 1869 4207 line.
1912 4152 2205 4208 Peccatqu
2236 4157 2381 4210 enim

806 4245 1131 4311 corporibus
1158 4244 1483 4311 imperabat,
1511 4260 1703 4298 eorum
1732 4255 1915 4301 autem
1947 4255 2121 4302 morte
2146 4262 2174 4300 a
2212 4264 2384 4317 regno

804 4332 1078 4388 cessabat.
1119 4352 1137 4383 ι
1176 4333 1279 4397 Qui
1308 4333 1453 4389 enim
1496 4344 1750 4391 mortuus
1782 4346 1885 4401 est,
1925 4348 1984 4391 ut
2028 4340 2106 4393 ait
2162 4341 2383 4396 divinus

805 4426 1119 4494 Apostolus,
1154 4439 1183 4477 a
1217 4434 1440 4494 peccato
1473 4425 1814 4494 justitlcatus
1858 4438 1941 4483 est
1974 4440 2022 4484 ιι.
2069 4449 2087 4482 ι
2124 4432 2232 4486 Sed
2261 4441 2383 4502 post

2494 3248 2609 3299 Ούκ
2634 3247 2957 3318 ἐλυμήνατο,
2991 3252 3144 3320 φησὶ,
3172 3254 3239 3322 τῇ
3265 3251 3359 3304 τοῦ
3380 3252 3516 3306 Θεοῦ
3559 3253 3839 3325 φιλοτιμίᾳ
3859 3272 3872 3284 ·
3904 3256 4082 3322 ἔδειξε

2492 3335 2545 3389 δὲ
2574 3337 2774 3407 μᾶλλον
2805 3340 2904 3409 τῆς
2930 3340 3267 3408 ἀγαθότητος
3289 3342 3387 3410 τὴν
3413 3342 3741 3415 ὑπερϐολήν.

2563 3436 2666 3482 καί.
2700 3430 2835 3484 Ἵνα
2887 3430 3089 3498 ὥσπερ
3113 3433 3518 3487 ἐϐασίλευσεν
3557 3435 3595 3501 ἠ
3623 3437 3873 3504 ἁμαρτία
3903 3437 3972 3490 ἐν
3991 3435 4084 3504 τῷ

2492 3519 2762 3587 (ianitor
2796 3522 2951 3574 οὕτω
2981 3524 3079 3576 καὶ
3136 3526 3174 3591 ἡ
3206 3523 3377 3591 χάρις
3425 3525 3774 3593 βασιλεύσῃ
3828 3526 3925 3582 διὰ
3980 3528 4082 3581 δι-

2491 3611 2841 3677 καιοσύνης,
2877 3613 2966 3676 εἰς
2995 3609 3150 3677 ζωὴν
3176 3612 3418 3666 αἰώνιον
3440 3613 3538 3667 διὰ
3581 3613 3774 3681 Ἰησοῦ
3805 3618 4079 3684 Χριστοῦ

2489 3700 2597 3755 τοῦ
2626 3704 2845 3770 Κυρίου
2879 3702 3067 3771 ἡμῶν.
3101 3704 3370 3759 Ἐνταῦθα
3425 3707 3816 3778 συνεπλήρωσε
3878 3709 3937 3761 τὸ
3984 3727 4087 3763 κε-

2490 3793 2734 3861 φάλαιον.
2766 3794 3021 3846 Διδάσκει
3068 3793 3146 3854 δὲ.
3205 3797 3308 3860 ὅτι,
3338 3795 3589 3868 καθάπερ
3620 3799 3653 3868 ἡ
3693 3800 3961 3869 ἁμαρτία,
3992 3818 4085 3854 τε-

2489 3884 2661 3937 κοῦσα
2681 3883 2772 3936 τὸν
2801 3884 3052 3949 θάνατον,
3095 3888 3153 3939 ἐν
3191 3888 3302 3949 τοῖς
3360 3886 3572 3957 θνητοῖς
3614 3889 3929 3946 ἐϐασίλευσε
3961 3895 4081 3949 σώ-

2491 3992 2674 4045 μασιν,
2700 3977 2778 4038 εἰς
2803 3975 3069 4045 ἀμετρίαν
3101 3976 3477 4047 ἐκκαλουμένη
3502 3979 3569 4032 τά
3623 3980 3768 4050 πάθη
3796 3998 3809 4011 ·
3837 3981 4011 4049 οὕτως
4042 3988 4078 4057 ή

2487 4066 2666 4136 χάρις,
2692 4066 2791 4136 τὴν
2834 4066 2922 4120 διὰ
2979 4067 3218 4132 πίστεως
3250 4070 3595 4141 δικαιοσύνην
3623 4075 3733 4135 τοῖς
3772 4091 4079 4129 πεπιστευ-

2489 4158 2607 4210 κόσι
2633 4157 3017 4227 δωρησαμένη,
3063 4159 3162 4228 οὐχ
3219 4159 3515 4232 ὁμόχρονον
3556 4162 3669 4232 ἔχει
3714 4167 3781 4234 τῇ
3824 4167 4081 4238 ἁμαρτίᾳ

2486 4248 2583 4315 τὴν
2614 4245 2911 4316 βασιλείαν,
2935 4248 3048 4300 ἀλλ’
3100 4247 3317 4305 αίώνιόν
3357 4267 3414 4303 τε
3451 4254 3543 4305 καὶ
3583 4253 3957 4326 ἀτελεύτητον.
4004 4260 4080 4313 Ἠ

2489 4339 2588 4406 μὲν
2636 4338 2741 4409 γάρ
2795 4340 3018 4409 ἐκράτει
3056 4341 3347 4409 σωμάτων,
3398 4342 3475 4412 τῷ
3522 4344 3578 4397 δὲ
3612 4347 3818 4399 τούτων
3849 4347 4077 4420 θανάτῳ

2486 4428 2585 4496 τῆς
2612 4426 2884 4497 βασιλείας
2915 4430 3170 4484 ἐπαύετο.
3202 4451 3220 4483 ι
3245 4433 3303 4485 Ὀ
3326 4434 3433 4505 γὰρ
3467 4435 3780 4503 ἀποθανὼν,
3804 4439 3944 4492 κατά
3973 4441 4076 4494 τὸν

806 4516 1290 4579 resurrectionem,
1338 4531 1463 4570 cum
1498 4532 1527 4570 a
1581 4522 1938 4589 corruptione
1989 4523 2166 4578 aliena
2198 4532 2253 4578 et
2283 4525 2381 4578 im-

2495 4519 2628 4573 θεϊον
2660 4522 3002 4586 Ἀπὸστολον,
3047 4523 3390 4578 δεδικαίωται
3435 4526 3543 4579 ἀπὸ
3571 4528 3667 4596 τῆς
3709 4530 4006 4600 ἁμαρτίας.
4046 4554 4066 4585 ι

806 4609 1055 4661 mortalia
1106 4622 1338 4678 corpora
1386 4618 1577 4664 nostra
1630 4611 1858 4679 fuerint,
1902 4616 2156 4682 regnabit
2204 4615 2257 4669 in
2297 4617 2379 4671 eis

804 4699 997 4765 gratia,
1020 4709 1242 4768 peccato
1267 4700 1481 4754 nullum
1505 4702 1765 4771 deinceps
1792 4704 1970 4757 locum
1992 4705 2095 4775 61
2121 4705 2373 4761 habente.

808 4788 907 4843 Ubi
939 4791 1085 4843 enim
1137 4790 1585 4855 perturbationes
1635 4794 1805 4847 animi
1865 4796 2229 4860 cessaverint,
2265 4813 2375 4851 non

803 4881 1077 4935 eritlocus
1108 4888 1354 4949 peccato.
1388 4880 1597 4936 Deinde
1628 4897 1825 4938 rursus
1876 4885 2038 4939 aliam
2092 4902 2376 4956 emergen-

804 4979 909 5022 tem
948 4968 1344 5026 dubitationem
1395 4973 1675 5041 proponit,
1710 4983 1762 5027 et
1809 4974 1959 5028 nullo
2005 4977 2220 5047 negotio
2259 4978 2375 5035 dis-

803 5056 979 5111 solvit.

1395 5148 1624 5203 CAPUT
1691 5150 1775 5205 Vl.

873 5235 1038 5292 Vens.
1074 5239 1123 5292 1.
1157 5238 1293 5304 Quia
1333 5256 1454 5310 ergo
1492 5242 1763 5298 dicemus?
1791 5247 2115 5300 manebimus
2161 5249 2214 5301 in
2258 5266 2375 5317 pec-

800 5336 940 5391 cato,
972 5336 1027 5379 ut
1060 5328 1236 5396 gratia
1281 5327 1552 5386 abundet?
1583 5332 1768 5385 Absit!
1801 5332 2098 5404 Negatione
2123 5354 2286 5407 quam
2322 5339 2374 5393 id

802 5421 874 5472 sit
903 5418 1199 5473 absurdum
1225 5421 1487 5475 ostendit.
1525 5422 1638 5478 lluc
1680 5432 1860 5479 autem
1912 5428 2092 5496 posuit
2150 5439 2371 5499 propter

800 5507 857 5560 id
884 5509 1028 5577 quod
1056 5508 1166 5577 jatn
1195 5519 1323 5564 ante
1345 5511 1549 5566 dictum
1572 5525 1674 5578 est,
1707 5534 1724 5565 ι
1756 5514 1859 5571 Ubi
1897 5519 2197 5575 abundavit
2242 5538 2369 5593 pec-

798 5608 1001 5665 catum,
1057 5602 1519 5670 superabundavit
1555 5608 1749 5676 gratia.
1793 5628 1811 5659 ι
1879 5607 1999 5664 Non
2058 5612 2135 5666 illi
2186 5622 2365 5671 autem

869 5800 904 5824 ἰ
945 5791 1083 5852 Ccn.
1111 5810 1239 5851 xxvr
1264 5839 1278 5863 ,
1312 5799 1365 5854 4.
1444 5808 1469 5836 η
1510 5801 1667 5858 Rom.
1706 5820 1755 5859 vi
1784 5846 1799 5873 ,
1832 5805 1881 5859 7.

2488 4612 2643 4665 Μετά
2670 4613 2726 4666 δέ
2753 4631 2815 4682 γε
2851 4616 2949 4686 τὴν
2977 4617 3295 4683 ἀνάστασιν,
3330 4617 3626 4689 ἀφθάρτων
3655 4638 3713 4673 τε
3748 4624 3841 4675 καὶ
3857 4622 4073 4679 ἀθανά-

2485 4721 2592 4757 των
2621 4706 2727 4758 τῶν
2759 4708 3042 4777 ἡμετέρων
3096 4710 3393 4779 γινομένων
3435 4713 3725 4781 σωμάτων,
3763 4717 3977 4786 ήχάρις
4007 4722 4074 4773 ὲν

2486 4794 2666 4859 αὐτοῖς
2702 4796 3033 4865 βασιλεύσει,
3055 4800 3313 4869 οὐδεμίαν
3335 4801 3522 4856 λοιπὸν
3554 4806 3737 4875 χώραν
3761 4807 3861 4875 τῆς
3882 4810 4073 4881 ἁμαρ-

2484 4888 2603 4951 τὶας
2648 4889 2896 4960 ἐχούσης.
2954 4891 3073 4945 Τῶν
3124 4892 3232 4961 γὰρ
3282 4893 3470 4945 παθῶν
3519 4898 3902 4967 πεπαυμένων,
3962 4903 4071 4972 οὐχ

2481 4976 2589 5040 ἕξει
2628 4977 2811 5046 χώραν
2846 4981 2877 5047 ἡ
2910 4980 3174 5049 ἁμαρτία.
3202 4976 3335 5034 Εἶτα
3372 4983 3533 5036 πάλιν
3569 4986 3761 5056 ἑτέραν
3784 4989 4072 5046 ἀντίθεσιν

2479 5068 2897 5123 ἀνακύπτουσαν
2930 5072 3021 5123 καὶ
3046 5071 3246 5139 τίθησι,
3277 5076 3372 5126 καὶ
3410 5075 3614 5128 διαλύει
3648 5078 3869 5147 ῥᾳδίως.

3010 5162 3403 5217 ΚΕΦΑΛΑΙυΝ
3440 5168 3528 5231 σο.

2548 5267 2582 5303 α
2603 5290 2616 5303 .
2651 5251 2713 5305 Τί
2736 5248 2850 5306 οὖν
2881 5252 3171 5321 ἐροῦμεν;
3210 5256 3611 5326 ἐπιμενοῦμεν
3657 5260 3731 5327 τῇ
3778 5263 4065 5331 ἁμαρτίᾳ,

2476 5343 2577 5395 ἵνα
2606 5343 2644 5410 ἡ
2684 5342 2855 5410 χάρις
2909 5344 3261 5413 π.ἱεονάσῃ;
3300 5348 3396 5415 Μὴ
3439 5350 3666 5416 γένοιτο
3687 5353 3707 5405 .'
3736 5354 3813 5423 Τῇ
3844 5355 4068 5422 ἀπαγο-

2482 5432 2660 5501 ρεύσει
2689 5433 2749 5485 τὺ
2786 5434 2983 5487 ἄτοπον
3007 5436 3194 5501 ἔδειξε.
3228 5438 3450 5492 Τέθεικε
3475 5442 3531 5493 δὲ
3565 5442 3723 5495 τοῦτο
3746 5444 3832 5497 διὰ
3857 5444 3913 5497 τὸ
3951 5447 4065 5517 ἤδη

2478 5525 2915 5594 προειρημένον
2984 5547 3002 5579 ι
3060 5529 3235 5582 Ὅπου
3293 5531 3617 5587 ἐπλεόνασεν
3677 5536 3709 5605 ἠ
3766 5537 4062 5607 ἁμαρτία,

2483 5617 3011 5687 ὑπερεπερίσσευσεν
3037 5623 3069 5688 ἡ
3102 5623 3284 5691 χάρις.
3314 5645 3330 5675 ι
3365 5625 3478 5678 υῦκ
3506 5626 3746 5697 ἠρκέσθη
3778 5629 3963 5699 μέντοι
3984 5633 4063 5703 τῇ
