4194 6432
805 407 905 475 10⁸1

1777 410 2260 470 THEODORETI
2298 408 2633 469 EPISCOPI
2671 410 3032 470 CYRENSIS

3928 412 4037 475 108

803 534 923 575 1⁵3ςο
955 527 1221 584 mortuos,
1254 527 1573 588 υκεροςιοτε
1627 528 1806 576 autem
1883 522 2360 579 resurrectionem.
2397 530 2443 585 Α

2397 530 2443 585 Α
2473 526 2580 597 tia,
2609 527 2936 596 προσμένειν
2990 523 3047 576 δὲ
3111 523 3205 596 τὴν
3261 521 3572 576 ἀνάστασιν.
3623 518 3753 577 Εἶτα
3787 522 3946 578 πάλιν
3975 526 4041 581 τὸ

804 609 1006 665 Deinde
1045 625 1235 665 rursus
1271 609 1421 678 ponit
1461 611 1790 679 exemplum.

855 699 1019 754 Vsus.
1042 698 1096 759 9.
1120 700 1203 753 l0.
1224 695 1455 752 Scientes
1476 700 1613 768 quod
1633 698 1875 753 Christus
1893 718 2163 772 resurgens
2180 721 2212 755 a
2228 718 2371 755 mor-

808 791 907 842 tuis
928 789 1158 859 63jant
1183 806 1285 843 non
1309 791 1553 851 moritur,
1579 806 1720 843 mors
1743 791 1824 844 illi
1844 792 1989 845 ultra
2014 810 2114 846 non
2134 794 2369 848 domina-

804 890 911 933 tur.
935 881 1087 945 Quod
1119 882 1260 935 enim
1290 890 1532 935 mortuus
1560 891 1658 943 est,
1677 892 1890 949 peccato
1916 894 2154 937 mortuus
2181 894 2259 939 est
2288 900 2370 937 se-

803 970 939 1034 met;
964 973 1102 1040 quod
1121 981 1293 1025 autem
1319 972 1463 1034 sirit,
1484 972 1605 1024 vivit
1631 971 1759 1026 Deo.
1786 972 1931 1028 Satis
1953 990 2050 1043 per
2072 975 2187 1029 bzec
2206 975 2369 1029 verba

801 1060 988 1116 docuit
1034 1063 1177 1131 quod
1240 1077 1334 1115 eos
1382 1063 1475 1131 qui
1525 1064 1873 1117 crediderunt
1910 1066 2039 1119 velit
2083 1080 2111 1118 a
2147 1074 2371 1134 peccato

802 1149 1092 1204 abducere.
1152 1149 1352 1214 Semel,
1409 1152 1604 1221 inquit,
1660 1163 1908 1208 mortuus
1957 1164 2041 1211 est
2091 1156 2369 1219 Christus,

804 1259 904 1297 nec
931 1254 988 1298 ut
1021 1245 1103 1299 bis
1144 1246 1407 1299 moriatur
1439 1246 1551 1299 ﬁeri
1593 1256 1807 1315 potest:
1840 1246 2002 1302 habet
2045 1248 2189 1302 enim
2223 1264 2371 1301 nunc

804 1351 1002 1405 corpus
1029 1337 1355 1400 immortale,
1387 1345 1439 1391 et
1467 1337 1588 1391 ideo
1629 1354 1797 1392 unum
1830 1338 1993 1393 etiam
2032 1338 2364 1408 baptismum

803 1443 995 1483 oiunes
1035 1429 1387 1497 percipimus.
1422 1427 1499 1483 Ne
1528 1430 1689 1483 aliam
1728 1446 1857 1500 ergo
1905 1445 2005 1498 per
2037 1431 2369 1499 baptismum

809 1519 1191 1574 remissionem
1226 1526 1532 1588 exspectes.
1563 1518 1797 1573 Pulchre
1831 1528 2011 1573 autem
2047 1520 2185 1572 dixit
2207 1519 2223 1538 ⁶
2245 1533 2371 1573 eum

810 1619 1082 1664 mortuum
1133 1624 1257 1666 esse
1301 1619 1549 1681 peccato.
1606 1611 1722 1666 Non
1761 1620 1880 1667 erat
1909 1612 2052 1664 enim
2082 1612 2243 1664 morti
2274 1612 2371 1665 ob-

807 1702 1038 1767 noxius;
1073 1710 1353 1770 peccatum
1403 1702 1549 1755 enim
1592 1716 1702 1754 non
1740 1702 1943 1754 fecerat
1975 1719 1988 1754 :
2025 1700 2123 1755 sed
2151 1710 2372 1771 propter

816 1803 1065 1850 nostrum
1103 1802 1385 1864 peccatum
1421 1802 1650 1847 mortem
1690 1794 1952 1849 subierat.

884 1882 1044 1938 Vens.
1075 1884 1160 1936 Η.
1194 1881 1284 1935 Ita
1325 1891 1373 1935 et
1407 1898 1494 1936 vos
1550 1883 1845 1936 existimate
1893 1899 1982 1936 vos
2029 1898 2140 1935 esse
2163 1882 2372 1950 quidem
2406 1867 2446 1919 Β

804 1984 1015 2040 precata
1040 1984 1299 2037 mortuos,
1325 1975 1547 2027 virentes
1567 1986 1739 2026 autent
1769 1973 1874 2026 Dea
1900 1975 1953 2026 in
1980 1971 2191 2027 Christo
2219 1973 2369 2027 Iesu.

809 2068 867 2120 Et
897 2083 991 2121 ms
1024 2068 1208 2137 itaque
1241 2067 1295 2119 in
1331 2065 1539 2135 peccati
1574 2066 1792 2134 quidem
1814 2066 2132 2134 operatione
2152 2073 2367 2120 mortua

806 2176 930 2214 esse
972 2161 1215 2214 membra
1255 2166 1437 2212 vestra
1464 2158 1739 2213 ostendite
1784 2176 1798 2212 :
1845 2158 2013 2212 vitam
2058 2167 2241 2213 autem
2280 2176 2371 2215 se-

808 2249 1047 2303 cundum
1077 2248 1357 2302 Christum
1396 2248 1811 2318 amplectimini,
1864 2264 1961 2317 per
2007 2263 2170 2318 quam
2202 2251 2370 2304 vitam

809 2340 1170 2393 immortalem
1205 2339 1635 2409 consequemini.
1666 2337 1893 2409 Oportet
1918 2340 2100 2409 itaque
2126 2356 2226 2397 nos
2249 2342 2373 2396 huic

807 2430 1072 2484 doctrina:
1111 2441 1349 2485 mentem
1389 2429 1677 2491 adhibere,
1709 2438 1764 2484 et
1796 2432 2003 2500 peccati
2037 2431 2255 2501 quidem
2287 2434 2373 2488 in-

807 2525 980 2581 sidias
1012 2526 1221 2595 fugere.
1269 2525 1549 2579 Christum
1609 2534 1811 2588 autem,
1847 2527 1938 2594 qui
1975 2541 2076 2579 nos
2117 2528 2373 2589 servavit,

806 2616 874 2670 ad
903 2617 1173 2671 auxilium
1212 2631 1441 2671 vocare.
1468 2613 1753 2670 lnvocatus
1782 2617 1926 2670 enim
1955 2627 2153 2686 praasto
2180 2617 2372 2683 aderit,

805 2716 860 2763 et
881 2723 1034 2763 suam
1068 2710 1233 2762 nobis
1263 2722 1418 2778 opem
1453 2707 1713 2777 praebebit
1742 2726 1755 2762 :
1786 2722 1907 2761 cum
1936 2724 2045 2777 quo
2075 2707 2218 2762 Patri
2248 2723 2374 2762 cum

812 2806 1004 2857 sancto
1051 2797 1257 2868 Spiritu
1308 2800 1481 2869 gloria
1532 2799 1810 2861 convenit,
1840 2808 1894 2852 et
1922 2800 2201 2867 majestas,
2228 2814 2375 2853 num:

802 2899 860 2945 et
886 2904 1122 2961 semper,
1150 2900 1199 2944 et
1235 2890 1291 2943 in
1324 2890 1519 2945 saecula
1560 2890 1909 2944 saeculorum.
1934 2889 2125 2942 Amen.

1296 3134 1533 3190 TOMUS
1563 3135 1883 3192 TERTIUS.

884 3246 1046 3302 Vens.
1078 3246 1162 3300 £2.
1197 3246 1278 3301 Ne
1306 3264 1426 3318 ergo
1461 3258 1631 3319 regnet
1676 3258 1943 3316 peccatum
1973 3250 2025 3301 in
2051 3249 2267 3303 mortali
2294 3265 2375 3302 ve-

810 3349 919 3393 stro
948 3355 1182 3407 corpore,
1214 3350 1268 3392 ut
1296 3339 1549 3393 obediatis
1587 3340 2015 3407 concupiscentiis
2052 3340 2187 3409 ejus.

888 3429 1136 3500 Regnum
1175 3433 1225 3483 in
1260 3432 1363 3484 hoc
1415 3430 1598 3485 diﬂcrt
1642 3430 1753 3502 64
1802 3446 1831 3484 a
1873 3434 2182 3503 tyrannide,
2232 3431 2377 3502 quod

810 3523 1039 3576 exsistat
1071 3523 1291 3590 quidem
1326 3525 1574 3593 tyrannis
1611 3523 1797 3576 inritis
1828 3524 2113 3592 subjectis.
2148 3540 2376 3593 regnum

815 3622 1016 3673 autem,
1066 3614 1133 3667 iis
1186 3612 1497 3667 volentibus
1545 3613 1749 3682 quibus
1797 3614 2117 3683 imperatur.
2174 3614 2380 3667 Suadct

808 3716 939 3770 ergo
971 3716 1039 3754 ne
1084 3704 1291 3770 peccati
1342 3701 1641 3756 dominatui
1692 3704 1929 3772 amplius
1963 3705 2327 3758 assentiamur
2362 3724 2374 3758 :

811 3789 1074 3845 Dominus
1089 3792 1255 3856 enim,
1276 3792 1510 3845 humana
1534 3806 1702 3847 carne
1724 3804 2000 3864 suscepta,
2018 3796 2136 3865 ejus
2152 3811 2377 3865 regnum

809 3885 1048 3946 evertit,
1092 3892 1188 3946 et,
1222 3891 1278 3937 ut
1321 3884 1416 3954 qui
1462 3887 1793 3941 mortalibus
1839 3896 1895 3941 et
1936 3888 2113 3941 adhuc
2158 3889 2381 3957 patibile

811 3988 1015 4043 corpus
1076 3974 1413 4029 habentibus
1444 3975 1587 4044 leges
1637 3975 1838 4041 ferret,
1884 3993 1947 4031 ea
1994 3980 2207 4043 statuit,
2259 3994 2380 4046 quae

817 4064 1032 4118 illorum
1053 4065 1413 4120 imbecillitati
1436 4076 1764 4135 congruant,
1796 4076 1848 4122 et
1877 4084 1985 4123 non
2017 4069 2175 4135 dicit,
2199 4086 2267 4125 ne
2293 4078 2377 4139 ty-

815 4156 1099 4211 rannidem
1140 4167 1392 4212 exerceat
1422 4168 1728 4227 peccatum,
1761 4160 1856 4214 sed
1909 4176 1975 4213 ne
2008 4172 2201 4229 regnet.
2238 4160 2377 4215 Illud

808 4245 954 4299 enim
988 4246 1134 4300 illius
1170 4256 1254 4301 est
1280 4249 1589 4316 pr0prium,
1622 4250 1726 4303 hoc
1758 4266 1887 4303 vero
1928 4259 2127 4305 nostra:
2156 4252 2376 4308 mentis.

811 4339 992 4394 Animi
1018 4340 1163 4395 enim
1191 4342 1663 4410 perturbationum
1693 4354 1875 4397 motus
1902 4354 1958 4396 ct
1986 4343 2199 4398 vexatio
2238 4343 2380 4399 inest

813 4431 971 4486 nobis
1026 4442 1251 4498 natura;
1286 4447 1474 4487 eorum
1526 4442 1708 4488 autem
1762 4450 1882 4503 qua
1926 4436 2198 4505 prohibita
2249 4443 2379 4490 sunt

2473 617 2822 686 παράδειγμα
2846 615 3078 685 τίθησιν.

2542 706 2609 769 θ’,
2642 714 2693 759 ι’.
2726 704 2967 770 Ειδότες
3005 704 3094 757 ὅτι
3124 706 3377 771 Χριστὸς
3391 704 3653 772 ἐγερθεὶς
3687 705 3757 758 ἐκ
3789 706 4040 774 rauim,

2468 796 2666 850 οὐκέτι
2681 797 3068 862 ἀποθνήσκει,
3086 795 3337 860 θάνατος
3350 796 3538 849 αὐτοῦ
3554 795 3749 850 οὐκέτι
3760 799 4040 864 κυριεύει.

2475 888 2545 939 Ὀ
2574 886 2685 955 γὰρ
2712 886 2991 948 ἀπέθανε,
3023 886 3095 952 τῇ
3124 887 3379 955 ἁμαρτίᾳ
3412 885 3713 939 ἀπέθανεν
3763 886 4001 955 ἐφάπαξ
4023 904 4038 915 ο

2469 977 2501 1031 ὃ
2532 977 2601 1031 δὲ
2627 976 2717 1046 ζῇ,
2747 975 2811 1044 ζῇ
2861 974 2940 1041 τῷ
2992 977 3133 1040 Θεῷ.
3178 977 3400 1041 Ὶκανῶς
3438 977 3529 1030 διὰ
3582 978 3785 1030 τούτων
3832 976 4041 1041 ἐδίδαξε

2469 1068 2576 1121 τῶν
2608 1069 2887 1139 ῥημάτων,
2922 1068 3017 1135 τῆς
3065 1068 3333 1137 ἁμαρτίας
3375 1067 3684 1136 ἀποστῆσαι
3724 1069 3848 1129 τοὺς
3881 1085 4045 1120 πεπι-

2473 1161 2768 1223 στευκότας
2823 1158 3166 1230 βουλόμενος.
3200 1158 3404 1224 Ἀπαε,
3471 1160 3662 1228 φησὶν,
3705 1159 3974 1211 ἀπέθανεν
4012 1160 4048 1211 ὁ

2472 1250 2723 1319 Χριστὸς,
2746 1251 2841 1302 καὶ
2891 1251 2971 1313 δίς
3029 1250 3190 1302 αὑτὸν
3238 1250 3527 1302 ἀποθανεῖν
3573 1249 3682 1301 τῶν
3727 1250 4042 1303 ἀδυνάτων·

2472 1342 2734 1395 ἀθάνατον
2762 1342 2870 1411 γὰρ
2900 1341 2992 1394 νῦν
3050 1342 3161 1411 ἔχει
3208 1342 3269 1393 τὸ
3298 1340 3476 1410 σῶμα.
3510 1342 3609 1393 Διά
3645 1357 3728 1392 τοι
3764 1340 3921 1392 τοῦτο
3944 1342 4045 1393 καὶ

2473 1436 2592 1497 ἐνὸς
2656 1434 3026 1503 βαπτίσματος
3064 1432 3300 1494 ἅπαντες
3345 1432 3708 1501 ἀπολαύομεν.
3743 1432 3832 1502 Μὴ
3861 1432 4047 1484 τοίνυν

2473 1525 2667 1595 ἑτέραν
2700 1523 2998 1593 ἁναμείνῃς
3027 1522 3116 1575 διὰ
3139 1523 3235 1575 τοῦ
3283 1522 3655 1592 βαπτίσματος
3682 1523 3896 1587 ἄσεσιν.
3931 1523 4046 1573 Ka—

2471 1614 2578 1677 λῶς
2606 1615 2663 1667 δὲ
2685 1617 2751 1683 τῇ
2782 1613 3025 1683 ἁμαρτία
3069 1613 3231 1665 αὑτὸν
3255 1613 3355 1679 έςη
3400 1612 3671 1664 τεθνάναι.
3703 1612 3778 1663 Οὐ
3807 1612 3915 1681 γὰρ
3939 1611 4047 1663 ὑπ-

2472 1704 2650 1757 έκειτο
2702 1703 2950 1771 θανάτῳ·
2992 1702 3266 1771 ἁμαρτίαν
3301 1700 3410 1769 γὰρ
3441 1702 3542 1752 οὐκ
3579 1700 3864 1767 ἐποίησεν·
3905 1697 4047 1749 ἀλλὰ

2473 1796 2561 1848 διὰ
2581 1794 2679 1865 τὴν
2704 1792 2975 1862 ἡμετέραν
3024 1792 3297 1861 ἁμαρτίαν
3324 1791 3414 1843 τὸν
3444 1791 3669 1843 θάνατον
3700 1787 4044 1851 κατεδέξατο.

2548 1892 2636 1938 ια’.
2674 1885 2836 1936 Οὕτω
2867 1882 2964 1935 καὶ
2986 1881 3153 1950 ὑμεῖς
3184 1880 3489 1948 λογίζεσθε
3517 1880 3767 1945 ἑαυτοὺς
3792 1881 4049 1947 νεκροὺς

2466 1977 2583 2044 μὲν
2598 1972 2750 2028 εἶναι
2781 1974 2854 2040 τῇ
2875 1974 3144 2041 ἁμαρτίᾳ.
3166 1972 3383 2036 ζῶντας
3404 1971 3472 2024 δὲ
3491 1971 3569 2037 τῷ
3584 1970 3705 2035 Θεῷ
3721 1973 3791 2025 ἐν
3814 1970 4052 2039 Χριστῷ

2487 2063 2708 2131 Ἰησοῦ.
2743 2063 2852 2116 Καὶ
2907 2063 3061 2132 ὑμεῖς
3122 2061 3321 2123 τοίνυν,
3371 2064 3437 2130 τῇ
3493 2062 3591 2131 μὲν
3649 2061 3897 2130 ἐνεργείᾳ
3942 2060 4046 2128 τῆς

2474 2156 2746 2227 ἁμαρτίας
2778 2156 2944 2224 νεκρὰ
2971 2154 3179 2220 δείξατε
3195 2154 3261 2205 τὰ
3275 2154 3517 2223 ὑμέτερα
3535 2151 3694 2222 μέλη,
3710 2153 3808 2222 τὴν
3824 2152 3878 2204 δὲ
3902 2155 4051 2203 κατὰ

2473 2248 2708 2317 Χριστὸν
2733 2245 3050 2299 ἀσπάσασθε
3080 2244 3284 2313 βιοτὴν,
3302 2243 3368 2296 δι’
3397 2239 3464 2311 ἧς
3493 2240 3745 2306 τεύξεσθε
3790 2241 3889 2310 τῆς
3909 2239 4047 2292 ἀθα-

2474 2341 2632 2391 νάτου
2667 2336 2831 2406 ζωῆς.
2864 2336 3049 2406 Ταύτῃ
3074 2336 3362 2405 προσέχειν
3398 2336 3640 2395 ἅπαντας
3668 2333 3815 2401 ἡμᾶς
3864 2334 3928 2400 τῇ
3964 2331 4048 2383 δι-

2472 2429 2737 2500 δασκαλία
2762 2432 3048 2498 προσήκει,
3091 2428 3186 2479 καὶ
3228 2425 3451 2493 φεύγειν
3477 2424 3578 2494 μὲν
3601 2424 3699 2486 τὰς
3722 2422 3822 2491 τῆς
3861 2419 4049 2492 ἁμαρ-

2473 2518 2594 2580 τίας
2624 2516 2936 2578 ἐπιϐουλὰς,
2992 2515 3179 2569 καλεῖν
3204 2515 3260 2568 δὲ
3290 2515 3370 2577 εἰς
3414 2514 3734 2583 ἐπικουρίαν
3766 2512 4051 2565 σεσωκότα

2475 2608 2727 2677 Χριστόν.
2772 2609 3146 2674 Ἑπιφανεῖται
3186 2607 3298 2677 γὰρ
3340 2606 3693 2675 καλούμενος,
3723 2607 3816 2658 καὶ
3841 2606 3939 2674 τὴν
3968 2605 4050 2656 ol-

2474 2700 2629 2752 κείαν
2655 2700 2787 2768 ἡμῖν
2850 2699 3027 2768 ὀρέξει
3082 2701 3286 2768 ῥοπήν·
3344 2698 3459 2767 μεθ’
3505 2694 3566 2750 οὗ
3612 2698 3688 2765 τῷ
3728 2697 3902 2766 Ila.th
3945 2697 4052 2747 σὺν

2474 2790 2554 2860 τῷ
2576 2789 2825 2859 παναγίῳ
2856 2788 3135 2857 Πνεύματι
3172 2789 3296 2854 δόξα
3330 2788 3528 2859 πρέπει
3580 2791 3673 2841 καὶ
3704 2788 4051 2858 μεγαλοπρέ-

2476 2897 2628 2943 πεια,
2690 2880 2783 2933 νῦν
2846 2882 2941 2932 καὶ
2986 2880 3075 2932 ἀεὶ
3120 2882 3197 2941 είς
3248 2882 3375 2943 τοὺς
3435 2880 3633 2941 αἰῶνας
3669 2878 3777 2931 τῶν
3808 2878 4050 2931 αἰώνων.

2475 2971 2671 3043 ’Δμήν.

2997 3149 3227 3201 ΤΟΜΟΣ
3281 3149 3543 3203 ΤΡΙΤΟΣ.

2550 3259 2636 3331 ιβ’.
2666 3256 2889 3328 Μὴοῦν
2910 3261 3288 3325 ,ϐασιλευέτω
3322 3266 3354 3329 ἡ
3383 3264 3633 3330 ἁμαρτία
3662 3263 3729 3313 ἐν
3750 3261 3826 3325 τῷ
3856 3262 4059 3327 θνητῷ

2478 3351 2646 3420 ὑμῶν
2668 3351 2910 3419 σώματι,
2934 3354 3021 3415 εἰς
3048 3351 3115 3403 τὸ
3134 3354 3459 3405 ὑπακούειν
3492 3351 3643 3419 αὑτῇ
3673 3354 3742 3405 ἐν
3772 3353 3897 3417 ταῖς
3917 3354 4018 3404 ἐπι
4035 3383 4053 3393 -

2479 3444 2720 3514 θυμίαις
2750 3442 2937 3509 αὐτῆς
2994 3444 3059 3496 δ’.
3114 3444 3369 3497 Βασιλεία
3442 3445 3753 3515 τυραννίδος
3803 3445 4053 3514 διαφέρει

2479 3535 2669 3605 ταύτῃ,
2700 3534 2775 3604 τῷ
2809 3533 2905 3604 τὴν
2945 3535 3041 3603 μὲν
3070 3535 3358 3605 τυραννίδα
3394 3535 3633 3589 ἀκόντων
3661 3535 3905 3602 γίνεσθαι
3935 3535 4053 3587 τῶν

2480 3628 2754 3698 ὑπηκόων,
2786 3627 2885 3696 τὴν
2935 3626 2992 3679 δὲ
3050 3627 3325 3696 βασιλείαν
3382 3627 3717 3697 βουλομένων
3750 3628 3857 3680 τῶν
3888 3629 4054 3698 ἀρχο-

2482 3726 2674 3797 μένων.
2709 3726 2971 3793 Παραινεί
2986 3724 3182 3785 τοίνυν,
3211 3721 3708 3791 μηκέτιδυναστείᾳ
3731 3722 3827 3788 τῆς
3861 3722 4048 3789 ἁμαρ-

2476 3815 2599 3877 τίας
2654 3813 2995 3866 συντίθεσθαι
3021 3830 3033 3843 ·
3092 3813 3349 3864 κατέλυσε
3412 3811 3521 3881 γὰρ
3554 3810 3720 3879 αὐτῆς
3758 3809 3855 3879 τὴν
3899 3809 4051 3878 βασι-

2478 3902 2627 3954 λείαν
2654 3905 2681 3954 ὁ
2711 3901 2984 3969 Δεσπότης
3009 3900 3431 3969 ἐνανθρωπήσας
3455 3916 3466 3927 ·
3501 3898 3593 3950 καὶ
3620 3899 3712 3951 at:
3737 3898 3802 3967 δὴ
3832 3897 4052 3965 θνητοῖς

2480 3993 2557 4045 ἔτι
2586 3993 2677 4044 καὶ
2707 3990 2943 4061 παθητὸν
2976 3991 3157 4060 ἔχουσι
3186 3992 3343 4059 σῶμα
3383 3989 3707 4059 νομοθετῶν,
3757 3989 4052 4059 σύμμετρα

2478 4087 2544 4153 τῇ
2568 4084 2819 4154 ἀσθενείᾳ
2844 4085 3141 4153 νομοθετεῖ.
3175 4082 3287 4135 Καὶ
3314 4082 3375 4134 οὐ
3404 4083 3572 4149 λέγει.
3598 4081 3689 4151 Μὴ
3712 4080 4053 4150 τυραννείτω

2484 4173 2517 4240 ἡ
2546 4172 2810 4240 ἁμαρτία,
2830 4171 2986 4233 ἀλλὰ,
3005 4170 3103 4238 Μὴ
3132 4170 3530 4235 βασιλευέτω.
3560 4172 3632 4223 Τὸ
3664 4171 3761 4239 μὲν
3780 4171 3884 4240 γὰρ
3914 4170 4050 4223 ἴδιον

2480 4261 2715 4329 ἐκείνης,
2756 4263 2816 4315 τὸ
2867 4263 2922 4315 δὲ
2965 4263 3065 4332 τῆς
3124 4264 3396 4332 ἡμετέρας
3435 4262 3677 4331 γνώμης.
3728 4263 3789 4315 Ἡ
3820 4264 4057 4332 μὲνγὰρ

2476 4351 2584 4405 τῶν
2620 4352 2953 4423 παθημάτων
3016 4356 3228 4422 κίνησίς
3282 4371 3341 4406 τε
3395 4355 3486 4407 καὶ
3514 4354 3793 4423 ἐνόχλησις
3818 4356 3864 4386 ⁸⁸
3903 4358 4055 4409 κατὰ

2481 4441 2638 4508 φύσιν
2670 4444 2798 4510 ἡμῖν
2830 4442 3133 4509 ἐγγίνεται·
3157 4444 3265 4494 τῶν
3294 4442 3350 4494 δὲ
3371 4443 3751 4513 ἀπειρημένων
3781 4447 3815 4513 ὴ
3847 4446 4052 4514 πρᾶξις

812 4524 958 4577 actio
994 4537 1021 4575 a
1051 4531 1237 4577 nostra
1268 4536 1448 4579 mente
1484 4525 1703 4595 pendet.
1729 4524 1982 4580 Ostendit
2004 4534 2184 4580 autem
2210 4526 2373 4580 etiam
2408 4527 2450 4581 Ι)

2408 4527 2450 4581 D
2484 4534 2582 4601 τῆς
2611 4532 2836 4601 γνώμης
2866 4533 3179 4603 ἐξήρτηται.
3220 4534 3427 4599 "eausa
3451 4533 3507 4584 δὲ
3544 4536 3636 4586 καὶ
3667 4534 3763 4587 τοῦ
3804 4536 4049 4605 πολέμου

809 4614 1009 4669 bellum
1031 4629 1139 4668 non
1157 4615 1480 4669 diuturnum
1512 4616 1782 4681 futurum,
1806 4631 2004 4685 corpus
2025 4617 2251 4671 mortale
2279 4632 2375 4685 ap-

813 4705 1039 4774 pellans.
1074 4703 1185 4760 Hoc
1213 4705 1359 4759 enim
1395 4707 1487 4759 ubi
1521 4706 1719 4760 mortis
1751 4707 2047 4760 terminum
2080 4707 2371 4775 acceperit,

809 4803 992 4849 cessat
1024 4796 1189 4848 etiam
1225 4796 1392 4849 animi
1426 4796 1897 4866 perturbationum
1932 4795 2191 4851 insultus.
2214 4794 2374 4852 lubet

810 4901 940 4956 ergo
980 4902 1079 4941 nos
1124 4901 1232 4940 non
1267 4888 1487 4956 quidem
1524 4890 1715 4942 tollere
1754 4889 1963 4958 peccati
1996 4888 2366 4959 tyrannidem,

812 4977 907 5033 sed
930 4979 978 5031 ei
1003 4994 1107 5032 non
1131 4978 1325 5034 cedere
1350 4979 1640 5035 immodice
1670 4980 1989 5035 accendenti
2011 4980 2375 5050 appetitiones

813 5071 1115 5139 ‘corporis.

880 5164 900 5185 ⁹
930 5160 1091 5215 Vens.
1125 5161 1211 5215 15.
1247 5160 1427 5230 Neque
1455 5163 1739 5217 exhibeatis
1768 5164 2000 5218 membra
2029 5173 2198 5219 vestra
2227 5182 2378 5219 arma

810 5252 1108 5321 iniquitatis
1141 5266 1370 5320 peccato.
1411 5255 1544 5308 Cum
1585 5257 1735 5325 regni
1770 5257 2101 5311 mentionem
2136 5256 2375 5322 fecisset,

813 5343 933 5411 cjus
953 5358 1175 5413 quoque
1206 5353 1538 5399 armaturam
1577 5358 1944 5417 congruenter
1974 5349 2239 5414 ostendit,
2280 5366 2375 5419 pa-

814 5434 1104 5504 randaeque
1144 5434 1388 5489 victoria:
1440 5435 1708 5491 rationem
1773 5452 1876 5492 nos
1930 5436 2139 5492 docuit.
2194 5438 2375 5495 Armis

812 5524 956 5579 enim
986 5534 1273 5593 peccatum
1302 5527 1507 5582 nostris
1535 5528 1800 5585 adversus
1838 5543 1938 5585 nos
1967 5530 2228 5586 membris
2263 5531 2373 5585 utiA

2482 4625 2545 4676 τὸ
2594 4627 2951 4694 πρόσκαιρον,
3009 4627 3199 4696 θνητὸν
3255 4625 3313 4679 τὸ
3365 4627 3522 4696 σῶμα
3576 4629 4053 4697 προσαγορεύσας.

2483 4715 2686 4769 Τούτου
2716 4719 2823 4786 γὰρ
2851 4717 3143 4786 δεξαμένου
3174 4718 3265 4770 τοῦ
3311 4718 3541 4771 θανάτου
3580 4719 3670 4770 τὸν
3696 4719 3839 4789 ὅρον,
3872 4719 4053 4771 παύε-

2480 4826 2572 4862 ται
2601 4810 2695 4864 καὶ
2722 4809 2830 4861 τῶν
2860 4808 3197 4879 μαθημάτων
3226 4811 3259 4879 ἡ
3289 4809 3579 4879 προσϐολή.
3614 4810 3835 4862 Κελεύει
3866 4812 4053 4863 τοίνυν

2482 4903 2633 4972 ἡμῖν,
2662 4902 2720 4953 ού
2754 4901 2948 4953 παύειν
2992 4901 3091 4970 τῆς
3140 4902 3413 4972 ἁμαρτίας
3446 4903 3544 4971 τὴν
3574 4902 3878 4969 τυραννίδα,
3910 4903 4054 4956 ἀλλὰ

2484 4993 2558 5062 μὴ
2582 4991 2877 5045 ὑπακούειν
2907 4994 3041 5063 αὐτῇ
3075 4993 3326 5064 ἀμέτρως
3364 4993 3669 5065 seua-.0ch
3701 4994 3799 5056 τὰς
3837 4994 4054 5062 ὀρέξεις

2479 5082 2573 5135 τού
2595 5082 2865 5152 σώματος.

2555 5179 2641 5240 ιγ’.
2677 5172 2840 5240 Μηδὲ
2903 5175 3296 5241 παριστάνετε
3362 5176 3431 5229 τὰ
3470 5175 3625 5243 μέλη
3682 5176 3845 5245 ὑμῶν
3886 5176 4055 5232 ὅπλα

2479 5264 2715 5329 ἀδικίας
2743 5265 2813 5332 τῇ
2841 5268 3109 5334 ἁμαρτίᾳ.
3138 5267 3420 5331 Βασιλείας
3454 5270 3850 5337 μνημονεύσας,
3873 5271 4055 5339 ἀναγ-

2482 5356 2651 5418 καίως
2677 5358 2769 5409 καὶ
2794 5357 2891 5426 τὴν
2910 5358 3111 5426 ταύτης
3169 5358 3331 5422 ἔδειξε
3361 5360 3678 5424 πανοπλίαν,
3711 5362 3805 5414 καὶ⁵
3836 5362 3925 5413 τὸν
3949 5366 4057 5432 τῆς

2478 5445 2632 5513 νίκης
2658 5448 2805 5514 ἡμᾶς
2836 5447 3181 5510 ἑξεπαίδευσε
3232 5450 3450 5519 τρόπον.
3485 5451 3707 5515 ὐπλοις
3761 5452 3871 5522 γὰρ
3925 5456 4057 5507 καθ’

2476 5536 2948 5609 ἡμῶνήἀμαρτία
3003 5542 3113 5602 τοῖς
3170 5542 3453 5612 ἡμετέροις
3495 5542 3754 5614 κέχρηται
3802 5542 4051 5614 μέλεσιν.

2110 5692 2344 5752 vitam
2384 5681 2785 5753 LECTIONES.

884 5782 928 5814 δ’
949 5782 991 5834 Β
1010 5783 1205 5837 αὐτῶν.
1312 5786 1355 5817 ⁸ο
1383 5783 1609 5839 (Ecum.
1643 5782 1879 5854 δχλησις.
