4194 6432
779 332 883 396 115

1729 334 2216 397 THEODORETI
2256 334 2597 426 EPISCOPI
2644 335 3009 395 CYRENSIS

3923 327 4035 393 ιισ

782 456 1109 515 resurrexit,
1147 461 1253 504 noc
1288 454 1394 517 est,
1425 446 1656 501 Domino
1689 444 1933 502 Christo.
1969 447 2034 501 Et
2084 446 2345 517 quoniam

2468 448 2623 518 ιτέρῳ
2651 448 2990 516 συναφθῆναι
3013 445 3090 514 τῷ
3119 446 3181 498 ἐκ
3207 443 3416 512 νεκρῶν
3446 443 3744 513 ἐγερθέντι,
3778 444 4033 496 τουτέστι

779 540 1231 612 conjunctionem
1254 548 1308 595 et
1340 539 1753 593 matrimonium
1783 546 2024 592 nostram
2073 538 2128 592 in
2180 537 2345 592 Chri-

781 641 926 689 stum
959 631 1116 688 iidem
1156 631 1468 701 appellavit,
1516 630 1712 685 merito
1760 629 2097 684 matrimonii
2133 643 2349 699 quoque

788 728 1023 781 l'rut-tum
1085 724 1348 779 ostendit.
1407 724 1466 780 Ut
1512 722 1917 791 fructiﬁcemus,
1964 721 2164 790 inquit,
2215 719 2345 773 Deo.

785 819 918 884 Quis
947 824 1031 873 est
1056 827 1237 871 autem
1274 814 1536 871 fructus?
1568 814 1639 872 Ut
1682 815 1929 870 membra
1974 822 2163 869 nostra
2216 811 2351 866 (iant

784 922 936 963 arma
961 907 1209 978 iustitiae.
1249 906 1419 962 Valde
1448 916 1627 961 autem
1669 906 1945 977 sapienter
2002 906 2352 961 demonstra-

785 1002 862 1054 vit
920 1000 1092 1069 legem
1151 1000 1347 1069 jubere
1398 1008 1459 1053 ut
1506 998 1728 1054 Christo
1769 999 2196 1068 conjungamur.
2234 996 2350 1049 Non

782 1092 933 1146 enim
962 1092 1305 1161 prohibebat,
1355 1092 1567 1163 inquit,
1614 1105 1727 1162 quo
1781 1091 1965 1145 minus
2001 1098 2186 1160 posset
2231 1104 2353 1141 mu-

787 1184 888 1239 lier
910 1184 1000 1238 alii
1026 1183 1146 1239 viro
1194 1184 1403 1239 nubere
1441 1192 1563 1253 post
1612 1183 1816 1251 prioris
1865 1184 2045 1236 mariti
2099 1189 2349 1234 mortem.

787 1273 996 1329 Deinde
1024 1290 1222 1329 rursus
1256 1274 1499 1330 ostendit
1537 1273 1926 1329 dill'erentiam.

861 1448 1027 1505 Vens.
1067 1451 1122 1505 5.
1155 1449 1287 1505 Cum
1309 1452 1448 1504 enim
1479 1468 1710 1506 essemus
1741 1452 1796 1504 in
1822 1468 2000 1505 carne.
2039 1450 2153 1505 Hoc
2182 1459 2266 1505 est
2302 1450 2354 1502 in

788 1541 898 1610 70
921 1541 1338 1597 conversatione
1366 1543 1670 1596 secundum
1704 1544 1900 1612 legem.
1940 1542 2168 1597 Carnem
2187 1543 2354 1595 .enim

791 1631 1007 1685 vocavit
1030 1645 1125 1685 eas
1160 1632 1304 1702 leges
1331 1647 1454 1703 qua:
1486 1632 1641 1685 carni
1674 1631 1817 1685 datae
1850 1640 2000 1692 sunt,
2032 1631 2099 1685 de
2129 1631 2274 1696 cibo,
2304 1638 2358 1686 et

2450 541 2530 610 τῷ
2574 539 2819 611 Δεσπότῃ
2867 537 3106 608 Χριστῷ.
3168 538 3278 590 Καὶ
3340 536 3531 606 ἐπειδὴ
3589 537 3884 603 συνάφειαν
3930 537 4036 587 καὶ

2451 632 2627 702 γάμον
2665 633 2763 703 τὴν
2805 634 2885 695 είς
2924 634 3014 686 τὸν
3042 631 3248 703 Κύριον
3289 630 3701 701 προσηγόρευσε
3741 630 3789 662 ⁸⁸
3818 629 4031 691 πίστιν,

2453 726 2677 788 εἰκότως
2725 724 2964 778 δείκνυσι
3003 724 3098 778 καὶ
3139 724 3229 776 τὸν
3264 722 3360 776 τοῦ
3401 722 3581 792 γάμου
3614 724 3845 793 καρπόν.
3888 718 4036 781 "Ira

2453 814 3245 885 xapxogoprjo'wysr,.<pnol,
3285 813 3365 879 τῷ
3415 813 3558 879 Θεῷ.
3599 812 3694 876 Τίς
3724 812 3781 865 δὲ
3811 814 3846 882 ἡ
3888 828 4027 882 καρ-

2454 908 2725 978 ποφορίας
2761 908 2833 960 Τὸ
2869 907 2939 960 τὰ
2972 907 3106 979 μέλη
3157 906 3314 977 ἡμῶν
3364 904 3504 958 ὅπλα
3549 903 3895 974 δικαιοσύνης
3934 919 4036 970 γε-

2454 1000 2663 1057 νέσθαι.
2701 1001 2862 1055 Μάλα
2908 1001 2964 1054 δὲ
3009 1001 3186 1069 σοφῶς
3226 999 3389 1053 αὑτὸν
3435 997 3680 1061 ὑπέδειξε
3723 997 3817 1051 τὸν
3862 997 4035 1065 νόμον

2456 1092 2857 1161 παρεγγυῶντα
2888 1092 2966 1160 τῷ
3005 1090 3226 1161 Χριστῷ
3253 1091 3611 1159 συναφθῆναι.
3649 1088 3764 1141 Οὐκ
3793 1083 3945 1159 εἶργε
3980 1088 4037 1119 ⁸⁸

2457 1185 2585 1256 γάρ,
2617 1184 2772 1255 φησὶ,
2797 1182 2898 1255 τὴν
2930 1185 3162 1250 γυναῖκα
3186 1182 3468 1253 γήμασθαι
3497 1180 3654 1251 ἀνδρὶ
3690 1180 3862 1250 ἑτέρῳ
3890 1180 4037 1249 μετὰ

2457 1278 2554 1341 τὴν
2581 1274 2837 1345 τελευτὴν
2866 1274 2962 1327 τοῦ
2995 1274 3283 1344 προτέρου.
3316 1269 3449 1326 Εἶτα
3486 1272 3646 1325 πάλιν
3670 1271 3732 1324 τὸ
3770 1271 4035 1341 διάφορον

2457 1368 2746 1420 δείκνυσιν.

2530 1465 2588 1511 ε’.
2649 1459 2785 1511 Ὀτε
2838 1459 2949 1528 γὰρ
2989 1448 3139 1527 ἦμεν
3195 1457 3265 1508 ἐν
3299 1455 3372 1523 τῇ
3410 1454 3588 1521 σαρκὶ
3643 1454 3911 1520 (τουτέστι
3959 1455 4034 1520 τῇ

2460 1550 2599 1602 κατὰ
2628 1549 2791 1619 νόμον
2829 1549 3092 1620 πολιτείᾳ.
3147 1547 3348 1615 Σάρκα
3386 1545 3494 1615 γὰρ
3522 1545 3621 1607 τὰς
3652 1546 3717 1615 τῇ
3749 1544 3915 1613 σαρκὶ
3943 1543 4040 1595 δε-

2461 1640 2689 1709 δομένας
2740 1639 3061 1709 νομοθεσίας
3107 1639 3379 1709 ὠνόμασε,
3417 1638 3515 1701 τὰς
3569 1637 3697 1707 περὶ
3752 1634 4036 1705 βρώσεως,

792 1727 945 1788 potu,
972 1730 1025 1776 et
1061 1722 1235 1792 lepra,
1272 1732 1326 1777 et
1362 1723 1432 1777 iis
1467 1723 1772 1777 similibus.
1825 1722 2114 1776 Passioncs
2172 1738 2360 1789 pecca-

2468 1734 2558 1785 καὶ
2590 1732 2819 1796 πόσεως,
2854 1732 2949 1785 καὶ
2986 1731 3191 1802 λέπρας
3214 1769 3228 1793 ,
3266 1731 3360 1783 καὶ
3410 1729 3479 1782 τά
3514 1729 3723 1791 τούτοις
3768 1729 3813 1761 ⁵⁷
3864 1742 4042 1797 προσ-

793 1824 987 1881 torum,
1022 1832 1139 1885 quw
1165 1831 1256 1883 per
1285 1815 1444 1887 legem
1481 1826 1656 1882 erant,
1702 1815 2062 1883 operabantur
2106 1816 2159 1869 iu
2191 1832 2355 1869 mem-

2468 1823 2670 1893 ὑμοια),
2706 1825 2781 1878 τὰ
2814 1798 3134 1893 παθήματα
3170 1821 3289 1875 τῶν
3323 1818 3646 1890 ἁμαρτιῶν,
3682 1820 3752 1872 τὰ
3783 1816 3880 1870 διὰ
3925 1817 4042 1870 τοῦ

793 1907 902 1962 bris
946 1908 1160 1961 nostris.
1190 1906 1312 1961 Non
1351 1908 1514 1971 dixit,
1569 1908 1671 1963 sub
1701 1908 1842 1978 lege,
1877 1905 1997 1970 sed,
2041 1921 2132 1974 per
2173 1905 2357 1976 legem.

796 2002 915 2070 ipsa
981 2001 1130 2055 enim
1187 2018 1296 2056 non
1349 2003 1678 2071 operabatur
1732 2007 2056 2071 peccatum,
2104 1999 2196 2054 sed
2241 1999 2361 2068 ipsa

795 2100 1080 2161 peccatum
1112 2094 1426 2148 accusabat.
1478 2092 1769 2148 Peccatum
1824 2098 2007 2146 autem
2042 2091 2185 2145 bono
2223 2090 2363 2143 male

796 2201 952 2242 nsum
987 2196 1091 2241 est.
1122 2187 1310 2256 Neque
1359 2202 1487 2242 vero
1541 2188 1781 2241 membra
1828 2193 2016 2239 nostra
2052 2184 2362 2253 operabatu—

793 2286 885 2332 tur
916 2287 1226 2348 peccatum,
1260 2277 1355 2334 sed
1400 2294 1496 2348 per
1537 2278 1779 2333 membra
1837 2285 2022 2331 nostra
2058 2277 2255 2330 anima:
2294 2275 2362 2329 ad

681 2442 685 2446 θ
794 2369 847 2423 id
900 2368 1047 2440 quod
1102 2379 1190 2425 est
1241 2369 1485 2425 deterius
1538 2370 1842 2436 inclinatio,
1886 2368 2183 2439 peragebat
2242 2368 2363 2435 ejus

794 2461 1193 2531 operationem.
1257 2459 1399 2527 Quid
1460 2471 1641 2516 autem
1693 2477 1756 2517 ex
1780 2476 1846 2517 eo
1904 2458 2228 2516 eveniebat?
2295 2457 2364 2511 Ut

796 2553 1181 2622 fructi/icerant
1222 2553 1401 2607 morti.
1440 2551 1544 2607 Per
1595 2552 1709 2607 haec
1753 2561 1936 2609 autem
1993 2569 2093 2607 nos
2152 2554 2362 2617 docuit,

795 2643 941 2713 quod
973 2651 1101 2697 ante
1125 2643 1380 2713 gratiam,
1414 2642 1543 2697 dum
1570 2642 1673 2696 sub
1707 2641 1844 2710 legis
1870 2649 2014 2697 statu
2048 2656 2362 2711 ageremus,

794 2734 1013 2802 peccati
1081 2734 1523 2788 vehementiores
1612 2732 1851 2803 impetus
1926 2731 2362 2796 sustinebamus,

795 2840 920 2878 cum
956 2824 1041 2880 lex
1072 2824 1202 2894 quid
1234 2832 1381 2880 esset
1426 2822 1649 2894 quidem
1700 2824 1969 2894 agendum
2024 2822 2363 2887 ostenderet,

799 2915 1060 2971 auxilium
1091 2926 1272 2970 autem
1304 2929 1417 2971 non
1455 2915 1639 2970 ferret.

875 3111 1037 3166 Vens.
1070 3110 1123 3167 ὃ.
1157 3109 1316 3165 Nunc
1338 3120 1517 3164 autem
1544 3108 1705 3163 soluti
1734 3125 1916 3161 sanius
1949 3124 1980 3160 a
2002 3108 2128 3177 lege.
2155 3104 2366 3161 Rursus

802 3223 857 3259 in
883 3205 1140 3261 cautione
1169 3203 1411 3271 perstitit
1448 3220 1462 3256 :
1497 3212 1550 3255 et
1581 3216 1691 3254 non
1721 3200 1880 3262 dixit,
1928 3200 2111 3252 soluta
2143 3205 2228 3252 est
2259 3199 2366 3261 lex,

804 3298 896 3352 sed
929 3314 1025 3359 nos
1052 3295 1212 3350 soluti
1240 3310 1423 3348 sumus
1450 3311 1483 3346 a
1509 3294 1638 3363 lege.
1664 3292 1773 3345 Lex
1825 3291 2038 3347 scilicet
2082 3290 2243 3344 nobis
2288 3290 2371 3343 in-

806 3390 959 3445 utilis
979 3397 1086 3453 est,
1115 3403 1291 3456 neque
1332 3388 1479 3442 enim
1521 3400 1585 3439 ex
1613 3384 1702 3438 illa
1737 3384 1973 3454 amplius
2006 3385 2175 3437 vitam
2206 3383 2369 3437 iusti-

806 3479 1033 3534 tuimus.
1070 3478 1136 3532 Et
1160 3478 1439 3548 quomodo
1480 3476 1649 3532 soluti
1696 3473 1929 3529 sumus?
1966 3472 2169 3527 Μοτιυὶ
2222 3475 2270 3527 ei
2319 3474 2373 3526 in

804 3586 909 3641 qua
929 3570 1320 3625 detinebantur.
1353 3569 1491 3623 Cum
1521 3567 1666 3623 enim
1701 3566 1803 3635 legi
1836 3565 2059 3619 obnoxii
2102 3580 2374 3626 essemus,

806 3663 1146 3717 accessimus
1175 3662 1240 3715 ad
1263 3660 1628 3730 baptismum.
1654 3656 1830 3712 Simul
1865 3667 2044 3713 autem
2071 3673 2195 3711 cum
2224 3657 2379 3711 Chri-

805 3768 892 3810 sto
926 3754 1150 3816 mortui,
1189 3767 1253 3805 ac
1304 3766 1429 3805 cum
1480 3750 1599 3820 ipso
1647 3757 2019 3819 resurgentes,
2077 3750 2376 3819 legislatori

810 3845 1095 3915 conjuncti
1126 3858 1342 3907 sumus,
1373 3858 1473 3897 nec
1502 3843 1663 3911 legali
1705 3843 1831 3897 vita:
1886 3842 2099 3895 ratione
2144 3843 2379 3911 amplius

810 3951 952 4004 opus
989 3935 1281 3990 habemus.
1310 3934 1488 4003 Ipsam
1522 3934 1668 3988 enim
1732 3931 1971 4003 Spiritus
2019 3932 2249 4003 gratiam
2284 3946 2381 3986 ac-

811 4027 1078 4095 cepimus.
1110 4025 1226 4079 Hoc
1259 4026 1405 4080 enim
1464 4024 1754 4094 sequentia
1806 4023 2112 4080 declarant.
2170 4023 2255 4075 Ita
2323 4030 2379 4075 ut

813 4118 1102 4171 serviamus
1154 4118 1209 4170 in
1244 4118 1473 4171 novitate
1521 4116 1766 4184 spiritus,
1797 4125 1846 4168 et
1883 4132 1985 4169 non
2026 4116 2081 4168 in
2125 4122 2383 4168 vetustate

815 4210 1027 4261 litteram
1068 4207 1131 4260 Et
1186 4209 1381 4262 littera:
1439 4208 1697 4279 opposuit
1748 4209 2031 4278 spiritum,
2076 4216 2131 4260 et
2182 4208 2381 4262 veteri‘

818 4315 1043 4362 novum,
1078 4309 1137 4353 ut
1165 4315 1260 4369 per
1290 4300 1528 4353 litteram
1560 4299 1781 4368 quidem
1815 4300 1989 4369 legem
2045 4300 2147 4369 71
2200 4308 2387 4355 osten-

2461 1915 2673 1983 νόμου,
2724 1913 3027 1982 ἐνηργεῖτο
3079 1913 3149 1965 ἐν
3212 1911 3335 1976 τοῖς
3382 1909 3640 1979 μέλεσιν
3690 1906 3878 1977 ἡμῶν.
3918 1907 4046 1960 Οὐκ

2464 2004 2638 2072 εἶπεν,
2674 2006 2778 2059 ὑπὸ
2815 2005 2908 2059 τοῦ
2968 2005 3156 2075 νόμου,
3196 2005 3353 2066 ἀλλὰ,
3409 2004 3507 2057 διὰ
3544 2002 3653 2057 τοῦ
3684 2003 3895 2070 νόμου.
3957 2000 4042 2052 Οὐ

2465 2100 2572 2171 γὰρ
2597 2098 2758 2163 αὐτὸς
2788 2100 3010 2170 ἐνήργει
3044 2099 3144 2167 τὴν
3187 2097 3484 2168 ἁμαρτίαν,
3514 2095 3628 2148 ἀλλ’
3689 2092 3853 2155 αὐτὸς
3897 2108 4043 2144 κατ-

2465 2192 2657 2261 ηγόρει
2688 2192 2785 2259 τῆς
2803 2191 3097 2260 ἁμαρτίας.
3117 2190 3179 2242 Ἦ
3203 2189 3258 2242 δὲ
3289 2188 3532 2259 ἁμαρτία
3558 2184 3747 2248 κακῶς
3769 2183 4048 2253 ἐκέχρητο

2463 2283 2541 2354 τῷ
2592 2282 2803 2352 ἀγαθῷ.
2847 2280 2987 2334 υύτε
3044 2281 3149 2353 μὴν
3197 2281 3268 2334 τὰ
3305 2280 3442 2350 μέλη
3474 2278 3631 2349 ἡμῶν
3670 2277 3888 2346 ἐνήργει
3936 2274 4048 2342 τὴι

2466 2375 2759 2447 ἁμαρτίαν,
2796 2374 2929 2427 ἀλλὰ
2951 2373 3036 2427 διὰ
3074 2373 3182 2425 τῶν
3212 2371 3499 2442 ἡμετέρων
3534 2368 3713 2439 μελῶν
3738 2370 3772 2438 ὴ
3798 2366 3899 2436 τῆς
3931 2365 4044 2435 ψυ-

2466 2470 2567 2539 χῆς
2602 2470 2695 2521 ἐπὶ
2726 2467 2786 2520 τὸ
2815 2470 2994 2537 χεῖρον
3034 2466 3174 2536 ῥοπὴ
3227 2464 3481 2518 ἀπετέλει
3506 2463 3603 2532 τὴν
3630 2460 3832 2529 ταύτης
3883 2459 4046 2528 ὲνέρ-

2465 2576 2639 2628 γειαν.
2688 2557 2752 2610 Τί
2811 2556 2868 2609 δὲ
2921 2554 3170 2609 ἐντεῦθεν
3209 2554 3453 2622 ὲγίνετο;
3493 2550 3596 2615 Είς
3633 2549 3700 2603 τὸ
3736 2565 4047 2616 καρποφο-

2462 2650 2655 2719 ρῆσαι
2708 2650 2789 2715 τῷ
2830 2647 3084 2711 θανάτῳ.
3136 2646 3236 2700 Διὰ.
3280 2645 3484 2699 τούτων
3521 2644 3578 2698 δὲ
3617 2644 3766 2714 ἡμᾶς
3802 2641 4048 2707 ἐδίδαξεν

2467 2740 2573 2804 ὼς,
2611 2738 2717 2807 πρὸ
2749 2738 2847 2807 τῆς
2886 2739 3126 2808 χάριτος,
3166 2736 3270 2791 ὑπὸ
3305 2736 3381 2805 τῷ
3413 2735 3563 2806 νόμῳ
3603 2733 4042 2802 πολιτευόμενοι,

2470 2831 2834 2902 σφοδροτέρας
2865 2827 3163 2901 ὲδεχόμεθα
3197 2830 3298 2897 τῆς
3329 2828 3604 2899 ἁμαρτίας
3656 2826 3756 2889 τὰς
3810 2823 4051 2895 προσϐο-

2469 2925 2567 2987 λάς
2599 2964 2614 2987 ,
2671 2922 2767 2977 τοῦ
2825 2924 2989 2992 νόμον
3052 2922 3149 2991 μὲν
3198 2920 3258 2972 τὸ
3293 2919 3564 2990 πρακτέον
3604 2916 4050 2978 ὑποδεικνύντος,

2472 3014 2791 3086 ἐπικουρίαν
2824 3013 2881 3066 δὲ
2912 3014 2972 3066 οὐ
3008 3011 3357 3082 παρέχοντος.

2548 3114 2621 3171 ς’.
2670 3106 2820 3160 Νυνὶ
2870 3104 2938 3157 δὲ
2986 3101 3445 3171 κατηργήθημεν
3491 3100 3611 3155 ἀπὸ
3665 3100 3771 3153 τοῦ
3828 3100 4046 3165 νόμου.

2472 3202 2639 3255 Πάλιν
2652 3202 2908 3268 ἐπέμεινε
2924 3200 2987 3267 τῇ
3010 3197 3195 3265 φειδοῖ·
3230 3197 3321 3249 καί
3346 3195 3446 3248 οὐκ
3479 3190 3621 3256 εἷπε,
3645 3191 3980 3262 Κατηργήθη
4002 3192 4052 3223 ⁵⁸

2472 3296 2500 3346 ὁ
2532 3293 2715 3361 νόμος.
2757 3290 2892 3355 ἀλλ’,
2928 3287 3126 3357 Ἡμεῖς
3162 3286 3621 3355 κατηργήθημεν
3652 3285 3770 3338 ἀπὸ
3810 3284 3916 3337 τοῦ
3950 3284 4057 3337 γό-

2469 3402 2609 3453 μου.
2647 3382 2957 3444 Τουτέστιν,
3010 3380 3177 3451 ἀργὸς
3221 3380 3353 3449 ἡμῖν
3402 3379 3571 3441 ἐστιν,
3610 3377 3794 3429 οὐκέτι
3832 3375 3952 3428 κατ’
3990 3377 4054 3427 ἐ-

2475 3480 2649 3530 κεῖνον
2683 3472 3095 3542 πολιτευόμεθα.
3122 3472 3228 3526 Καὶ
3258 3471 3373 3534 πῶς
3407 3470 4057 3540 κατηργήθημενςἍπο-

2477 3569 2761 3631 θανόντες
2810 3566 2880 3618 ἐν
2932 3557 2980 3629 ᾧ
3031 3563 3441 3630 κατειχόμεθα.
3508 3558 3886 3627 ’Υποκείμενοι
3939 3557 4055 3626 γάρ

2478 3659 2555 3729 τῷ
2606 3658 2778 3727 νόμῳ,
2831 3653 3315 3725 προσεληλύθαμεν
3366 3649 3442 3719 τῷ
3486 3649 3859 3719 βαπτὲσματι·
3922 3662 4055 3697 ow-

2479 3750 2836 3812 αποθανόντες
2876 3748 2933 3801 δὲ
2974 3747 3048 3816 τῷ
3086 3744 3328 3816 Χριστῷ,
3360 3745 3452 3796 καὶ
3483 3741 3914 3801 συναναστάντες
3954 3740 4058 3790 αύ-

2480 3843 2577 3912 τῷ,
2628 3839 2705 3911 τῷ
2761 3837 3028 3908 νομοθέτῃ
3069 3833 3440 3903 συνήφθημεν,
3478 3832 3571 3885 καὶ
3610 3831 3793 3883 οὐκέτι
3829 3830 3927 3898 τῆς
3960 3846 4058 3880 voc

2486 3932 2648 4003 μικῆς
2688 3928 2965 3989 πολιτείας
2992 3924 3222 3995 δεόμεθα
3246 3940 3261 3954 ·
3301 3921 3470 3993 αὐτὴν
3492 3920 3600 3991 γὰρ
3633 3918 3728 3989 τὴν
3755 3917 3847 3971 τοῦ
3886 3919 4058 3971 [hat]-

2487 4038 2651 4092 ματος
2695 4018 2852 4088 χάριν
2887 4014 3204 4085 ἐδεξάμεθα.
3247 4012 3417 4066 Τοῦτο
3449 4011 3559 4082 γὰρ
3590 4010 3740 4081 δηλοί
3776 4009 3848 4061 τά
3898 4008 4054 4078 ἑξῆς·

2487 4115 2665 4167 ’Ὥστε
2702 4110 3017 4163 δουλεύειν
3054 4105 3212 4174 ἡμᾶς
3251 4105 3320 4157 ἐν
3354 4105 3659 4169 καινότητι
3691 4102 4055 4168 πνεύματος,

2486 4203 2583 4257 καὶ
2620 4204 2691 4255 οὺ
2731 4198 3085 4262 παλαιότητι
3123 4194 3482 4264 γράμματος.
3524 4193 3633 4245 Καὶ
3671 4190 3937 4259 ἀντέθηκε
3974 4190 4057 4257 τῷ

2490 4295 2587 4363 μὲν
2613 4292 2900 4362 γράμματι
2940 4289 3009 4346 τὸ.
3028 4286 3267 4357 πνεῦμα,
3304 4284 3382 4354 τῷ
3413 4284 3470 4336 δὲ
3506 4281 3721 4353 παλαιῷ
3753 4284 3813 4335 τὸ
3849 4282 4059 4349 καινὸν,

819 4392 929 4453 dat,
956 4406 1050 4459 per
1088 4403 1242 4445 vetus
1281 4399 1488 4455 autem,
1546 4390 1668 4459 ejus
1711 4392 2097 4445 cessationem.
2159 4388 2292 4442 Nam
2333 4400 2371 4443 el

2488 4388 2575 4440 ἵνα
2610 4383 2756 4455 δείξῃ
2782 4382 2857 4452 τῷ
2886 4382 2985 4451 μὲν
3014 4380 3298 4450 γράμματι
3333 4376 3421 4428 τὸν
3453 4376 3638 4445 νόμον,
3660 4376 3738 4445 τῷ
3762 4375 3819 4428 δέ
3846 4375 4063 4446 παλαιῷ

822 4479 964 4536 Deus
1029 4480 1167 4534 dicit
1208 4495 1304 4550 per
1348 4479 1639 4535 Jeremiam

822 4573 985 4628 Israel
1008 4582 1063 4629 et
1117 4572 1305 4627 domui
1357 4570 1512 4627 Judaa
1539 4571 1953 4627 Testamentum
2013 4586 2237 4635 novum,
2274 4586 2381 4624 non

823 4664 1121 4719 secundum
1166 4672 1557 4718 testamentum
1618 4665 1768 4733 quod
1830 4662 2077 4731 disposui
2136 4662 2385 4731 patribus

820 4770 1031 4821 eorum,
1067 4755 1121 4809 in
1156 4756 1244 4810 die
1272 4771 1379 4826 qua
1423 4756 1766 4826 apprehensa
1798 4769 1899 4824 ego
1942 4769 2102 4808 manu
2145 4756 2384 4823 ipsorum

822 4844 984 4899 eduxi
1024 4862 1119 4901 eos
1171 4862 1202 4900 e
1275 4854 1423 4901 terra
1469 4843 1752 4916 Egypti'.
1799 4843 2027 4912 »ρατιτο
2077 4846 2239 4898 etiam
2294 4859 2389 4913 per

825 4934 1145 5005 prophetam
1176 4943 1396 4992 ostensa
1430 4946 1515 4991 est
1553 4935 1855 4990 differentia
1894 4953 1907 4988 :
1941 4943 2137 4989 etcum
2174 4933 2389 4988 Novum

826 5022 1237 5079 Testamentum
1282 5027 1627 5095 apparuerit,
1663 5033 1878 5096 oportet
1939 5023 2108 5080 Vetus
2173 5025 2389 5080 cedere.

828 5112 953 5169 llaec
990 5129 1116 5168 cum
1164 5115 1393 5174 dixisset
1438 5117 1657 5172 divinus
1689 5117 2006 5189 Apostolus,
2039 5125 2094 5173 et
2134 5116 2389 5187 praevide-

831 5212 932 5267 ret,
959 5212 1148 5276 utpote
1177 5207 1358 5261 divina
1406 5208 1579 5277 gratia
1610 5219 1858 5272 ornatus,
1904 5207 2050 5279 quod
2075 5206 2292 5276 quidam
2328 5223 2392 5261 ex

831 5297 1101 5353 liazreticis
1139 5299 1256 5355 hac
1279 5301 1345 5353 ad
1378 5298 1593 5355 Veteris
1620 5299 1957 5356 Testamenti
1984 5299 2390 5354 accusationem

913 5478 935 5506 '
976 5468 1175 5525 Jerem.
1218 5486 1376 5534 xxxi,
1421 5471 1517 5535 3|,
1561 5472 1651 5528 52.

1702 4491 1721 4534 :
1782 4499 1798 4531 ι
1856 4478 2149 4549 Dispouam
2197 4479 2371 4533 domui

2487 4476 2587 4546 τὴν
2615 4474 2807 4527 τούτου
2847 4468 3079 4523 παῦλαν.
3122 4467 3233 4519 Καὶ
3259 4465 3367 4535 γάρ
3404 4463 3494 4516 διὰ
3544 4463 3805 4532 Ἰερεμίου
3832 4466 3992 4533 φησὶν
4034 4468 4064 4517 ό

2488 4567 2616 4629 Θεὸς
2643 4582 2654 4593 ·
2688 4584 2705 4615 ι
2742 4562 3077 4633 Διαθήσομαι
3116 4557 3194 4628 τῷ
3233 4557 3366 4627 οἴκῳ
3413 4556 3648 4626 Ἰσραὴλ,
3690 4557 3785 4611 καὶ
3813 4556 3889 4627 τῷ
3924 4559 4063 4625 οτκῳ

2502 4659 2674 4714 Ἰούδα
2713 4656 2979 4727 διαθήκην
3022 4650 3236 4723 καινὴν,
3275 4651 3336 4703 οὐ
3377 4650 3517 4703 κατὰ
3546 4649 3645 4721 τὴν
3671 4649 3956 4722 διαθήκην,
3992 4654 4065 4722 ῆν

2490 4751 2746 4822 διεθέμην
2791 4752 2902 4810 τοῖς
2946 4745 3213 4817 πατράσιν
3262 4741 3461 4809 αὐτῶν,
3497 4742 3554 4795 ὲν
3586 4742 3770 4815 ἡμέρᾳ⁸
3808 4742 4066 4797 ἐπιλασο-

2498 4843 2657 4915 μένου
2697 4858 2797 4913 μου
2833 4840 2933 4909 τῆς
2978 4837 3161 4908 χειρὸς
3201 4833 3398 4897 αὐτῶν,
3440 4833 3728 4902 ἐξαγαγεῖν
3764 4835 3959 4897 αὐτοὺς
3996 4838 4068 4889 ἐκ

2494 4936 2599 5005 γῆς
2637 4933 2935 5001 Αἰγύπτου.
2986 4948 3005 4981 ›
3049 4928 3213 4979 Ὥστε
3252 4923 3345 4977 καὶ
3383 4923 3469 4976 διὰ
3503 4923 3600 4976 τοῦ
3651 4924 3937 4996 Προφήτου
3971 4924 4067 4978 δέ-

2494 5029 2704 5082 δεικται
2740 5025 2799 5078 τὸ
2830 5024 3104 5093 διάφορον,
3144 5027 3236 5079 καὶ
3262 5026 3361 5096 τῆς
3387 5023 3595 5093 Καινῆς
3618 5018 3898 5089 Διαθήκης
3930 5018 4068 5072 ἁνα-

2497 5120 2781 5191 φανείσης,
2803 5120 3156 5190 ὑποχωρῆσαι
3187 5119 3453 5189 προσήκει
3478 5112 3854 5187 τὴνῐιαλαιάν.
3879 5109 4070 5167 Ταῦτα

2496 5215 2525 5266 ὁ
2554 5211 2695 5274 θεῖος
2736 5209 3055 5273 Ἀπόστολος
3082 5206 3340 5279 εἰρηκὼς,
3368 5208 3461 5260 καὶ
3492 5203 3759 5277 προορῶν,
3792 5202 3867 5265 ὼς
3901 5217 4069 5254 πνευ-

2502 5304 2736 5372 ματικῆς
2766 5302 2984 5373 χάριτος
3014 5299 3334 5368 ἠξιωμένος,
3354 5298 3435 5350 ὅτι
3469 5296 3573 5349 τῶν
3605 5291 3894 5367 αἱρετικῶν
3917 5307 4068 5357 τινες

2130 5581 2359 5637 νΑιιιΑε
2397 5580 2799 5637 LECTIONES.

903 5730 946 5760 "
975 5723 1015 5779 Β
1041 5721 1494 5795 προσαγορεύσας.

1572 5721 1615 5751 ⁵⁸
1645 5722 1683 5773 Β
1711 5721 1900 5791 εἴργει.
1979 5722 2021 5753 ⁵⁷
2044 5722 2173 5777 (Ἑρ.
2202 5724 2306 5776 Καὶ
2336 5722 2441 5775 τῶν
2464 5720 2731 5775 τοιούτων.
2811 5720 2854 5750 ⁵⁸
2884 5717 3105 5773 (Eoum.
3144 5718 3507 5790 κατήργηται.
