4194 6432
837 353 937 423 119

1791 360 2283 420 THEODORETI
2314 358 2653 422 EPlSCOPI
2693 366 3066 427 CYRENSIS.

3972 376 4082 443 120

828 476 933 545 73
992 474 1197 559 arguit.
1248 474 1556 528 Mandatum
1622 475 1770 529 enim
1793 515 1807 539 ,
1840 477 2040 546 inquit,
2068 478 2236 529 vitam
2268 490 2398 544 snp-

2502 476 2601 545 τὴν
2634 481 2897 549 πονηρίαν
2928 482 3157 558 ἐλέγχει.
3192 483 3346 553 Ζωῆς
3389 484 3535 555 γὰρ,
3581 486 3776 556 φησιν,
3820 490 3853 559 ἡ
3884 489 4080 559 ιντολὴ

824 552 1035 635 pedita}
1071 586 1085 622 :
1117 567 1186 622 ad
1214 568 1267 622 id
1299 575 1476 641 autem
1510 567 1658 636 quod
1688 574 1774 623 est
1804 567 2050 623 deterius
2082 568 2391 632 conversio,

826 665 1058 711 mortem
1114 656 1345 726 peperit.
1392 653 1688 729 Propterea
1742 656 1965 724 proprie
2017 655 2204 723 posuit
2260 654 2393 708 illud

825 746 1095 801 inventum
1119 755 1219 809 est,
1262 753 1319 798 ut
1352 745 1604 800 ostendat
1650 746 1799 798 aliud
1829 746 2048 815 quidem
2080 761 2204 801 esse
2258 746 2393 814 legis

829 839 1192 908 propositum,
1224 836 1372 892 aliud
1403 852 1535 893 vero
1564 836 1617 890 id
1646 835 1796 907 quod
1838 845 2063 909 propter
2110 845 2392 908 peceatum

825 930 1047 984 accidit.

898 1018 1066 1074 Vens.
1100 1021 1185 1074 ll.
1213 1020 1355 1074 Nam
1384 1029 1680 1097 peccatum,
1728 1023 2002 1075 occasione
2051 1030 2266 1088 accepta
2304 1036 2393 1088 per

824 1107 1158 1169 mandatum,
1199 1105 1410 1160 seduxit
1451 1125 1553 1172 me,
1605 1118 1654 1162 et
1681 1124 1773 1176 per
1804 1109 1940 1162 illud
1972 1109 2185 1163 occidit.
2244 1110 2392 1163 Idem

823 1196 1042 1251 diverse
1071 1196 1227 1251 dixit.

896 1288 1058 1343 Vens.
1090 1289 1175 1345 ιε.
1206 1290 1386 1356 Quare
1412 1292 1495 1344 lex
1519 1289 1725 1361 quidem
1753 1300 1964 1355 sancta,
1997 1302 2045 1344 et
2080 1291 2393 1343 mandatum

823 1392 1088 1447 sanctum,
1112 1392 1159 1435 et
1176 1381 1404 1452 justum,
1436 1393 1485 1435 et
1523 1381 1739 1435 bonum.
1782 1382 1976 1451 Legem
2013 1383 2250 1451 appellat
2272 1398 2392 1437 eam

821 1488 942 1539 quae
970 1471 1210 1529 Mosaiea
1242 1474 1469 1541 dicitur,
1499 1475 1819 1528 mandatum
1844 1490 1997 1538 vero,
2023 1476 2166 1544 quod
2186 1476 2393 1530 Adamn

821 1564 1010 1619 datum
1050 1576 1152 1621 est.
1182 1567 1338 1631 Quod
1360 1567 1576 1636 quidem
1618 1568 1869 1635 pluribus
1935 1568 2188 1622 laudibus
2229 1583 2393 1621 orna-

821 1659 919 1718 vit.
943 1672 1009 1712 eo
1039 1659 1186 1727 quod
1210 1660 1373 1729 vulgo
1405 1661 1653 1729 pluribus
1697 1660 1877 1715 modis
1928 1668 2238 1715 accusetur.
2286 1660 2391 1725 Qui

821 1749 966 1801 enim
991 1749 1103 1804 otio
1134 1766 1194 1805 se
1222 1750 1450 1815 dedunt,
1490 1761 1544 1806 et
1583 1753 1801 1805 virtutis
1841 1751 2056 1806 labores
2084 1750 2387 1819 refugiunt,

2499 569 2763 638 χορηγὸς,
2814 574 2846 641 ἡ
2887 571 2943 623 δὲ
3004 570 3131 642 περὶ
3168 571 3231 625 τὸ
3277 576 3457 645 χεῖρον
3501 576 3678 647 τροπὴ
3714 577 3806 631 τὸν
3843 577 4082 632 θάνατον

2499 660 2800 731 ἀπεκύησε.
2845 664 2944 717 Διὰ
2986 665 3147 717 τοῦτο
3178 665 3379 734 κυρίως
3409 667 3491 729 τὸ,
3536 670 3769 737 εὑρέθη,
3801 670 4077 732 τέθεικεν.

2500 752 2585 803 ἵνα
2623 753 2794 824 δείξῃ,
2832 755 2990 809 ἄλλον
3020 756 3119 824 μὲν
3154 756 3243 809 τὸν
3274 758 3370 811 τοῦ
3404 760 3571 830 νόμου
3602 762 3825 828 σκοπὸν,
3854 762 3983 815 ἄλλο
4012 762 4080 814 δὲ

2494 842 2556 894 τὸ
2588 842 2675 896 διὰ
2696 845 2794 916 τὴν
2829 846 3100 917 ἁμαρτίαν
3133 848 3363 918 συμὸάν.

2573 1027 2658 1074 ια’.
2706 1021 2775 1075 Ἠ
2820 1021 2930 1089 γὰρ
2973 1022 3268 1090 ἁμαρτία,
3323 1026 3603 1095 ἀφορμὴν
3646 1028 3921 1082 λαϐοῦσα
3971 1028 4078 1083 διὰ

2495 1112 2605 1176 τῆς
2636 1111 2912 1178 ἐντολῆς,
2950 1113 3298 1181 ἐξηπάτησέ
3324 1133 3421 1185 με,
3455 1117 3555 1169 καὶ
3594 1116 3668 1169 δι’
3702 1117 3893 1186 αὐτῆς
3951 1120 4075 1173 ἀπ-

2495 1200 2737 1255 έκτεινε.
2770 1204 2841 1254 Τὸ
2876 1204 3007 1256 αὐτὸ
3031 1204 3301 1276 διαφόρως
3330 1205 3571 1277 εἴρηκεν.

2570 1292 2655 1361 ιβ’.
2691 1293 2873 1346 Ὥστε
2919 1297 2952 1347 ό
2991 1294 3110 1363 μὲν
3151 1298 3334 1365 νόμος
3380 1297 3585 1364 ἅγιος,
3637 1280 3735 1353 καὶ
3774 1301 3812 1366 ἡ
3844 1299 4077 1367 ἐντολὴ

2494 1385 2653 1452 ἁγία,
2687 1386 2785 1439 καὶ
2811 1385 3030 1449 δικαία,
3070 1387 3167 1440 καὶ
3192 1388 3405 1456 ἀγαθή.
3440 1390 3623 1459 Νόμον
3648 1391 3740 1443 τὸν
3773 1392 4079 1445 Μωσαῖκὺν

2497 1476 2670 1539 καλεῖ,
2698 1476 2917 1547 ἐντολὴν
2951 1478 3006 1530 δὲ
3041 1479 3139 1549 τὴν
3165 1478 3242 1548 τῷ
3298 1480 3471 1547 Ἀδὰμ
3521 1481 3835 1553 δεδομένην.
3873 1478 3949 1536 υῦ
4000 1484 4076 1554 δὴ

2494 1567 2653 1634 χάριν
2701 1568 2795 1619 καὶ
2844 1566 3085 1620 πλείοσιν
3126 1570 3440 1624 ἐταινίωσεν
3470 1573 3643 1641 αὐτὴν
3677 1574 3975 1643 εὐφημίαις
4000 1576 4069 1635 ⁵⁸,

2493 1657 2568 1720 ὡς
2628 1657 2846 1722 πλείους
2891 1660 3041 1730 παρὰ
3089 1660 3302 1713 πολλῶν
3352 1662 3652 1734 δεχομένην
3704 1666 4066 1735 κατηγορίας.

2496 1750 2559 1799 Ut
2589 1750 2696 1818 γὰρ
2730 1750 2971 1822 ῥᾳθυμίᾳ
2998 1752 3288 1816 συζῶντες,
3327 1754 3424 1806 καὶ
3450 1756 3574 1817 τοὺς
3603 1758 3700 1825 τῆς
3728 1758 3927 1826 ἀρετῆς
3963 1758 4069 1809 οὐκ

826 1838 1113 1894 Ι)οιιιίιιιιηι
1146 1840 1314 1895 Deum
1340 1814 1603 1897 accusant
1628 1842 1774 1913 quod
1804 1843 2122 1897 mandatum
2159 1842 2387 1898 dederit.

2495 1839 2861 1907 ἀσπαζόμενοι
2898 1841 3127 1903 πόνους,
3168 1842 3264 1894 καὶ
3299 1842 3395 1894 τοῦ
3436 1843 3707 1895 Δεσπότου
3757 1843 3892 1896 Θεοῦ
3932 1860 4073 1897 κατ-

823 1928 879 1979 Si
924 1930 1092 1994 enim,
1131 1931 1407 1999 inquiunt,
1447 1933 1589 2001 quod
1624 1940 1744 1986 erat
1782 1932 2026 1986 futurum
2080 1932 2387 2002 ignorabat,

820 2024 1096 2087 quomodo
1128 2024 1291 2086 Dens,
1334 2026 1427 2095 qui
1464 2025 1645 2078 futura
1694 2042 1802 2080 non
1838 2027 2098 2094 praescit?
2134 2025 2233 2080 Sin
2287 2042 2388 2080 au-

822 2122 929 2165 tent
962 2114 1270 2183 praevidens
1312 2117 1808 2182 transgressionem
1852 2116 2005 2172 dedit
2052 2118 2387 2183 mandatum,

822 2208 939 2272 ipse
975 2216 1059 2260 est
1100 2222 1267 2262 causa
1327 2187 1806 2278 transgressionis.
1854 2210 2157 2279 Oportebat
2207 2220 2388 2264 autem

819 2312 915 2351 eos
970 2298 1276 2369 intelligere
1340 2315 1521 2355 rerum
1585 2300 1939 2355 honestarum
2013 2303 2391 2370 malarumque

823 2390 1098 2442 notionem
1151 2392 1481 2460 propriam“
1541 2407 1732 2446 eorum
1800 2409 1953 2458 esse,
2013 2395 2107 2462 qui
2175 2394 2390 2448 ratione

821 2490 950 2533 sunt
1003 2481 1237 2550 praediti.
1292 2483 1487 2537 Eorum
1557 2486 1700 2538 enim
1757 2500 1875 2554 qua:
1924 2486 2135 2540 ratione
2178 2494 2386 2550 carent,

820 2579 1019 2625 natura
1045 2588 1155 2627 non
1188 2574 1347 2627 habet
1378 2574 1492 2628 lucc
1525 2574 1873 2629 discernendi
1908 2574 2250 2630 facultatem.
2294 2575 2391 2629 Est

817 2662 966 2714 enim
1004 2678 1170 2732 rapax
1200 2662 1381 2733 lupus,
1417 2665 1503 2719 leo
1534 2666 1883 2728 crudivorns,
1918 2677 1971 2721 et
2008 2668 2122 2721 ursi
2152 2676 2205 2719 et
2234 2667 2387 2736 pardi

825 2753 911 2807 his
954 2754 1153 2807 similia
1185 2753 1431 2822 faciunt;
1486 2772 1587 2810 nec
1632 2758 1833 2811 habent
1878 2772 2101 2813 sensum
2154 2759 2385 2827 peccati,

826 2860 925 2898 nec
978 2847 1377 2901 conscientiam
1432 2864 1553 2917 qua:
1615 2864 1645 2901 a
1689 2849 1846 2901 factis
1912 2850 2027 2903 suis
2082 2860 2384 2919 pungatnr.

823 2934 1082 2992 llomines
1113 2946 1319 3000 autem.
1352 2940 1571 2994 etiamsi
1610 2942 1795 2995 nullus
1831 2942 1997 2995 rebus
2026 2942 2254 3012 agendis
2295 2944 2384 2995 in-

2493 1929 2782 2002 ηγοροῦσιν
2806 1972 2819 1996 ,
2850 1931 2924 1995 ώς
2957 1932 3267 1997 τεθεικὸτος
3302 1935 3402 2005 τὴν
3442 1936 3684 2005 ἐντολήν.
3723 1937 3785 1989 Εἰ
3825 1936 3923 2006 μὲν
3953 1937 4071 2005 γὰρ

2492 2022 2694 2091 ἠγνόει,
2728 2024 2858 2092 φασὶ
2877 2023 2940 2088 ⁸⁵,
2974 2024 3034 2077 τὸ
3064 2027 3446 2096 γενησόμενον,
3475 2028 3588 2092 πῶς
3615 2028 3746 2091 Θεὸς
3769 2031 3797 2081 ό
3815 2030 3888 2099 μὴ
3931 2045 4071 2099 προσ

2502 2099 2785 2181 γινώσκων
2814 2115 2881 2167 τὰ
2922 2116 3212 2186 μέλλοντας
3246 2119 3308 2171 Εί
3355 2118 3411 2171 δὲ
3446 2119 3695 2189 προορῶν
3741 2120 3839 2189 τὴν
3882 2121 4068 2191 παρά-

2492 2206 2670 2267 ϐασιν,
2704 2206 2915 2258 τέθεικε
2960 2209 3059 2277 τὴν
3091 2209 3331 2277 ἐντολὴν,
3361 2210 3525 2272 αὐτὸς
3554 2210 3654 2278 τῆς
3696 2211 4067 2279 παραϐάσεως

2492 2299 2680 2360 αἴτιος.
2716 2298 2864 2350 Ἔδει
2889 2298 2945 2350 δὲ
2975 2300 3176 2361 αὐτοὺς
3216 2300 3469 2366 συνιδεῖν,
3502 2301 3577 2364 ώς
3608 2301 3737 2354 ἴδιον
3782 2302 3891 2355 τῶν
3918 2302 4072 2370 λογι-

2492 2390 2603 2442 κῶν
2650 2391 2682 2458 ἡ
2730 2389 2839 2442 τῶν
2870 2390 3052 2443 καλῶν
3096 2390 3327 2445 καὶτῶν
3372 2393 3633 2446 ἐναντίων
3672 2393 3966 2461 διάγνωσις
3988 2395 4060 2448 ⁸⁸.

2492 2481 2610 2533 Τῶν
2638 2482 2745 2552 γὰρ
2780 2483 2991 2548 ἀλόγων
3025 2484 3058 2552 ἡ
3104 2482 3266 2551 φύσις
3306 2483 3407 2535 οὐκ
3443 2483 3557 2553 ἔχει
3599 2484 3699 2553 τὴν
3730 2484 3937 2537 τούτων
3985 2485 4071 2537 δι-

2492 2573 2727 2645 άκρισιν.
2765 2574 3128 2645 Ἀρπακτικὸς
3153 2574 3262 2643 γὰρ
3287 2577 3315 2627 ὁ
3338 2574 3519 2638 λύκος,
3544 2575 3827 2646 ώμοὸόρος
3847 2577 3875 2628 ὁ
3900 2576 4067 2638 λέων,

2492 2667 2584 2720 καὶ
2614 2667 2805 2737 ἄρκτοι
2857 2666 2949 2719 καὶ
2982 2667 3276 2736 παρδάλεις
3305 2668 3373 2720 τὰ
3398 2668 3561 2737 ὅμοια
3596 2667 3765 2738 δρῶσι
3789 2685 3802 2699 ο
3837 2670 3931 2720 καὶ
3961 2670 4071 2721 οὐκ

2491 2756 2671 2827 ἔχουσι
2702 2758 2799 2826 τῆς
2828 2756 3103 2828 ἁμαρτίας
3147 2756 3435 2827 αἴσθησιν,
3475 2758 3537 2810 οὑ
3591 2756 3649 2810 δὲ
3696 2758 3931 2820 συνειδὸς
3960 2758 4072 2810 ὑπὸ

2490 2849 2597 2901 τῶν
2653 2848 2952 2918 γινομένων
3012 2849 3388 2918 κεντούμενοι).
3450 2849 3762 2920 ’Ἄνθρωποι
3811 2849 3904 2909 δὲ,
3961 2848 4071 2901 κᾶν

2494 2941 2681 3010 μηδεὶς
2712 2943 2822 3002 τοῖς
2861 2942 3170 3008 γινομένοις
3198 2943 3370 3010 παρῇ,
3403 2939 3701 3011 ἐρυθριῶσι
3732 2940 3827 2992 καὶ
3857 2938 4071 2991 δεδίασι

822 3024 996 3085 tersit,
1021 3027 1376 3090 erubescunt,
1405 3037 1458 3083 et
1485 3044 1606 3098 qua:
1636 3031 1737 3099 ipsi
1780 3031 2072 3086 admittere
2107 3032 2226 3086 ausi
2257 3041 2388 3086 sunt

2495 3032 2557 3083 τὰ
2588 3032 2931 3100 τολμώμενα.
2969 3031 3077 3099 Τὴν
3105 3032 3213 3101 γὰρ
3240 3031 3577 3102 κατηγορίαν
3611 3032 3824 3097 ὑφαίνει
3844 3030 3905 3081 τὸ
3938 3047 4073 3082 συνο

821 3118 1234 3184 pertimescunt.
1260 3122 1612 3176 COnscientia
1638 3124 1781 3176 enim
1814 3126 2222 3178 accusationem
2246 3140 2388 3178 cont-

2495 3120 2649 3182 ειδός.
2682 3120 2803 3181 Πῶς
2837 3120 3015 3171 τοίνυν
3050 3120 3177 3189 ὲνῆν
3205 3122 3330 3183 τοὺς
3360 3120 3617 3189 τοιαύτην
3645 3120 3867 3189 ἔχοντας
3899 3118 4071 3186 φύσιν

821 3217 998 3275 parat.
1047 3207 1331 3274 Quomodo
1389 3228 1519 3281 ergo
1552 3212 1665 3266 fieri
1724 3222 1963 3282 poterat,
2031 3223 2091 3268 ut
2144 3217 2239 3284 qui
2296 3217 2386 3269 tali

819 3310 1013 3377 essent.
1060 3309 1257 3356 natura
1311 3303 1546 3370 prmditi,
1596 3304 1715 3359 sine
1766 3305 1883 3375 lege
1942 3304 2230 3360 viverent?
2260 3307 2391 3360 Pro-

821 3399 1001 3454 pterea
1062 3390 1205 3447 Deus
1253 3393 1573 3449 mandatum
1634 3395 1849 3459 statuit,
1900 3404 1959 3449 ut
2006 3406 2060 3450 et
2112 3400 2389 3468 propriam

821 3493 1070 3536 naturam
1098 3497 1447 3554 agnosceret,
1478 3496 1534 3541 et
1578 3486 1945 3556 legislatoretn
1978 3490 2209 3545 timeret.
2241 3488 2393 3545 Licet

820 3583 1000 3626 autem
1054 3574 1391 3644 legislatoris
1441 3577 1843 3633 humanitatem
1908 3593 2225 3648 agnoscere.
2286 3580 2395 3653 74.

819 3659 939 3716 Non
973 3663 1118 3717 enim
1156 3664 1430 3720 ditllcilem
1466 3667 1707 3737 aliquam
1756 3670 1926 3739 legem
1963 3671 2109 3733 tulit,
2152 3671 2244 3725 sed
2274 3687 2394 3739 qua:

822 3751 1085 3808 facillime
1108 3757 1315 3810 servari
1347 3767 1551 3828 posset.
1582 3759 1944 3814 Concesserat
1972 3770 2031 3815 ut
2061 3762 2250 3816 liceret
2282 3762 2389 3815 frui

821 3845 1081 3899 outnibus
1112 3847 1335 3914 plantis,
1372 3849 1539 3903 unius
1588 3852 1971 3905 tantummodo
2008 3869 2162 3908 esum
2205 3862 2400 3908 ναυξκ-

820 3943 908 3988 rat
946 3955 957 3989 :
994 3952 1102 3990 non
1141 3938 1224 3991 illi
1260 3954 1425 3992 unam
1460 3940 1738 4004 invidens,
1784 3943 2061 4008 quomodo
2098 3946 2270 4009 enim,
2298 3946 2392 4014 qui

822 4029 901 4081 illi
929 4031 1173 4083 omnium
1210 4038 1539 4099 potestatem
1570 4032 1840 4087 dederat?
1868 4034 1972 4088 Sed
2004 4051 2127 4090 eum
2158 4038 2391 4091 servitu-

822 4120 895 4175 tis
924 4121 1194 4177 terminos
1226 4123 1455 4186 docens.
1491 4132 1545 4178 et
1592 4134 1649 4178 ut
1681 4124 1734 4179 in
1768 4124 2081 4182 Creatorem
2131 4128 2393 4184 benevolo

822 4220 969 4266 esset
1018 4212 1205 4267 animo
1248 4214 1566 4278 instituens,
1598 4225 1652 4269 et
1687 4218 1921 4272 rationis
1958 4218 2218 4273 facultate
2257 4222 2393 4290 praei

824 4306 940 4359 dito
962 4302 1085 4375 ejus
1108 4304 1428 4359 exercendae
1482 4308 1832 4362 occasionem
1868 4311 2134 4377 praebens.
2162 4311 2313 4376 Quod
2348 4314 2392 4364 si

826 4412 933 4451 non
975 4405 1195 4453 servato
1217 4407 1492 4468 praecepto
1528 4400 1719 4454 mortis
1754 4401 1977 4455 decreto
2007 4402 2259 4459 addictus
2288 4414 2389 4468 est,

2491 3215 2659 3282 χωρὶς
2703 3213 2868 3282 νόμου
2922 3212 3336 3277 πολιτεύεσθαις
3386 3215 3485 3266 Διά
3536 3230 3617 3265 τοι
3654 3212 3814 3265 τοῦτο
3845 3211 4069 3265 τέθεικε

2490 3304 2588 3374 τὴν
2617 3304 2834 3372 ἐντολὴν
2863 3304 2891 3355 ὁ
2920 3303 3052 3366 Θεὸς
3079 3345 3093 3368 ,
3126 3304 3214 3355 ἵνα
3246 3304 3339 3355 καὶ
3372 3305 3471 3372 τὴν
3504 3301 3712 3356 οἰκείαν
3745 3301 3907 3370 φύσιν
3940 3304 4072 3354 ἐπι-

2495 3396 2764 3466 γινώσκῃ,
2798 3396 2892 3448 καὶ
2918 3395 3006 3447 τὸν
3028 3396 3331 3467 νομοθέτην
3358 3394 3626 3465 δειμαίνῃ.
3657 3395 3816 3447 Ἐστι
3852 3391 3907 3445 δὲ
3934 3392 4069 3445 ίδείν

2492 3489 2587 3539 καὶ
2628 3485 2722 3537 τοῦ
2756 3485 3049 3555 νομοθέτου
3081 3485 3177 3554 τὴν
3224 3485 3657 3552 φιλανθρωπίαν.
3691 3484 3764 3536 Οὐ
3796 3483 3906 3553 γάρ
3934 3499 4070 3534 τινα

2490 3576 2931 3645 δυσκατόρθωτον
2963 3575 3174 3627 τέθεικε
3206 3575 3367 3643 νόμον
3388 3616 3401 3639 ,
3449 3572 3583 3625 ἀλλὰ
3620 3573 3714 3625 καὶ
3743 3572 3863 3624 λίαν
3896 3571 4068 3625 εὐπε-

2492 3668 2599 3728 τῶς
2632 3666 2967 3735 φυλαχθῆναι
3017 3666 3333 3734 δυνάμενον.
3391 3665 3617 3717 Πάντων
3660 3662 3907 3715 ἐδεδώκει
3952 3662 4069 3715 τῶν

2495 3760 2675 3827 φυτῶν
2710 3758 2804 3829 τὴν
2856 3758 3185 3820 ἀπόλαυσιν,
3242 3757 3357 3817 ἑνὸς
3402 3756 3460 3807 δὲ
3519 3755 3677 3824 μόνου
3729 3754 4067 3807 ἐκεκωλύκει

2494 3852 2593 3922 τὴν
2640 3850 2978 3921 μετάληψιν,
3030 3851 3091 3901 οὐ
3141 3848 3352 3915 φθονῶν
3404 3848 3552 3918 αὐτῷ
3601 3847 3694 3900 τοῦ
3742 3847 3861 3909 ἑνὸς
3922 3846 4068 3912 (πῶς

2496 3944 2602 4013 γὰρ
2629 3944 2656 3995 ὃ
2680 3959 2739 4009 γε
2769 3941 2987 3993 πάντων
3014 3940 3160 4009 αὑτῴ
3193 3940 3289 4010 τὴ)
3316 3938 3565 4004 ἐξουσίαν
3596 3936 3960 4009 παρεσχηκώς
3991 3936 4033 4007 ;)

2494 4033 2629 4087 ἀλλὰ
2662 4033 2758 4102 τῆς
2806 4032 3046 4092 δουλείας
3096 4029 3256 4082 αὐτὸν
3303 4026 3639 4081 ἐκπαιδεύων
3661 4028 3789 4089 τοὺς
3817 4028 3976 4097 ὅρους
4015 4028 4063 4087 ⁷,

2497 4126 2592 4180 καὶ
2639 4124 2829 4178 εὔνουν
2879 4120 3018 4176 εἶναι
3067 4122 3196 4191 περὶ
3243 4121 3333 4173 τὸν
3380 4120 3722 4189 ιῖεποιηκότα
3772 4117 4063 4177 διδάσκων.

2496 4218 2589 4272 καὶ
2632 4216 2886 4287 ἀφορμὴν
2929 4217 3007 4277 είς
3061 4211 3365 4283 γυμνασίαν
3413 4210 3669 4280 παρέχων
3715 4209 3795 4278 τῷ
3834 4207 4060 4276 λογικῷ.

2498 4312 2559 4363 Εἰ
2606 4310 2659 4362 δὲ
2700 4309 2797 4378 τὴν
2848 4306 3063 4376 ἐντολὴν
3114 4306 3186 4375 μὴ
3227 4303 3465 4373 φυλάξας
3511 4302 3616 4354 ὑπὸ
3663 4301 3753 4354 τὸν
3796 4303 3921 4372 ὅρον
3967 4300 4065 4354 τοῦ

2496 4401 2731 4453 θανάτου
2771 4399 3006 4466 κατέστη
3030 4438 3043 4461 ,
3092 4397 3152 4448 οὐ
3186 4394 3490 4465 κατηγορία
3516 4393 3673 4445 τοῦτο
3700 4392 3793 4445 τοῦ
3826 4392 4071 4445 τεθεικό-

826 4498 1056 4543 nonest
1097 4489 1202 4541 hoc
1237 4488 1396 4558 culpa
1432 4490 1554 4559 ejus
1601 4491 1697 4561 qui
1747 4491 1916 4556 dedit,
1972 4495 2065 4549 sed
2120 4494 2242 4565 ejus
2298 4498 2389 4565 qui

2502 4511 2611 4556 τος,
2639 4491 2773 4545 ἀλλὰ
2810 4490 2904 4542 τοῦ
2949 4486 3415 4557 παραϐεϐηκότας.
3452 4486 3526 4537 Οὐ
3559 4483 3669 4553 γὰρ
3706 4484 3924 4553 ἰατρὸς,
3960 4485 4069 4534 ἀπ-

823 4589 1203 4648 transgressus
1240 4591 1342 4634 est.
1373 4578 1565 4649 Neque
1616 4582 1761 4636 enim
1801 4582 2069 4649 medicus.
2114 4588 2207 4655 qui
2241 4587 2395 4655 juhct

826 4686 1029 4738 aegroto
1063 4681 1119 4726 ut
1149 4687 1177 4724 a
1208 4672 1417 4741 frigidae
1440 4681 1569 4742 potu
1600 4674 1898 4740 abstineat,
1933 4678 1983 4731 ei
2018 4679 2268 4732 invidens
2296 4681 2404 4733 hoc

831 4763 979 4825 facit,
1008 4763 1103 4816 sed
1127 4763 1249 4833 ejus
1281 4764 1572 4819 sanitatem
1617 4781 1947 4835 procurans.
1988 4768 2171 4835 Quare
2204 4771 2248 4824 si
2282 4771 2392 4835 ille,

832 4866 937 4903 non
965 4860 1183 4905 servato
1208 4859 1501 4920 przecepto,
1524 4851 1773 4922 frigidam
1805 4869 2000 4924 aquam
2024 4856 2247 4922 biberit,
2278 4859 2395 4928 ipse

831 4944 896 4995 ad
950 4957 1009 4996 se
1064 4941 1325 4996 damnum
1381 4944 1612 4996 attrahit
1645 4962 1657 4996 :
1691 4944 1938 5000 medicus
2000 4956 2179 5001 autem
2244 4950 2395 5002 nulla

831 5034 990 5099 culpa
1027 5048 1251 5087 vacuus.
1290 5032 1557 5089 Dominus
1578 5050 1711 5104 ergo
1740 5036 1904 5101 Deus,
1940 5046 1994 5091 et
2042 5038 2221 5107 ipsum
2253 5041 2399 5093 Atla-

832 5140 1001 5190 mum,
1028 5136 1076 5178 et
1125 5133 1298 5178 totum
1332 5126 1480 5181 illius
1522 5143 1714 5197 genus,
1744 5130 1889 5182 omni
1934 5144 2067 5184 cura
2108 5142 2162 5185 et
2219 5132 2400 5188 Studio

830 5216 1085 5285 dignatus
1108 5224 1217 5270 est.
1253 5216 1429 5287 Atque
1451 5226 1530 5282 ut,
1562 5219 1686 5273 aliis
1718 5219 1963 5285 omissis,
1996 5221 2059 5274 ad
2104 5223 2156 5277 id
2188 5225 2398 5279 veniam

831 5311 974 5378 quod
1004 5318 1087 5363 est
1116 5309 1415 5363 maximum
1441 5319 1495 5365 et
1530 5313 1896 5381 praecipuum,
1950 5324 2170 5383 propter
2222 5318 2393 5380 illum,

829 5411 883 5454 et
911 5402 1055 5455 illius
1086 5417 1277 5470 genus,
1314 5403 1651 5471 unigenitum
1704 5402 1794 5457 Dei
1844 5401 2079 5459 Verbum
2108 5408 2271 5460 homo
2322 5409 2397 5462 fa-

830 5508 976 5546 etutn
1010 5502 1113 5555 est,
1149 5502 1201 5547 et
1243 5494 1436 5548 mortis
1470 5493 1811 5549 dominatum
1846 5496 2025 5568 fregit,
2069 5502 2161 5567 qui
2204 5500 2272 5554 ab
2306 5501 2394 5553 illo

2502 4584 2717 4652 έχεσθαι
2763 4579 3001 4634 κελεύων
3031 4576 3406 4647 ψυχροποσίας
3449 4574 3528 4644 τῷ
3564 4576 3845 4644 κάμνοντι,
3882 4572 4067 4642 φθόνῳ

2504 4676 2826 4743 βαλλόμενος
2870 4671 3029 4725 τοῦτο
3066 4671 3240 4730 ποιεῖ,
3275 4667 3409 4719 ἀλλὰ
3438 4668 3538 4735 τὴν
3581 4667 3769 4733 ὑγείαν
3801 4681 4066 4735 πραγμαο

2501 4767 2808 4834 τευόμενος.
2843 4764 2901 4815 Et
2931 4762 2985 4815 δὲ
3015 4764 3217 4823 ἐκεῖνος
3243 4800 3257 4824 ,
3313 4760 3386 4829 μὴ
3418 4758 3663 4826 φυλάξας
3696 4759 3794 4827 τὴν
3823 4756 4064 4826 ἐντολὴν,

2508 4857 2797 4929 μεταλάϐοι
2819 4854 2911 4907 τοῦ
2943 4854 3153 4915 ὓδατος,
3178 4852 3338 4914 αὐτὸς
3370 4851 3669 4903 ἐπισπᾶται
3694 4849 3791 4919 τὴν
3822 4847 4027 4917 βλάσην
4050 4864 4064 4877 ·

2499 4950 2527 5001 ὁ
2552 4948 2606 5000 δέ
2640 4964 2701 5013 γε
2732 4945 2913 5015 ίατρὲς
2953 4944 3051 5012 τῆς
3076 4940 3409 5010 κατηγορίας
3452 4938 3760 5000 ἀνεύθυνος.
3801 4936 3857 4990 '0
3884 4935 4069 5006 μέντοι

2499 5039 2772 5107 Δεσπότης
2799 5036 2951 5099 Θεὸς,
2982 5035 3075 5087 καὶ
3109 5032 3272 5085 αὐτὸν
3300 5031 3392 5084 τὸν
3447 5030 3618 5099 ’Δδέιμ
3646 5070 3660 5091 ,
3696 5029 3790 5082 καὶ
3826 5028 3975 5081 ἅπαν
4007 5028 4073 5081 τὸ

2498 5132 2705 5182 ἐκείνου
2738 5128 2916 5197 γένος,
2953 5127 3137 5195 πάσης
3178 5121 3497 5193 ἐπιμελείας
3534 5120 3753 5191 ἠξίωσε.
3791 5120 3900 5172 Καὶ
3953 5119 4067 5181 ἵνα,

2498 5223 2566 5275 τὰ
2594 5222 2722 5275 ἄλλα
2754 5220 2930 5289 ἀφεὶς,
2965 5219 3057 5271 ἐπὶ
3089 5217 3151 5269 τὸ
3184 5215 3522 5285 κυριώτατον
3553 5213 3713 5278 ἔλθω,
3746 5212 3811 5264 δι’
3838 5214 4075 5273 ἐκεῖνον,

2504 5319 2597 5369 καὶ
2637 5314 2697 5367 τὸ
2750 5312 2957 5366 ἐκείνου
3012 5312 3210 5379 γένος,
3250 5311 3279 5361 ό
3336 5307 3631 5377 μονογενὴς
3681 5302 4077 5375 ὲδηνθρώπησε

2506 5408 2696 5474 Λόγος,
2728 5407 2820 5457 καὶ
2844 5405 2937 5456 τοῦ
2966 5401 3198 5455 θανάτου
3230 5399 3327 5469 τὴν
3354 5395 3671 5452 δυναστείαν
3702 5394 4080 5458 κατέπαυσεν,

2506 5499 2565 5563 ἐξ
2588 5499 2797 5551 ἐκείνου
2829 5498 2925 5566 τὴν
2949 5494 3122 5565 ἀρχὴν
3147 5490 3449 5561 δεξαμένην
3472 5504 3484 5517 ⁸
3531 5491 3622 5542 καὶ
3651 5488 3747 5558 τὴν
3772 5487 4081 5540 ἀνάστασιν

2104 5673 2336 5729 VARUS
2378 5675 2777 5729 LECTIONES.

918 5784 963 5816 “
994 5784 1035 5839 Α
1062 5786 1363 5857 supinam;

1444 5788 1485 5822 "'
1511 5787 1588 5844 Ita
1618 5791 1683 5845 Δ.
1724 5786 2000 5846 Sit‘tnondi
2034 5790 2165 5857 edit,
2198 5794 2350 5864 φησί.
2425 5795 2467 5827 ⁸⁵
2504 5800 2543 5846 Α
2581 5794 2687 5848 τῶν
2715 5792 2789 5863 μὴ
2817 5790 3071 5845 τοιούτων
3098 5788 3384 5863 διάκρισις.
