4194 6432
777 376 875 438 1‘23

1750 375 2234 437 THEODORETI
2285 375 2621 435 EPISCOPI
2653 376 3016 437 CYRENSIS

3919 374 4026 440 ιιι

785 488 995 559 peccati
1039 490 1426 559 cognitionem,
1457 487 1552 544 sed
1588 495 1876 558 postquam
1907 488 1976 541 ab
2006 486 2098 540 illa
2130 493 2344 555 pertur-

2454 484 2548 553 τῆς
2584 485 2860 555 ἁμαρτίας
2884 502 2898 517 '
2937 484 3075 556 μετὰ
3101 484 3158 538 δέ
3187 502 3249 554 γε
3277 487 3375 557 τὴν
3411 486 3622 541 παῦλαν
3648 487 3742 541 τοῦ
3787 488 4023 543 πάθους,

775 579 996 634 batione
1026 579 1315 647 quieverit,
1353 578 1482 632 mali
1535 587 1666 632 tunc
1692 591 1915 632 sensum
1946 575 2171 644 accipit.
2217 573 2343 628 Non

772 671 915 724 enim
940 669 1077 739 quod
1112 669 1230 722 volo
1277 668 1374 723 Ιιοι·
1401 685 1522 738 ago,
1571 668 1663 722 sed
1706 667 1845 738 quod
1893 667 1983 721 odi
2017 668 2152 721 illud
2179 668 2341 736 facio.

779 760 896 817 Hoc
927 777 956 815 a
981 762 1096 831 lege
1126 761 1353 831 pulchre
1377 759 1608 815 emcitur
1635 775 1649 812 :
1685 774 1880 828 nempe
1903 767 1963 814 ut
1991 759 2187 813 doceat
2214 757 2345 827 quid

778 853 849 905 sit
878 851 1103 914 malum,
1147 859 1203 904 et
1233 851 1352 917 ejus
1379 849 1566 902 odium
1606 849 1800 901 animae
1844 847 2072 902 inserat.
2118 846 2216 899 Illa
2242 841 2347 899 'au-

779 952 909 1002 tem.
943 942 1080 1012 quod
1111 959 1212 995 non
1243 941 1378 1005 volo,
1406 949 1460 994 et
1486 939 1623 1010 quod
1653 940 1762 1005 odi,
1795 957 1903 994 non
1936 939 2343 1003 necessitatem,

780 1033 875 1086 sed
912 1033 1340 1087 imbecillitatem
1377 1032 1710 1103 signiﬁcant.
1761 1032 1879 1087 Non
1909 1032 2053 1087 enim
2106 1032 2351 1086 necessi-

782 1133 912 1187 tate,
944 1131 1037 1177 aut
1073 1125 1121 1176 vi
1155 1125 1339 1194 aliqua
1379 1125 1597 1194 impulsi
1634 1140 1948 1194 peccamus,
1981 1125 2078 1178 sed
2125 1141 2154 1178 a
2190 1125 2349 1177 volu-

782 1225 929 1286 ptate
982 1217 1197 1271 deliniti
1248 1217 1481 1272 facimus
1535 1234 1654 1286 qua:
1709 1226 1768 1271 ut
1820 1217 2090 1286 ﬂagitiosa
2144 1218 2349 1271 abhor-

784 1325 993 1364 τιειιιιιδ.

857 1399 1022 1454 Vens.
1061 1401 1140 1454 l6.
1175 1399 1234 1453 Si
1264 1410 1440 1454 autem
1475 1401 1612 1470 quod
1643 1401 1763 1454 nolo
1793 1401 1928 1453 illud
1983 1401 2123 1469 facio
2149 1440 2161 1463 ,
2221 1415 2348 1452 con-

785 1490 952 1542 sentio
989 1489 1092 1557 legi
1123 1489 1261 1557 quod
1294 1492 1426 1542 bona
1461 1499 1561 1542 est.
1610 1490 1744 1543 Illud
1792 1493 1935 1544 enim
1966 1491 2152 1544 odium
2180 1529 2194 1552 ,
2241 1504 2352 1558 quo

788 1580 840 1631 in
874 1591 1152 1647 peccatum
1190 1581 1425 1646 alliciar,
1477 1597 1505 1634 a
1542 1583 1659 1650 lege
1692 1584 1900 1651 accepi.
1941 1583 2134 1653 Legem
2167 1585 2353 1653 itaque

784 1667 1040 1731 dolendo,
1071 1681 1124 1724 et
1153 1688 1269 1725 eam
1302 1680 1451 1726 recte
1476 1673 1678 1727 habere
1714 1671 1907 1728 lateor.

861 1846 1022 1900 Vens.
1061 1849 1140 1900 l7.
1184 1846 1337 1900 Nunc
1369 1857 1542 1901 autem
1565 1849 1681 1916 jam
1713 1865 1817 1902 non
1850 1865 1944 1918 ego
1983 1867 2169 1916 operor
2192 1851 2350 1915 illud,
2388 1853 2427 1906 Β
2528 1855 2616 1916 ιζ’.

789 1939 879 1991 sed
904 1939 1040 2004 quod
1069 1940 1272 1992 habitat
1304 1941 1355 1993 in
1391 1959 1468 1994 me
1496 1952 1785 2010 peccatum.
1823 1941 1946 1995 ΙΙωο
1979 1943 2355 1996 declaratione

786 2035 842 2080 et
875 2029 1128 2097 pluribus
1167 2033 1346 2086 verbis
1399 2033 1662 2101 indigent.
1699 2033 1910 2101 Corpus
1951 2033 2180 2086 mortale
2222 2032 2355 2088 elle-

784 2128 935 2172 ctum
975 2132 1096 2188 post
1151 2123 1410 2191 pra'cepti
1467 2124 1991 2193 transgressionem,
2028 2124 2195 2178 animi
2237 2141 2358 2178 mo-

789 2219 877 2263 tus
906 2219 959 2263 et
1002 2211 1320 2266 atl‘ectiones
1367 2215 1630 2283 suscepit.
1668 2215 1782 2268 Snb
1817 2216 1901 2268 his
1927 2217 2075 2269 cnim
2115 2232 2357 2285 praesens

787 2302 896 2352 vita
926 2302 1196 2356 subsistit.
1233 2303 1366 2371 Eget
1394 2306 1539 2356 enim
1583 2307 1887 2375 cupiditate
1915 2348 1928 2369 ,
1965 2324 2072 2360 non
2109 2309 2353 2363 alimenti

787 2401 997 2445 tantum
1038 2408 1204 2446 causa
1228 2435 1241 2457 ,
1291 2395 1381 2447 sed
1416 2405 1469 2448 ct
1498 2395 1793 2451 liberorum
1829 2403 2230 2468 procreationis
2254 2444 2267 2468 ,
2303 2411 2357 2457 et

785 2483 1152 2551 agriculturae.
1172 2493 1224 2537 et
1244 2484 1470 2537 aliarum
1488 2485 1592 2554 77
1614 2487 1810 2539 artium
1833 2489 2028 2556 gratia.
2053 2488 2177 2542 [Ia-c
2207 2491 2353 2543 enim

784 2576 832 2628 si
860 2590 974 2629 non
1008 2587 1154 2629 esset
1177 2615 1191 2636 ,
1243 2577 1379 2630 nihil
1411 2577 1608 2630 horum
1641 2580 1994 2632 consisteret.
2034 2581 2156 2634 llaec
2197 2582 2357 2636 nobis

785 2669 947 2722 etiam
982 2670 1047 2722 ad
1078 2671 1240 2723 vitam
1268 2685 1330 2724 ex
1384 2670 1587 2724 virtute
1635 2671 2026 2727 instituendam
2067 2675 2352 2729 conducit.

784 2758 890 2824 Qui
929 2761 1072 2814 enim
1097 2775 1215 2814 eam
1259 2776 1369 2815 non
1406 2761 1712 2827 desiderat,
1753 2764 1969 2818 labores
2019 2767 2138 2834 ejus
2188 2782 2357 2821 causa

787 2852 1171 2922 suscipiendos
1208 2869 1315 2907 non
1365 2855 1580 2909 tolerat.
1619 2855 1740 2923 Ipsa
1771 2872 1991 2926 quoque
2027 2859 2185 2913 nobis
2217 2859 2360 2912 divi-

787 2957 918 2995 num
963 2958 1204 2996 amorem
1255 2944 1469 2998 inserit.
1522 2943 1810 3014 Cupiditas
1861 2947 2043 3016 itaque
2076 2950 2358 3004 moderata

787 3030 858 3084 ad
898 3046 986 3086 res
1017 3031 1191 3088 bonas
1223 3043 1276 3087 et
1306 3034 1569 3090 honestas
1622 3037 1844 3104 adjuvat
1874 3056 1888 3104 ;
1921 3039 2141 3091 modum
2176 3047 2356 3095 autem

786 3124 1060 3177 excedens
1105 3125 1584 3194 intemperantiam
1637 3127 1868 3181 inducit.
1920 3129 2045 3183 llzec
2075 3130 2257 3193 enim,
2297 3139 2357 3184 ut

787 3221 843 3268 et
872 3213 1065 3267 alienis
1099 3217 1312 3285 nuptiis
1341 3218 1556 3272 insidiae
1587 3231 1868 3289 parentur,
1905 3229 1960 3275 et
1991 3238 2113 3291 quae
2149 3224 2213 3276 ad
2256 3238 2358 3277 nos

789 3319 902 3357 non
937 3306 1212 3376 pertinent
1246 3316 1596 3378 appetantur,
1639 3321 1691 3365 et
1739 3312 2028 3365 latrocinia
2058 3329 2360 3368 exercean-

789 3406 904 3460 tur,
941 3406 997 3452 e't
1052 3401 1302 3468 sepulcra
1331 3401 1698 3465 elTodiantur,
1731 3411 1786 3457 et
1825 3404 2002 3458 credes
2039 3412 2360 3475 perpetren-

790 3499 902 3553 tur,
935 3498 990 3542 et
1015 3490 1282 3556 ejusmodi
1315 3493 1418 3544 alia
1453 3492 1605 3557 liant,
1637 3492 1817 3548 ellicit.
1861 3494 1927 3548 Et
1969 3495 2093 3550 ideo
2128 3498 2359 3552 univer-

791 3594 978 3632 sorum
1010 3579 1150 3634 Deus
1184 3581 1316 3633 iram
1366 3582 1442 3635 illi
1486 3581 1738 3651 adjunxit
1763 3625 1776 3649 ,
1833 3595 1891 3638 ut
1919 3587 2063 3641 illius
2099 3587 2361 3642 immode-

789 3670 1060 3725 rationem
1101 3673 1444 3741 reprimeret.
1483 3675 1658 3728 Habet
1701 3686 1877 3730 tamen
1908 3687 1962 3731 et
1993 3677 2098 3730 ista
2139 3695 2360 3748 quoque

791 3777 933 3830 opus
979 3763 1200 3832 aliquo,
1233 3765 1323 3833 qui
1355 3765 1476 3834 ejus
1529 3768 1995 3824 insatiabilitatem
2050 3771 2356 3839 prohibeat.

795 3854 951 3908 Sicut
1001 3865 1131 3925 ergo
1181 3858 1227 3911 ei
1276 3859 1420 3926 quod
1469 3868 1554 3914 est
1597 3862 1762 3916 nimis
1812 3858 2069 3930 frigidum
2121 3865 2358 3920 calidum

793 3946 1186 4013 admiscemns,
1218 3956 1271 4003 et
1301 3966 1496 4004 rursus
1529 3952 1692 4005 nimis
1716 3952 1951 4006 calidum
1989 3953 2186 4024 [rigido
2218 3965 2359 4009 tem-

791 4051 1052 4102 peramus
1086 4056 1097 4090 :
1133 4039 1206 4090 ita
1239 4048 1453 4092 creator
1486 4039 1628 4095 Deus
1665 4042 1747 4095 his
1791 4043 2004 4098 duabus
2037 4045 2206 4098 animi
2238 4061 2361 4114 per-

793 4126 1236 4190 turbationibus,
1297 4144 1417 4197 quae
1465 4137 1594 4182 sunt
1643 4132 1784 4185 inter
1836 4149 1894 4187 se
1973 4149 2037 4187 cx
2089 4136 2362 4189 diametro

793 4219 1110 4284 contrarian,
1143 4225 1159 4241 '
1181 4221 1340 4275 nobis
1365 4222 1569 4287 insitis,
1602 4222 1792 4277 docuit
1823 4225 2051 4280 alterius
2085 4243 2182 4296 per
2221 4227 2359 4282 alte-

795 4323 911 4362 ram
935 4310 1160 4363 nimium
1179 4326 1469 4366 excessum
1492 4315 1788 4384 corrigere.
1810 4315 1902 4369 Eis
1924 4319 2069 4371 enim
2098 4329 2359 4386 mentem,

792 4407 1056 4466 tanquam
1107 4400 1264 4469 equis
1311 4401 1598 4471 aurigam,
1653 4404 1933 4472 praal‘ecit,
1971 4415 2026 4460 et
2080 4410 2365 4463 servitutis

2447 576 2544 645 τὴν
2571 575 2820 646 αἴσθησιν
2855 576 3070 646 δέχεται
3116 576 3210 629 τοῦ
3254 577 3442 633 κακοῦ.
3488 581 3570 633 Οὐ
3617 579 3726 648 γὰρ
3766 578 3797 632 δ
3845 579 4022 643 θέλω,

2447 665 2622 719 τοῦτο
2648 663 2922 734 πράσσω,
2953 668 3092 722 ἀλλ’
3120 667 3152 722 ὃ
3171 669 3331 737 μισῶ
3349 670 3415 735 ⁸³,
3451 671 3629 725 τοῦτο
3654 670 3821 725 ποιῶ.
3848 671 4027 724 Τοῦτο

2447 757 2540 811 τοῦ
2565 758 2729 828 νόμου
2773 759 3106 830 κατόρθωμα
3128 799 3142 822 ,
3173 759 3235 813 τὸ
3273 761 3481 824 διδάξαι
3512 763 3564 814 τί
3597 762 3659 815 τὸ
3691 764 3891 828 κακὸν,
3926 765 4024 816 καὶ

2452 849 2605 916 μῖσος
2642 847 2874 903 ἐνθεῖναι
2911 853 2976 920 τῇ
3011 850 3155 920 ψυχῇ
3219 851 3347 920 περὶ
3393 852 3550 904 τοῦτο
3571 853 3632 906 ⁸⁸.
3684 853 3758 905 Τὸ
3814 853 4022 922 μέντοι,

2450 938 2482 992 ὃ
2505 942 2576 993 οὐ
2599 939 2774 1002 θέλω.
2807 943 2920 1006 καὶ,
2951 941 2983 994 ὃ
3014 941 3193 1010 μισῶ,
3236 943 3335 995 οὐκ
3366 942 3690 1011 ἀνάγκηςτθ,
3724 944 3836 997 ἀλλ’
3861 945 4026 997 ἀσθε-

2449 1030 2595 1093 νείας
2617 1029 2912 1100 δηλωτικὰ.
2951 1031 3028 1086 Οὐ
3072 1032 3179 1101 γάρ
3213 1033 3302 1084 ὑπ’
3330 1032 3576 1102 ἀνάγκης
3607 1034 3748 1097 τινος
3773 1034 3866 1087 καὶ
3898 1033 4026 1103 βίας

2450 1122 2749 1192 ὠθούμενοι
2807 1124 3269 1194 πλημμελοῦμεν,
3332 1125 3448 1178 ἀλλ’
3511 1124 3616 1178 ὑπὸ
3670 1128 3772 1194 τῆς
3824 1126 4028 1196 ἡδονῆς

2454 1218 2904 1289 καταθελγόμενοι
2955 1220 3217 1290 ποιοῦμεν
3267 1219 3411 1289 άπερ
3454 1219 3530 1282 ὡς
3570 1221 3864 1291 παράνομα
3898 1218 4026 1289 βδε-

2453 1308 2608 1360 λυττό
2616 1307 2769 1377 μεθα.

2523 1405 2618 1462 ις’.
2650 1401 2716 1452 El
2750 1398 2817 1450 δὲ
2843 1399 2872 1450 ὃ
2903 1402 2976 1452 οὐ
3000 1399 3151 1453 θέλω
3187 1400 3320 1469 ἐγὼ,
3347 1400 3524 1454 τοῦτο
3551 1400 3720 1464 ποιῶ,
3748 1401 4027 1468 σύμφημι

2452 1488 2532 1554 τῷ
2566 1491 2744 1557 νόμῳ,
2781 1489 2868 1541 ὅτι
2905 1490 3109 1555 καλός.
3147 1491 3286 1542 Δύτδ
3338 1491 3446 1560 γάρ
3492 1489 3553 1542 τὸ
3602 1493 3778 1558 μῖσος,
3819 1475 3866 1541 ὃί
3891 1490 4026 1559 περὶ

2453 1580 2549 1649 τὴν
2597 1580 2868 1650 ἁμαρτίαν
2914 1579 3061 1649 ἔχω,
3112 1581 3263 1650 παρὰ
3315 1579 3407 1632 τοῦ
3461 1581 3627 1650 νόμου
3663 1580 3843 1634 λαϐὼν
3888 1580 4020 1648 ἔχω.

2453 1669 2661 1722 Οὐκοῦν
2694 1671 2978 1741 συνηγορῶ
2999 1671 3075 1740 τῷ
3106 1671 3274 1741 νόμῳ,
3313 1671 3406 1724 καὶ
3436 1667 3493 1725 εὖ
3527 1672 3686 1725 αὑτὸν
3720 1670 3862 1740 ἔχειν
3885 1670 4024 1740 ὀμο-

2453 1761 2615 1829 λογῶ.

2665 1853 2815 1907 Νυνὶ
2858 1852 2926 1905 δὲ
2971 1852 3171 1906 οὐκέτι
3236 1853 3350 1922 ἐγὼ
3389 1853 3809 1922 κατεργάζομαι
3852 1853 4026 1918 αὐτὸ,

2458 1943 2593 1996 ἀλλ’
2624 1944 2661 2010 ἡ
2698 1941 2948 1994 οἰκοῦσα
2975 1940 3044 1994 ἐν
3071 1942 3198 2010 ἐμοὶ
3224 1943 3495 2011 ἁμαρτία.
3544 1943 3844 2013 Σαφηνείας
3863 1941 4028 1994 τοῦτο

2457 2034 2623 2086 δεῖται
2645 2073 2657 2094 ,
2693 2033 2787 2085 καὶ
2819 2032 2992 2100 λόγων
3032 2032 3316 2085 πλειόνων.
3347 2032 3550 2102 Θνητὸν
3588 2032 3646 2083 τὸ
3672 2031 3828 2100 σῶμα
3866 2031 4028 2098 γενὸο

2462 2115 2618 2193 μενον
2652 2124 2786 2192 μετὰ
2822 2122 2918 2193 τὴν
2961 2122 3269 2194 παράϐασιν
3303 2122 3402 2190 τῆς
3430 2121 3648 2190 ἐντολῆς
3669 2163 3683 2184 ν
3725 2121 4028 2187 ὑπεδέξατο

2456 2219 2523 2268 τὰ
2552 2215 2869 2284 παθήματα.
2904 2215 3002 2266 Διὰ
3025 2215 3230 2267 τούτων
3256 2214 3365 2284 γὰρ
3396 2214 3463 2266 τὰ
3497 2215 3637 2267 κατά
3666 2213 3757 2265 τὸν
3780 2213 4029 2282 παρόντα

2460 2307 2753 2376 συνέστηκε
2794 2306 2927 2377 βίον.
2967 2307 3145 2358 Δεῖται
3194 2305 3301 2376 γὰρ
3347 2305 3671 2373 ἐπιθυμίας,
3711 2305 3772 2357 οὐ
3815 2303 4030 2374 τροφῆς

2455 2398 2617 2452 ἕνεκα
2645 2399 2802 2469 μόνον
2827 2439 2841 2462 ,
2887 2397 3022 2452 ἀλλά
3049 2399 3143 2451 καὶ
3194 2397 3534 2460 παιδοποιίας
3553 2438 3566 2460 ,
3613 2397 3706 2448 καὶ
3733 2394 4023 2466 γηπονίας,

2457 2493 2552 2545 καὶ
2574 2493 2680 2544 τῶν
2707 2491 2878 2544 ἄλλων
2903 2492 3061 2562 χάριν
3081 2489 3305 2559 τεχνῶν.
3332 2489 3546 2558 Ταύτης
3573 2488 3679 2558 γάρ
3703 2490 3802 2540 οὐκ
3831 2486 4022 2557 οὔσης,

2457 2583 2609 2636 οὐδὲν
2643 2582 2846 2636 τούτων
2896 2583 3242 2652 συνέστηκεν.
3301 2581 3445 2651 Αὕτη
3500 2581 3630 2650 ἡμῖν
3669 2580 3762 2632 καὶ
3809 2581 3887 2642 είς
3926 2579 4030 2650 τὴν

2457 2675 2556 2744 τῆς
2589 2675 2787 2746 ἀρετῆς
2815 2674 3151 2745 κατόρθωσιν
3179 2673 3437 2727 συντελεῖ.
3484 2673 3541 2726 '0
3570 2672 3676 2743 γὰρ
3703 2671 3775 2742 μὴ
3807 2673 4030 2740 ἐφιέμε-

2457 2784 2544 2828 νος
2577 2767 2798 2835 ταύτης,
2829 2766 2935 2818 τῶν
2974 2766 3114 2836 ὑπὲρ
3151 2764 3355 2834 ταύτης
3397 2764 3495 2817 οὐκ
3530 2763 3786 2832 ἀνέχεται
3821 2763 4024 2814 πόνων.

2458 2857 2603 2927 Αῦτη
2634 2860 2725 2911 καὶ
2756 2858 2848 2910 τὸν
2881 2857 3027 2911 θεῖον
3057 2859 3187 2928 ἡμῖν
3215 2855 3566 2924 ἐξεργάζεται
3596 2857 3775 2908 πόθον.
3828 2855 3891 2906 Ἦ
3926 2853 4030 2921 μὲν

2457 2945 2549 3002 οὖν
2597 2952 2907 3019 συμμετρία
2962 2947 3059 3017 τῆς
3113 2947 3411 3016 ἐπιθυμίας
3462 2945 3570 2997 τῶν
3632 2942 3853 3011 ἀγαθῶν
3911 2943 4032 2994 ἐστι

2460 3041 2717 3111 συνεργός
2739 3056 2755 3072 ⁸
2789 3043 2820 3110 ἡ
2849 3041 2905 3093 δὲ
2940 3039 3144 3110 ταύτης
3189 3038 3427 3109 ἀμετρία
3459 3037 3558 3107 τὴν
3591 3035 3884 3090 ἀκολασίαν
3916 3037 4033 3086 sla-

2463 3133 2601 3200 άγει.
2633 3131 2778 3202 Αὕτη
2804 3133 2911 3203 γὰρ
2942 3133 3034 3186 καὶ
3063 3132 3262 3200 γάμοις
3292 3128 3593 3201 ἀλλοτρίοις
3627 3127 4029 3191 ἐπιϐουλεύειν,

2463 3222 2556 3274 καὶ
2592 3220 2701 3273 τῶν
2748 3221 2808 3273 οὐ
2858 3220 3244 3291 προσηκόντων
3275 3217 3562 3286 ἐφίεσθαι,
3598 3216 3693 3270 καὶ
3726 3215 4033 3288 λῃστεύειν,

2461 3312 2554 3363 καὶ
2597 3311 2798 3379 τάφους
2837 3309 3119 3382 ὀρύττειν,
3165 3310 3255 3361 καὶ
3305 3307 3613 3378 μιαιφονίας
3663 3308 4032 3377 κατατολμᾷν,

2461 3404 2554 3458 καὶ
2585 3404 2749 3458 τᾶλλα
2786 3404 2851 3456 τὰ
2886 3404 3108 3455 τοιαῦτα
3143 3400 3553 3471 παρασκευάζει
3587 3403 3783 3453 ποιεῖν.
3817 3400 3914 3452 Διά
3947 3416 4033 3451 τοι

2460 3495 2617 3548 τοῦτο
2665 3495 2974 3559 συνέζευξεν
3001 3495 3135 3562 αὐτῇ
3165 3493 3254 3545 τὸν
3302 3491 3473 3562 θυμὸν
3497 3493 3525 3544 ὁ
3553 3490 3658 3543 τῶν
3692 3491 3831 3544 ὅλων
3871 3491 4031 3554 Θεὸς,

2461 3587 2526 3640 ἵν’
2554 3586 2722 3655 αὐτῆς
2757 3586 3045 3656 ἀναστείλῃ
3091 3586 3190 3656 τὴν
3241 3583 3528 3654 ἀμετρίαν.
3585 3585 3765 3635 Δεῖται
3794 3583 3850 3635 δέ
3879 3585 4032 3652 ὅμως

2461 3678 2553 3730 καὶ
2580 3669 2733 3739 οὗτος
2765 3676 2859 3728 τοῦ
2907 3676 3008 3746 τὴν
3056 3675 3360 3745 ἀπληστίαν
3403 3673 3724 3738 κωλύοντος.
3761 3674 4037 3743 Καθάπερ

2460 3769 2636 3822 τοίνυν
2663 3768 2739 3837 τῷ
2771 3769 2905 3835 ἄγαν
2938 3765 3128 3837 ψυχρῷ
3171 3766 3509 3836 κεράννυμεν
3544 3766 3603 3817 τὸ
3646 3764 3855 3834 θερμὸν
3877 3804 3892 3828 ,
3938 3765 4034 3816 καὶ

2461 3856 2527 3912 αὖ
2560 3860 2722 3912 πάλιν
2770 3861 2830 3910 τὸ
2878 3860 3013 3926 ἄγαν
3065 3858 3270 3927 ψυχρὸν
3322 3857 3621 3924 κολάζομεν
3673 3855 3750 3924 τῷ
3803 3854 4031 3924 θερμῷ·

2461 3952 2630 4015 οῦτως
2680 3955 2706 4004 ὁ
2755 3951 3162 4020 δημιουργήσας
3210 3948 3340 4010 Θεὸς
3408 3948 3579 4008 ἐνθεὶς
3633 3948 3765 4016 ἡμῖν
3813 3945 3884 3996 τὰ
3938 3943 4039 3996 δύο

2462 4042 2631 4096 ταῦτα
2668 4041 2982 4111 παθήματα,
3017 4039 3236 4093 ἐναντία
3281 4038 3408 4091 ὄντα
3439 4037 3690 4106 ἀλλήλοις
3723 4039 3787 4089 ἐκ
3833 4035 4032 4103 διαμέ-

2463 4151 2628 4204 τρου,
2672 4133 2764 4184 τοῦ
2798 4134 2983 4202 ἐτέρου
3038 4132 3284 4195 κολάζειν
3339 4131 3426 4183 διὰ
3464 4129 3690 4198 θατέρου
3748 4129 3847 4197 τὴν
3897 4129 4037 4195 ἀμεο

2463 4226 2617 4294 τρίαν
2662 4224 2918 4288 ἐδίδαξεν.
2983 4223 3280 4292 Ἐπέστησε
3336 4221 3444 4292 γὰρ
3489 4223 3670 4284 αὐτοῖς
3716 4220 3808 4272 τὸν
3863 4218 3986 4270 νοῦν
4016 4257 4033 4278 ,

2466 4317 2716 4385 καθάπερ
2755 4318 2863 4368 τισὶ
2896 4315 3095 4377 πώλοις
3131 4315 3370 4384 ἡνίοχον,
3407 4313 3500 4366 καὶ
3532 4312 3804 4382 ἐπέθηκεν
3848 4312 4034 4372 αὐτοῖς

2464 4410 2553 4461 τὸν
2585 4410 2680 4478 τῆς
2725 4408 2965 4470 δουλείας
2994 4408 3187 4474 ζυγὸν,
3234 4408 3362 4468 ἴσως
3409 4407 3597 4474 φέρειν
3643 4403 4030 4473 νομοθετήσας.

795 4489 906 4543 illis
931 4490 1122 4558 jugum
1147 4491 1430 4559 imposuit,
1457 4495 1742 4564 aequaliter
1765 4496 1817 4549 id
1846 4494 1989 4550 ferre
2015 4499 2359 4568 praecipiens.

2474 4501 2534 4553 El
2562 4499 2618 4552 δέ
2653 4516 2780 4551 ποτε
2818 4497 3057 4568 συμϐαίη
3084 4498 3227 4567 πέρα
3251 4495 3344 4548 τοῦ
3375 4496 3576 4565 μέτρου
3611 4495 3708 4564 τὴν
3737 4493 4033 4562 ἐπιθυμίαν

793 4579 951 4644 Quod
989 4581 1034 4633 si
1063 4582 1283 4649 quando
1310 4584 1542 4646 eveniat.
1569 4595 1628 4638 ut
1663 4586 1932 4654 cupiditas
1963 4588 2103 4641 ultra
2136 4590 2356 4643 modum

2468 4587 2762 4659 προκύψαι,
2803 4587 3013 4639 νύττειν
3042 4585 3292 4638 ἐκέλευσε
3323 4585 3412 4636 τὸν
3446 4584 3635 4652 θυμόν·
3664 4583 3749 4634 ἵνα
3778 4582 4031 4650 ὁρμήσας

798 4672 1099 4739 procedat.
1139 4674 1306 4742 jussit
1357 4676 1492 4728 iram
1542 4693 1814 4749 pungere,
1873 4687 2032 4733 utea
2082 4683 2359 4736 concitata

2468 4675 2645 4744 οὗτος,
2683 4680 2795 4731 ἴσον
2826 4679 2985 4730 πάλιν
3015 4677 3318 4746 ἐργάσηται
3344 4678 3434 4728 τὸν
3462 4675 3645 4743 ζυγόν.
3691 4675 3753 4726 Ei
3799 4673 3856 4724 δὲ
3880 4669 4040 4734 οὗτος

794 4763 982 4832 jugum
1016 4779 1212 4820 rursus
1244 4768 1454 4835 aequale
1483 4775 1708 4824 statuat.
1749 4769 1904 4837 Quod
1938 4773 1981 4825 si
2014 4772 2128 4827 haec
2164 4790 2359 4829 rursus

2466 4772 2673 4837 δέξαιτο
2701 4771 2797 4842 τῆς
2824 4770 3090 4840 ἀμετρίας
3120 4769 3180 4822 τὸ
3211 4768 3402 4830 πάθος,
3427 4767 3523 4838 τὴν
3549 4763 3841 4833 ἐπιθυμίαν
3873 4762 4040 4816 πάλιν

797 4854 1026 4909 nimium
1082 4857 1492 4926 progrediatur,
1533 4861 1690 4928 jubet
1760 4878 1955 4917 rursus
2005 4864 2357 4934 cupiditatem

2468 4863 2733 4916 κινεῖσθαι
2767 4864 3056 4932 παρεγγυᾷ
3083 4901 3098 4921 ,
3146 4862 3240 4913 καὶ
3274 4859 3366 4912 τοῦ
3421 4858 3593 4929 θυμοῦ
3639 4857 3738 4927 τὴν
3768 4854 4041 4926 ἀμετρίαν

796 4946 1001 4998 moveri
1029 4985 1044 5008 ,
1093 4954 1147 4999 et
1197 4947 1292 5000 irae
1340 4963 1628 5003 excessum
1665 4951 1958 5021 castigare.
1993 4953 2145 5009 Mens
2177 4955 2359 5025 itaque

2469 4956 2736 5018 κολάζειν.
2788 4956 2992 5024 Νήιρων
3046 4954 3143 5024 μὲν
3178 4950 3271 5006 οῦν
3310 4955 3337 5004 ὁ
3367 4952 3524 5016 νοῦς,
3573 4950 3664 5002 καὶ
3717 4947 4037 5016 σωφρονῶν,

797 5035 984 5088 sobria
1014 5074 1028 5098 ,
1079 5045 1132 5090 et
1164 5038 1422 5107 sapiens,
1475 5039 1579 5093 hoc
1629 5042 1791 5095 modo
1822 5043 1978 5113 regit.
2024 5045 2093 5098 At
2139 5045 2184 5099 si
2245 5047 2359 5115 ipsa

2462 5048 2647 5101 τοῦτον
2697 5049 2861 5100 ἰθύνει
2908 5047 2997 5099 τὸν
3032 5046 3251 5116 τρόπον.
3302 5044 3606 5114 Ἀμελήσας
3637 5042 3714 5104 δὲ,
3751 5041 3843 5094 καὶ
3873 5055 4042 5092 κατα-

797 5125 1079 5196 negligens
1111 5131 1347 5182 evaserit
1434 5137 1488 5182 et
1523 5130 1762 5186 habenas
1799 5133 2120 5201 reliquerit,
2151 5141 2209 5187 ut
2236 5136 2359 5205 equi

2463 5136 2634 5190 λιπὼν
2664 5137 2760 5200 τὰς
2808 5137 2997 5206 ἡνίας,
3048 5137 3274 5206 σκιρτᾷν
3320 5135 3418 5204 μὲν
3444 5133 3571 5195 τοὺς
3611 5130 3823 5192 πώλους
3859 5145 4042 5198 παρα-

796 5214 1018 5282 quidem
1049 5216 1307 5269 exsiliant
1348 5217 1548 5279 efﬁcit,
1591 5219 1709 5288 ipsa
1751 5227 1936 5274 autem
1977 5221 2216 5275 trahitur
2241 5263 2256 5286 ,
2306 5231 2359 5277 et

2466 5226 2754 5291 σκευάζει·
2786 5226 3007 5296 σύρεται
3047 5225 3104 5278 δὲ
3158 5225 3356 5287 αὐτὸς,
3393 5222 3489 5276 καὶ
3524 5222 3604 5284 είς
3649 5219 3901 5290 βάραθρα
3939 5217 4040 5268 καὶ

800 5321 906 5359 una
938 5321 1060 5360 cum
1095 5307 1228 5376 ipsis
1270 5309 1322 5362 in
1355 5309 1641 5380 voragines
1678 5317 1731 5364 et
1780 5313 2079 5381 praecipitia
2126 5314 2359 5368 corruit.

2465 5318 2741 5387 κρημνοὺς
2792 5319 2890 5370 σὺν
2934 5317 3120 5378 αὐτοῖς
3179 5313 3532 5368 καταπίπτει.
3593 5311 3762 5364 Τοῦτο
3800 5305 4040 5362 ἐνταῦθα

804 5393 919 5448 lloc
949 5395 1168 5452 divinus
1193 5399 1488 5466 Apostolus
1521 5401 1606 5454 hic
1637 5401 1773 5455 dixit
1808 5421 1819 5456 :
1847 5401 1996 5456 Nunc
2029 5413 2205 5457 autem
2241 5408 2357 5472 jam

2467 5409 2495 5460 ὁ
2521 5407 2662 5472 θεῖος
2724 5408 3047 5472 Ἀπόστολος
3095 5407 3282 5478 εἴρηκε
3313 5425 3325 5438 ο
3359 5405 3508 5462 erl
3566 5403 3633 5456 δὲ
3683 5401 3884 5458 οὐκέτι
3919 5397 4042 5469 ἐγὼ

873 5539 900 5569 ν
942 5530 1095 5586 Rom.
1133 5549 1226 5599 ιιι,
1256 5534 1342 5587 20.

2106 5679 2334 5734 \'AR|:E
2391 5678 2788 5734 LECTIONES.

891 5759 934 5790 ⁸⁸
971 5769 1009 5820 Α
1048 5769 1105 5820 οὗ
1145 5769 1297 5822 θέλω.
1403 5772 1444 5802 "
1478 5773 1520 5824 Α
1547 5771 1683 5825 κατά
1716 5772 1920 5827 τούτου.
2016 5773 2060 5805 ⁷⁸
2094 5773 2132 5826 Β
2159 5773 2216 5826 οὑ
2249 5773 2366 5825 κατ⁸
2401 5773 2668 5840 ἀνάγκης.
