4194 6432
718 361 817 427 127

1694 361 2182 423 THEODORETI
2227 357 2564 420 EPISCOPI
2602 353 2967 417 CYRENSIS

3857 341 3964 409 128

716 468 849 520 lium
871 506 888 532 ,
935 468 1174 538 graviter
1201 468 1367 538 gemit
1418 483 1481 524 ac
1508 469 1847 524 lamentatur
1868 511 1884 536 ,
1942 467 2291 537 ostenditque
2321 520 2322 524 η

2392 463 2660 534 δισμένος,
2693 462 2785 516 καὶ
2811 458 3082 515 δουλεύειν
3107 455 3538 526 ἠναγκασμένος,
3566 450 3664 505 καὶ
3691 452 3966 523 μηδεμίαν

718 559 891 629 legem
920 574 1076 629 Opem
1106 559 1250 616 ferre
1276 574 1385 616 non
1417 575 1601 631 posse,
1630 568 1685 615 et
1729 562 1860 616 dicit
1895 578 1907 613 :

789 823 960 881 Vens.
990 823 1083 889 24,
1106 826 1195 880 25.
1228 824 1431 894 Infelix
1451 842 1546 897 ego
1579 827 1754 892 homo,
1782 828 1901 897 quis
1934 845 2013 882 me
2042 828 2282 883 liberabit

646 967 650 971 .
714 916 778 967 de
810 932 1025 986 corpore
1063 919 1249 973 mortis
1270 919 1428 986 hujus
1456 921 1480 974 ?
1512 916 1733 971 Gratias
1777 936 1876 990 ago
1914 920 2025 974 Dea
2054 937 2167 974 meo
2194 938 2284 988 per

714 1005 903 1062 Jesum
932 1008 1198 1063 Christum
1245 1008 1525 1062 Dominum
1555 1018 1814 1063 nostrum.
1866 1010 2055 1066 Mortis
2103 1023 2283 1068 autem

721 1116 919 1171 corpus
952 1110 1129 1169 vocat,
1164 1110 1225 1156 ut
1250 1102 1547 1156 obnoxium
1589 1103 1755 1156 morti
1803 1102 2027 1170 factum,
2062 1104 2167 1158 hoc
2199 1113 2283 1160 est

722 1194 951 1248 mortale
987 1195 1210 1247 :anima
1255 1194 1399 1247 enim
1442 1193 1791 1248 immortalis.
1841 1192 2031 1259 Solus,
2080 1196 2280 1265 inquit,

721 1282 985 1339 Dominus
1014 1292 1201 1339 noster
1226 1281 1387 1338 Jesus
1411 1282 1667 1339 Christus
1716 1299 1816 1341 nos
1845 1300 1874 1338 a
1917 1286 2068 1356 gravi
2102 1288 2282 1341 domi-

718 1385 847 1430 natu
878 1376 1163 1441 liberavit,
1197 1386 1371 1430 morte
1396 1377 1616 1446 quidem
1647 1375 1931 1447 proﬂigata
1952 1418 1967 1436 .
1998 1379 2155 1433 nobis
2183 1395 2283 1433 au-

719 1472 827 1521 tem
872 1464 1284 1520 immortalitate
1312 1466 1606 1533 promissa,
1639 1467 1751 1536 80
1788 1476 1844 1520 et
1886 1468 1997 1521 vita
2036 1468 2281 1521 laborum

720 1569 783 1611 ac
818 1554 1192 1609 molestiarum
1224 1554 1458 1624 bellique
1505 1563 1558 1609 et
1588 1556 1798 1625 peccati
1828 1565 2078 1624 experte.
2107 1557 2285 1626 Atque

721 1649 913 1699 horum
942 1648 1160 1716 quidem
1188 1647 1241 1700 in
1269 1647 1378 1700 vita
1404 1646 1587 1701 futura
1611 1646 1847 1701 fructum
1880 1649 2280 1717 percipiemus;

2387 554 2651 626 ἑτέρωθεν
2699 553 3013 625 συμμαχίαν
3040 549 3202 622 ὀρῶν,
3254 546 3429 600 στένει
3480 543 3578 615 μὲν
3616 543 3812 613 πικρὸν
3866 542 3967 596 καὶ

2385 644 2669 717 ὀδύρεται,
2725 645 2966 698 δείκνυσι
3009 641 3067 697 δὲ
3114 639 3204 693 τὸν
3252 638 3416 708 νόμον
3464 635 3829 705 ἐπικουρῆσαι
3880 632 3963 703 μὴ

2384 738 2702 809 δυνάμενον,
2735 737 2829 790 καί
2860 752 2993 807 φησι
3016 751 3030 765 ο

2455 830 2551 894 κδ’,
2572 835 2667 883 κε’.
2696 828 3072 894 Ταλαίπωρος
3097 824 3211 894 ἐγὼ
3227 822 3553 889 ἄνθρωπος.
3576 816 3667 883 τίς
3682 833 3759 885 με
3774 816 3961 884 ῥύσε-

2384 938 2477 973 ται
2493 921 2559 973 ἐκ
2582 920 2689 972 τοῦ
2713 919 2989 987 σώματος
3014 916 3123 969 τοῦ
3141 913 3398 970 θανάτου
3422 910 3671 971 τούτου;
3700 908 3960 975 Εὐχαρι-

2384 1008 2506 1065 στῶ
2527 1008 2607 1074 τῷ
2640 1008 2761 1074 Θεῷ
2780 1010 2824 1040 ⁷⁷
2843 1027 2962 1078 μου
2983 1006 3077 1061 διὰ
3105 1005 3307 1072 Ἰησοῦ
3326 1001 3583 1071 Χριστοῦ
3606 999 3713 1054 τοῦ
3737 998 3961 1067 Κυρίου

2386 1102 2571 1171 ἡμῶν.
2603 1102 2842 1156 Θανάτου
2885 1101 2943 1154 δὲ
2984 1099 3141 1170 σῶμα
3172 1096 3342 1160 καλεῖ,
3374 1094 3449 1158 ὼς
3480 1093 3583 1146 ὑπὸ
3607 1092 3701 1145 τὸν
3729 1091 3962 1144 θάνατον

2383 1195 2766 1265 γεγενημένον,
2792 1192 3037 1246 τουτέστι
3062 1190 3253 1260 θνητόν
3270 1205 3283 1219 ·
3315 1191 3347 1258 ἡ
3371 1187 3518 1257 ψυχὴ
3540 1183 3649 1255 γὰρ
3670 1184 3959 1246 ἀθάνατος.

2383 1287 2578 1349 Μόνος,
2629 1284 2814 1353 φησὶν,
2851 1286 2878 1337 ὁ
2910 1282 3114 1353 Κύριος
3141 1279 3298 1350 ἡμῶν
3343 1277 3554 1348 Ἰησοῦς
3597 1274 3831 1347 Χριστὸς
3858 1273 3961 1343 τῆς

2384 1380 2586 1448 πικρᾶς
2616 1378 2762 1447 ἡμᾶς
2790 1374 3133 1445 ἠλευθέρωσε
3160 1371 3498 1433 δυναστείας,
3540 1368 3633 1421 τὸν
3666 1367 3765 1439 μὲν
3795 1366 3962 1420 θάνα-

2382 1488 2473 1523 τον
2502 1470 2702 1532 λύσας,
2752 1467 2850 1537 τὴν
2880 1467 2934 1519 δὲ
2985 1464 3285 1518 ἀθανασίαν
3323 1466 3456 1533 ἡμῖν
3502 1462 3869 1531 ὑποσχόμενος
3888 1460 3959 1527 ⁷⁸,

2384 1561 2479 1613 καὶ
2510 1560 2604 1629 τὴν
2634 1561 2830 1613 ἄπονον
2879 1558 2973 1611 καὶ
3003 1557 3206 1611 ἄλυπον
3238 1555 3439 1625 βιοτὴν,
3472 1556 3567 1607 καί⁸
3593 1554 3690 1624 τὴν
3720 1553 3960 1623 πολέμου

2383 1650 2503 1719 δίχα
2533 1650 2627 1703 καὶ
2670 1649 2943 1720 ἁμαρτίας
2989 1648 3156 1717 ζωήν.
3209 1646 3427 1700 Τούτων
3461 1646 3640 1715 μέντοι
3689 1644 3790 1714 τὴν
3819 1645 3961 1697 ἀπό-

721 1738 771 1788 in
805 1738 1056 1805 pra~senti
1098 1745 1305 1802 autem,
1355 1738 1531 1792 sancti
1586 1736 1824 1805 Spiritus
1857 1739 2090 1808 gratiam
2137 1741 2282 1794 reci-
2317 1805 2322 1811 η

2385 1742 2574 1794 λαυσιν
2606 1741 2747 1794 κατὰ
2776 1740 2868 1794 τὸν
2911 1741 3169 1811 μέλλοντα
3198 1738 3461 1809 δεξόμεθα
3506 1736 3619 1808 βίον
3646 1754 3661 1768 ·
3712 1742 3768 1791 ὲν
3797 1738 3852 1790 δὲ
3881 1738 3962 1807 τῷ

719 1804 965 1896 pientes,
1016 1843 1124 1881 non
1165 1828 1267 1883 soli
1328 1829 1591 1881 adversus
1629 1827 1795 1881 animi
1837 1829 2278 1898 perturbationes
2316 1805 2322 1862 ί

2387 1833 2613 1902 παρόντι
2642 1833 2740 1902 τῆς
2770 1829 2862 1884 τοῦ
2894 1830 3157 1898 παναγίου
3210 1830 3526 1899 Πνεύματος
3576 1830 3797 1900 χάριτος
3825 1830 3963 1882 ἀπο-

720 1919 773 1969 in
804 1917 919 1970 acie
949 1926 1161 1973 stamus
1185 1961 1199 1985 ,
1249 1919 1343 1973 sed
1376 1933 1491 1973 eam
1540 1919 1941 1987 opitulatricem
1996 1920 2281 1987 habentes,

722 2011 817 2062 has
843 2011 1060 2064 vincere
1088 2026 1403 2081 possumus.
1429 2011 1633 2065 Deinde
1664 2012 2009 2081 superiorum
2038 2014 2283 2067 omnium

721 2104 884 2157 infert
918 2104 1267 2159 solutionem.
1305 2102 1475 2174 Igitur
1508 2121 1600 2173 ego
1638 2106 1744 2173 ipse
1790 2114 1958 2159 mente
1990 2106 2158 2159 servio
2188 2105 2288 2175 legi

720 2194 837 2259 Dei,
873 2210 1028 2249 c.n‘ne
1059 2204 1234 2248 autem
1269 2195 1368 2265 legi
1396 2198 1615 2263 peccati.

1296 2459 1524 2515 CAPUT
1558 2460 1695 2515 Vlll.

793 2547 956 2604 Vens.
1003 2551 1055 2604 l.
1094 2549 1246 2604 Nihil
1288 2569 1409 2621 ergo
1437 2569 1575 2605 nunc
1601 2552 1960 2608 damnationis
1994 2565 2074 2609 est
2103 2557 2169 2612 iis
2197 2560 2286 2627 qui

718 2652 838 2695 sunt
883 2645 936 2695 in
977 2641 1187 2698 Christo
1216 2642 1385 2707 Iesu,
1445 2646 1535 2714 qui
1586 2662 1687 2699 non
1743 2647 2027 2701 secundum
2074 2667 2285 2705 carnem

719 2734 1011 2801 ambulant,
1050 2736 1138 2789 sed
1167 2737 1452 2791 secundum
1481 2738 1746 2807 spiritum.
1782 2740 1969 2810 Neque
2013 2742 2154 2796 enim
2185 2759 2286 2799 nos

720 2841 865 2879 inme
881 2827 1081 2881 invitos
1102 2828 1325 2882 vincunt
1348 2829 1515 2883 animi
1543 2832 2007 2900 perturbationes,
2029 2836 2286 2903 quoniam

719 2918 886 2972 divini
924 2916 1157 2986 Spiritus
1184 2919 1414 2988 gratiam
1445 2924 1778 2991 accepimus.

795 3005 958 3061 Vens.
996 3008 1047 3062 Ξ.
1080 3007 1191 3062 ιειι
1241 3011 1381 3063 enim
1412 3012 1636 3082 spiritus
1668 3015 1787 3068 vita:
1833 3016 1885 3068 in
1916 3015 2127 3071 Christo
2155 3008 2285 3072 Iesu

722 3098 961 3154 liberavit
994 3116 1073 3155 me
1108 3118 1140 3154 a
1166 3102 1275 3172 lege
1304 3105 1505 3170 peccati
1552 3114 1603 3158 et
1652 3108 1862 3162 mortis.
1918 3107 2072 3161 Sicut
2124 3109 2288 3178 legem
2315 3136 2360 3197 ε

718 3192 917 3257 peccati
951 3201 1256 3261 peccatum,
1298 3194 1374 3247 ita
1404 3194 1565 3265 legem
1594 3196 1814 3264 spiritus
1858 3198 1976 3251 vitae
2007 3198 2283 3254 viviﬁcum

723 3285 975 3351 spiritum
1010 3284 1318 3353 appellarit.
1362 3284 1512 3353 Ejus,
1550 3286 1749 3356 inquit,
1788 3289 1959 3357 gratia
1996 3306 2092 3360 per
2127 3290 2284 3346 fidem

724 3375 778 3427 in
828 3373 1105 3429 Christum
1171 3375 1310 3430 duas
1365 3374 1464 3429 tibi
1542 3376 1825 3432 libertates
1879 3377 2124 3434 donavit.
2167 3380 2285 3437 Non

724 3467 899 3521 solum
927 3467 1071 3521 enim
1107 3465 1315 3537 peccati
1347 3466 1689 3520 dominatum
1729 3467 1926 3537 fregit,
1960 3471 2052 3525 sed
2095 3476 2289 3528 mortis

723 3558 885 3609 etiam
917 3556 1258 3625 tyrannidem
1292 3553 1581 3609 destruxit.
1626 3555 1795 3609 Porro
1830 3568 2008 3612 autem
2051 3562 2288 3615 ostendit

723 3650 885 3702 etiam
912 3663 1148 3719 quanam
1178 3662 1297 3702 eam
1337 3648 1549 3701 ratione
1578 3648 1932 3703 destruxerit.

797 3909 959 3965 Vens.
991 3910 1043 3964 5.
1084 3909 1227 3964 Nam
1259 3911 1397 3981 quod
1439 3911 1763 3978 impossibile
1794 3921 1908 3963 erat
1944 3912 2065 3982 legi,
2099 3915 2152 3968 in
2187 3931 2288 3986 quo

723 4001 1094 4071 in/irmabatur
1132 4019 1223 4071 per
1267 4020 1499 4057 carnem.
1542 4001 1656 4056 Non
1693 4012 1778 4057 est
1822 4020 1951 4074 ergo
2004 4007 2145 4062 mala
2179 4009 2287 4073 lex,

722 4094 813 4147 sed
862 4094 1003 4148 bona
1038 4094 1257 4164 quidem
1282 4134 1297 4159 ,
1329 4110 1517 4150 verum
1552 4097 1843 4165 impotens.
1892 4096 2163 4154 [inbecilla
2193 4117 2289 4155 au-A

722 4194 830 4239 tem
871 4195 1011 4252 erat,
1051 4202 1170 4257 quas
1227 4187 1445 4241 mortali
1481 4196 1679 4241 natura
1734 4188 1981 4257 praeditis
2029 4194 2288 4248 mandata

722 4280 897 4334 daret.
934 4282 991 4333 ln
1039 4282 1327 4350 praesentia
1362 4281 1506 4334 enim
1541 4297 1634 4351 per
1672 4290 1924 4337 sanctum
1956 4284 2285 4354 baptismum

720 4371 825 4439 81
854 4371 1071 4424 ari-ham
1103 4368 1529 4425 immortalitatis
1565 4373 1888 4442 accipimus.
1917 4372 2057 4429 Deus
2091 4374 2288 4430 Filium

2383 1922 2655 1985 λαύοντες,
2697 1923 2757 1974 ού
2794 1922 2941 1992 μόνοι
2986 1922 3128 1975 κατὰ
3155 1920 3263 1973 τῶν
3309 1920 3649 1990 παθημάτων
3680 1938 3962 1991 παρατατ-

2383 2013 2588 2083 τόμεθα
2605 2055 2618 2078 ,
2651 2012 2764 2066 ἀλλ’
2788 2011 3002 2082 ἐκείνην
3028 2010 3315 2081 ἐπίκουρον
3341 2009 3555 2079 ἔχοντες
3578 2007 3960 2079 περιγενέσθαι

2385 2106 2586 2159 τούτων
2633 2103 2925 2173 δυνάμεθα.
2995 2100 3127 2155 Εἶτα
3189 2104 3301 2155 τῶν
3351 2101 3657 2170 εἰρημένων
3704 2099 3962 2152 ἁπάντων

2386 2194 2683 2265 προσξέρει
2716 2193 2812 2261 τὴν
2842 2191 2996 2244 λύσιν
3018 2206 3030 2219 ⁸
3070 2192 3220 2257 ’Λρα
3250 2185 3365 2242 οὖν
3409 2188 3593 2254 αὐτὸς
3629 2187 3743 2255 ἐγὼ
3780 2187 3849 2239 ἐν
3878 2185 3963 2250 τῷ

2385 2288 2481 2339 νοῒ
2530 2286 2832 2339 δουλεύων
2882 2283 3041 2351 νόμῳ
3089 2280 3268 2343 Θεοῦ,
3316 2278 3397 2346 τῇ
3451 2278 3519 2331 δὲ
3568 2277 3747 2345 σαρκὶ
3799 2277 3963 2346 νόμῳ

2385 2379 2693 2447 ἁμαρτίας.

2910 2465 3307 2521 ΚΕΦΑΛΛΙΟΝ
3354 2464 3433 2518 H'.

2458 2565 2527 2613 α’.
2569 2557 2766 2611 Οὐδὲν
2806 2557 2920 2624 ἄρα
2953 2554 3281 2621 κατάκριμα
3319 2553 3438 2605 νῦν
3465 2551 3589 2615 τοῖς
3624 2551 3694 2604 ἐν
3730 2549 3963 2618 Χριστῷ

2398 2652 2621 2718 Ἰησοῦ,
2647 2650 2733 2718 μὴ
2756 2650 2906 2702 κατὰ
2927 2646 3124 2715 σάρκα
3152 2643 3602 2713 περιπατοῦσιν,
3628 2642 3789 2697 ἀλλὰ
3810 2642 3964 2698 κατὰ

2387 2743 2639 2812 πνεῦμα.
2692 2742 2767 2794 Οὐ
2814 2740 2922 2812 γὰρ
2969 2738 3310 2809 περιγίνεται
3356 2735 3449 2789 νῦν
3504 2734 3578 2805 μὴ
3627 2732 3961 2804 βουλομένων

2389 2833 2542 2901 ἡμῶν
2570 2831 2638 2884 τὰ
2668 2831 2984 2900 παθήματα,
3037 2827 3225 2898 ἐπειδὴ
3269 2825 3364 2879 τοῦ
3402 2825 3536 2878 Θεοῦ
3556 2827 3601 2858 ⁷⁸
3647 2824 3963 2894 Πνεύματος

2386 2924 2485 2991 τὴν
2512 2921 2672 2991 χάριν
2701 2918 3016 2989 δεδέγμεθα.

2463 3013 2527 3082 β’.
2581 3015 2645 3065 '0
2674 3016 2782 3081 γὰρ
2811 3012 2994 3079 νόμος
3033 3009 3140 3063 τοῦ
3172 3009 3519 3076 [Isi-stipator;
3558 3005 3670 3074 τῆς
3713 3004 3860 3071 ζωῆς
3893 3005 3965 3057 ἐν

2395 3103 2621 3173 Ἀριστῷ
2651 3103 2851 3171 Ἰησοῦ
2871 3101 3251 3169 ἠλευθέρωσέ
3265 3118 3342 3168 με
3371 3101 3489 3154 ἀπὸ
3511 3100 3616 3153 τοῦ
3644 3100 3830 3167 νόμου
3852 3095 3964 3164 τῆς

2394 3197 2685 3265 ἁμαρτίας
2702 3194 2919 3247 καὶτοῦ
2939 3192 3219 3247 θανάτου.
3238 3192 3451 3262 Ὥσπερ
3471 3192 3659 3255 νόμον
3673 3190 3965 3257 ἁμαρτίας

2389 3288 2487 3356 τὴν
2504 3286 2778 3356 ἁμαρτίαν
2801 3284 3074 3346 ἐκάλεσεν,
3089 3283 3228 3335 οὕτω
3245 3283 3431 3351 νόμον
3446 3281 3782 3348 πνεύματος
3814 3275 3965 3345 (diﬁc

2387 3378 2446 3430 τὸ
2476 3375 2734 3441 ζωοποιδν
2765 3373 3172 3445 προσηγόρευσε
3202 3372 3450 3441 Πνεῦμα.
3488 3371 3550 3422 Ἥ
3572 3369 3782 3432 τούτου,
3806 3369 3959 3436 φησι,

2389 3471 2545 3540 χάρις
2576 3468 2661 3521 διὰ
2689 3467 2785 3537 τὴν
2816 3468 2893 3531 είς
2925 3466 3014 3518 τὸν
3058 3465 3290 3535 Χριστὸν
3332 3464 3523 3516 πίστιν
3563 3461 3657 3515 δύο
3684 3477 3777 3514 -σοι
3814 3460 3964 3512 elau-

2390 3563 2574 3631 θερίας
2622 3560 2936 3631 δεδώρηται.
2990 3558 3063 3611 Οὐ
3104 3558 3264 3627 μόνον
3296 3556 3403 3623 γὰρ
3434 3556 3530 3625 τῆς
3563 3553 3836 3624 ἁμαρτίας
3864 3552 3962 3621 τὴν

2388 3653 2703 3707 δυναστείαν
2750 3652 3064 3711 κατέλυσεν,
3111 3649 3244 3701 ἀλλὰ
3297 3648 3391 3701 καὶ
3443 3646 3534 3699 τοῦ
3587 3646 3815 3698 θανάτου
3864 3642 3961 3714 τὴν

2394 3744 2673 3815 τυραννίδα
2716 3741 3077 3794 κατέπαυσεν.
3124 3738 3496 3791 Ύποδείκνυσι
3546 3736 3601 3788 δὲ
3632 3736 3725 3787 καὶ
3753 3733 3842 3785 τὸν
3865 3734 3960 3800 τῆς

2391 3838 2736 3898 καταλύσεως
2762 3836 2980 3906 τρόπον.

2461 3937 2529 3998 γ’.
2569 3930 2638 3983 Τὸ
2671 3928 2779 3998 γὰρ
2818 3926 3120 3981 ἀδύνατον
3153 3923 3259 3977 τοῦ
3296 3924 3504 3991 νόμου,
3543 3920 3612 3971 ἐν
3642 3911 3691 3983 ᾧ
3721 3916 3961 3984 ἠσθένει

2391 4022 2488 4076 διὰ
2521 4020 2628 4088 τῆς
2666 4019 2910 4087 σαρκός.
2961 4018 3037 4069 Οὐ
3072 4014 3249 4069 τοίνυν
3282 4012 3514 4082 πονηρὸς
3542 4011 3570 4061 ὀ
3618 4010 3798 4079 νόμος,
3845 4007 3958 4059 ἀλλ’

2391 4112 2592 4180 ἀγαθὸς
2628 4112 2745 4180 μὲν,
2800 4109 3058 4170 ἀδύνατος
3104 4106 3199 4159 δέ·
3249 4104 3465 4175 ἠσθένει
3508 4102 3564 4157 δὲ
3608 4104 3717 4164 τοῖς
3763 4100 3961 4170 θνητὴν

2391 4202 2551 4270 φύσιν
2572 4198 2970 4271 περικειμένοις
2994 4196 3090 4267 τὴν
3119 4195 3437 4267 νομοθεσίαν
3466 4192 3809 4262 προσφέρων.
3837 4190 3962 4243 Ἐπὶ

2390 4292 2496 4363 γὰρ
2524 4290 2617 4343 τοῦ
2650 4290 2912 4361 παρόντος
2941 4288 3029 4341 διά
3057 4285 3150 4339 τοῦ
3182 4285 3447 4352 παναγίου
3479 4282 3850 4353 βαπτίσματος
3871 4281 3962 4333 τὸν

2390 4385 2490 4453 τῆς
2541 4382 2839 4444 ἀθανασίας
2894 4378 3190 4451 ἀρραϐῶνα
3230 4375 3517 4446 δεχόμεθα.
3572 4376 3635 4427 ’0
3670 4373 3812 4438 Θεὸς
3856 4372 3963 4425 τὸν

721 4477 875 4511 suum
902 4462 1109 4514 mittens
1154 4462 1205 4529 in
1236 4461 1585 4515 similitudine
1614 4464 1789 4516 carnis
1836 4465 2070 4532 peccati,
2125 4476 2175 4520 et
2223 4468 2288 4522 de
2321 4532 2322 4537 η

2390 4472 2605 4526 ἑαυτοῦ
2637 4472 2769 4524 Υίὸν
2806 4469 3047 4537 πέμψας
3077 4468 3145 4520 ἐν
3182 4466 3495 4535 ὁμοιώματι
3533 4464 3758 4529 σαρκὸς
3782 4462 3962 4529 ἁμαρ-

720 4558 930 4617 ρρεεαιο
960 4550 1229 4605 damnavit
1254 4561 1523 4621 peceatum
1551 4554 1605 4607 in
1631 4571 1809 4608 carne.
1854 4554 1970 4609 Non
2001 4554 2139 4611 dixit
2177 4577 2189 4612 :
2227 4560 2286 4613 In

724 4640 1081 4695 similitudine
1113 4643 1318 4705 carnis,
1351 4642 1447 4697 sed
1485 4645 1539 4696 in
1576 4644 1928 4698 similitudine
1956 4646 2138 4700 carnis
2165 4665 2285 4715 pec-

722 4733 845 4785 cati.
876 4732 1136 4786 Naturam
1174 4735 1317 4788 enim
1363 4733 1655 4789 humanam
1690 4738 1921 4806 accepit,
1958 4738 2053 4792 sed
2094 4754 2287 4807 pecca-

725 4838 834 4880 tum
863 4827 1159 4883 humanum
1192 4844 1300 4883 non
1324 4831 1533 4901 accepit
1562 4849 1575 4885 :
1599 4838 1651 4886 et
1677 4831 1801 4887 ideo
1829 4832 1974 4901 quod
2000 4844 2281 4904 acceptum

722 4927 837 4983 est,
875 4933 981 4971 non
1018 4918 1428 4975 similitudinem
1472 4922 1657 4976 carnis
1682 4962 1698 4985 ,
1739 4922 1834 4977 sed
1870 4923 2279 4978 similitudinem

718 5008 907 5063 carnis
934 5010 1139 5077 peccati
1177 5010 1489 5080 appellavit.
1524 5011 1659 5066 Cum
1681 5013 1825 5065 enim
1849 5014 2094 5068 eamdem
2121 5029 2281 5083 quam

720 5113 821 5153 nos
868 5098 1091 5154 haberet
1123 5108 1374 5155 naturam
1399 5142 1413 5166 ,
1464 5117 1570 5157 non
1604 5102 1795 5159 habuit
1829 5104 2072 5158 eamdem
2119 5120 2282 5174 quam

724 5205 822 5244 nos
850 5190 1179 5246 sententiam
1198 5202 1251 5248 et
1277 5201 1537 5248 mentem.
1567 5195 1707 5250 Dicit
1738 5202 1918 5250 autem
1956 5197 2126 5267 quod.
2159 5213 2284 5252 cum

722 5280 803 5333 lex
828 5296 935 5336 non
966 5283 1236 5352 potuisset
1270 5299 1429 5340 suum
1461 5285 1773 5341 institutum
1803 5288 2048 5357 implere,
2065 5297 2287 5359 propter

718 5386 930 5436 eorum,
950 5373 1251 5443 quibuslex
1269 5377 1523 5443 dabatur,
1544 5378 1966 5433 imbecillitatem
1988 5379 2281 5452 (habebant

2394 4566 2543 4630 τίας,
2579 4563 2674 4615 καὶ
2706 4563 2838 4628 περὶ
2869 4559 3159 4628 ἁμαρτίας
3192 4556 3501 4624 κατέκρινε
3530 4555 3643 4621 τὴν
3672 4553 3962 4622 ἁμαρτίαι·

2391 4655 2464 4707 ἐν
2487 4653 2560 4722 τῇ
2588 4652 2787 4721 σαρκί.
2814 4652 2925 4703 Οὐκ
2947 4646 3119 4714 εἶπεν,
3137 4648 3223 4701 Ἑν
3248 4646 3550 4717 ὁμοιώματι
3578 4645 3799 4715 σαρκὸς,
3822 4644 3960 4705 ἀλλ’,

2404 4745 2506 4797 ‘Er
2531 4744 2844 4813 ὁμοιώματι
2869 4742 3095 4809 σαρκός
3142 4740 3447 4809 ἁμαρτίας.
3495 4737 3659 4790 Φύσιν
3707 4736 3806 4806 μὲν
3853 4736 3961 4805 γὰρ

2388 4836 2733 4905 ἀνθρωπείαν
2813 4834 3040 4897 ἔλαὸεν,
3119 4832 3389 4903 ἁμαρτίαν
3481 4829 3539 4882 δὲ
3620 4828 3965 4897 ἀνθρωπείαν

2386 4927 2487 4979 ούκ
2561 4925 2741 4978 έλαόε.
2816 4926 3019 4977 Τούτου
3096 4923 3159 4992 δὴ
3234 4922 3426 4992 χάριν,
3491 4921 3551 4973 τὸ
3606 4919 3808 4989 ληφθὲν
3862 4918 3961 4989 οὔχ

2381 5016 2628 5086 ὁμοίωμα
2692 5015 2932 5086 σαρκὸς,
3010 5012 3123 5066 ἀλλ’
3187 5012 3438 5082 ὁμοίωμα
3508 5009 3707 5078 σαρκὸς
3779 5010 3963 5078 ἁμαρ-

2381 5106 2502 5169 τίας
2532 5106 2754 5159 ἐκάλεσε
2794 5123 2805 5135 ·
2856 5107 2956 5176 τὴν
2984 5104 3091 5175 γὰρ
3123 5104 3292 5173 αὐτὴν
3322 5103 3459 5172 ἔχων
3489 5101 3648 5171 φύσιν
3683 5102 3833 5172 ἡμῖν,
3860 5100 3965 5171 τὴν

2385 5197 2553 5266 αὐτὴν
2587 5199 2685 5249 οὐκ
2714 5197 2837 5266 ἔσχε
2867 5198 2995 5267 ἡμῖν
3025 5193 3267 5264 γνώμην.
3310 5194 3475 5260 Λέγει
3503 5193 3559 5244 δὲ
3592 5191 3673 5243 ὅτι
3694 5231 3708 5254 ,
3740 5186 3843 5242 τοῦ
3874 5191 3967 5242 νό-

2393 5306 2493 5357 μου
2529 5289 2602 5359 μὴ
2634 5288 2951 5358 δυνηθέντος
2981 5286 3072 5339 τὸν
3100 5287 3299 5338 οἰκεῖον
3339 5282 3690 5354 ἐκπληρῶσαι
3738 5278 3959 5342 σκοπὸν,

2391 5381 2477 5433 διὰ.
2504 5381 2602 5450 τὴν
2633 5380 2739 5432 τῶν
2771 5376 3242 5450 νομοθετουμένων
3290 5373 3571 5429 ἀσθένειαν
3605 5369 3823 5443 (θνητὴν
3852 5368 3963 5441 γὰρ

2016 5529 2245 5587 νΑιιιΑε
2286 5531 2684 5587 LECTIONES.

806 5687 853 5720 "
887 5685 1274 5760 ETheodoreti
1330 5690 1779 5757 interpretatione
1831 5690 2117 5758 legendum
2146 5708 2269 5746 esse
2298 5691 2614 5760 suspicatur
2658 5690 2856 5744 Millius
2908 5709 2918 5741 :
2964 5690 3123 5757 χάρις
3174 5688 3269 5743 τού
3298 5683 3601 5759 Bsoii,quod
3653 5691 3707 5740 ct
3752 5681 3963 5738 habent

715 5757 807 5816 alii
847 5774 1006 5830 quam
1037 5759 1236 5830 plures.
1317 5762 1361 5795 ⁷·
1393 5763 1436 5815 Α
1465 5762 1897 5831 παρασχόμενος.

1977 5762 2019 5793 τ’
2051 5765 2095 5817 Α
2128 5762 2216 5817 τοῦ
2250 5762 2416 5820 θείου.
2453 5763 2673 5822 llert‘ct.
2715 5761 2888 5817 divini
2923 5760 3189 5832 Spiritus.
