4194 6432
772 366 866 433 131

1819 365 2304 426 TIIEODORETI
2347 363 2681 424 EI’ISCOPI
2723 365 3086 427 CYRENSIS

3913 367 4015 434 132

763 479 817 529 in
864 475 1054 545 spiritu
1084 493 1102 531 .'
1135 477 1183 531 si
1223 487 1394 530 tamen
1427 475 1522 530 Dei
1551 475 1783 545 Spiritus
1822 478 2026 531 habitat
2072 478 2126 529 in
2165 477 2330 529 vobis.

2441 479 2760 546 Πνεύματι,
2783 477 2950 545 ειπερ
2973 478 3216 548 Πνεῦμα
3240 477 3387 532 Θεοῦ
3408 478 3559 532 οικεῖ
3573 480 3642 532 ὲν
3664 478 3825 546 ὑμῖν.
3843 478 4016 548 Δῆλον

764 567 1112 623 Manifestum
1154 577 1238 623 est
1270 583 1366 624 eos
1414 585 1521 622 non
1575 569 1744 623 fuisse
1801 571 2159 637 incorporeos
2185 609 2198 630 ,
2237 568 2330 635 qui

763 660 906 712 hanc
940 659 1252 712 doctrinam
1287 659 1660 728 suscipiebant
1696 677 1709 712 :
1741 659 1835 713 sed
1881 658 2016 712 dicit
2061 674 2159 712 eos
2208 673 2331 709 car-

763 751 982 804 nalibus
1011 751 1521 820 perturbationibus
1546 765 1667 805 esse
1691 751 2024 820 superiores,
2051 758 2106 803 et
2131 749 2334 802 habere

765 842 1163 896 inhabitantem
1215 843 1391 896 sancti
1427 842 1672 911 Spiritus
1722 843 1980 913 gratiam.
2035 843 2116 894 lta
2166 840 2331 894 etiam

761 935 898 986 dixit
934 933 1249 988 Dominus!
1304 935 1586 1004 apostolos
1637 951 1744 988 non
1783 948 1906 988 esse
1945 949 2014 988 ex
2067 933 2271 985 mundo
2316 948 2330 985 :

765 1042 872 1079 non
904 1029 1048 1096 quod
1078 1026 1300 1080 aliunde
1329 1037 1553 1093 essent,
1595 1026 1692 1080 sed
1728 1025 1874 1095 quod
1917 1037 2104 1080 essent
2133 1022 2334 1078 mortui

766 1120 990 1172 mundo.
1022 1116 1081 1171 Si
1113 1119 1229 1187 quis
1261 1128 1437 1171 autem
1463 1118 1719 1186 Spiritum
1766 1115 1966 1171 Christi
2019 1134 2121 1169 non
2154 1114 2329 1180 habet,

764 1207 844 1259 hic
872 1223 974 1258 non
1018 1217 1094 1259 est
1141 1207 1278 1274 ejus.
1337 1207 1607 1273 Quoniam
1641 1208 1822 1276 posuit
1857 1207 1989 1260 illud
2043 1205 2102 1260 Si
2135 1216 2330 1267 autem,

759 1303 812 1346 et
849 1296 951 1348 hoc
997 1295 1358 1351 dubitationis
1389 1305 1512 1359 est,
1563 1297 1760 1351 merito
1807 1297 2130 1364 subjunxit,
2183 1294 2332 1365 quod

758 1386 1014 1456 quisquis
1061 1396 1145 1443 est
1195 1388 1361 1456 hujus
1397 1389 1589 1458 gratiae
1618 1405 1850 1459 expers,
1905 1389 2108 1442 nullam
2139 1388 2334 1442 haheat

759 1494 882 1530 cum
931 1480 1152 1533 Christo
1215 1482 1554 1535 societatem.
1608 1483 1673 1534 Et
1721 1481 1978 1551 quoniam
2042 1481 2143 1535 hoc
2196 1482 2332 1535 satis

758 1579 875 1622 erat
930 1571 997 1622 ad
1051 1585 1147 1624 eos
1200 1573 1294 1641 qui
1348 1572 1645 1627 audiebant
1681 1573 2104 1642 perterrendos,
2141 1588 2235 1642 per
2265 1587 2331 1626 ea

758 1676 877 1729 qure
903 1672 1209 1730 sequuntur
1238 1664 1392 1717 atfert
1424 1665 1722 1718 remedium
1755 1683 1767 1717 :

829 1749 996 1807 Vens.
1037 1755 1121 1806 10.
1149 1753 1206 1807 Si
1234 1763 1405 1807 autem
1439 1753 1685 1808 Christus
1720 1757 1774 1808 in
1815 1756 1958 1808 vobis
2003 1764 2101 1820 est,
2139 1769 2327 1822 corpus

2436 567 2492 619 δὲ
2521 567 2594 630 ὡς
2622 568 2720 620 οὐκ
2754 569 3036 639 ἀσώματοι
3065 566 3207 641 ἦσαν
3252 573 3302 624 οἱ
3341 571 3499 642 τήνδε
3534 571 3632 642 τὴν
3659 571 4014 624 διδασκαλίαν

2436 656 2756 727 δεχόμενοι·
2807 659 2943 712 ἀλλά
2991 660 3272 730 κρείττους
3319 662 3517 724 αὐτοὺς
3563 661 3667 732 ἔφη
3716 657 3853 715 εἶναι
3897 661 4013 715 τῶν

2437 750 2714 818 σαρκικῶν
2745 751 3103 821 παθημάτων,
3144 753 3239 805 καὶ
3266 753 3359 806 τοῦ
3394 753 3658 821 παναγίου
3690 754 4012 824 Πνεῦματος

2434 841 2640 895 ἔνοικον
2670 843 2813 912 ἔχειν
2842 844 2941 914 τὴν
2986 846 3166 914 χάριν.
3218 845 3374 898 Οὕτω
3402 846 3495 899 καὶ
3521 847 3646 910 τοὺς
3677 847 4012 910 ἀποστόλους

2434 933 2539 1003 ἔφη
2566 935 2595 986 ὁ
2629 934 2832 1006 Κύριος
2884 935 2958 1005 μὴ
2989 933 3128 988 εἶναι
3157 938 3220 988 ὲκ
3250 937 3342 989 τοῦ
3373 937 3580 1007 κόσμου
3610 953 3622 965 ·
3673 939 3775 990 οὐκ
3817 936 4009 1007 ἐπειδὴ

2434 1022 2654 1076 ἄλλοθεν
2682 1020 2840 1093 ἦσαν,
2873 1025 2988 1077 ἀλλ’
3015 1026 3096 1078 ὅτι
3117 1028 3299 1096 νεκροὶ
3329 1022 3464 1096 ἦσαν
3492 1025 3570 1094 τῷ
3599 1026 3806 1096 κόσμῳ.
3840 1030 3905 1082 Ei
3937 1026 4009 1079 δέ

2435 1131 2522 1181 τις
2555 1116 2798 1184 Πνεῦμα
2838 1117 3094 1185 Χριστοῦ
3127 1119 3238 1170 οὐκ
3272 1119 3416 1186 ἕχει,
3471 1114 3649 1184 οὗτος
3688 1122 3798 1173 οὐκ
3834 1119 4011 1172 ἔστιν

2433 1205 2640 1258 αὐτοῦ.
2681 1207 2900 1276 Ἐπειδὴ
2930 1209 3008 1270 τὸ,
3037 1207 3229 1275 ειπερ,
3264 1208 3526 1273 τέθεικεν,
3575 1208 3904 1277 ἀμφιϐολίας
3950 1207 4009 1260 δὲ

2433 1295 2589 1349 τοῦτό
2638 1295 2816 1361 ἔστιν,
2861 1298 3085 1361 εἰκότως
3132 1299 3433 1369 ἐπήγαγεν,
3467 1299 3542 1361 ὼς
3590 1299 3618 1351 ό
3651 1298 3851 1367 ταύτης
3896 1297 4004 1366 τῆς

2434 1389 2651 1458 χάριτος
2680 1387 2905 1458 ἄμοιρος
2931 1389 3186 1458 οὐδεμίαν
3219 1390 3332 1459 ἕχει
3379 1390 3517 1459 πρὸς
3564 1389 3653 1442 τὸν
3705 1391 3937 1460 Χριστὸν
3960 1391 4004 1420 ⁸³

2433 1480 2734 1534 κοινωνίαν.
2789 1482 2896 1534 Καὶ
2935 1480 3122 1551 ἐπειδὴ
3165 1483 3347 1535 ίκανὸν
3388 1479 3457 1554 ἦν
3502 1483 3660 1537 τοῦτο
3694 1486 3819 1546 τοὺς
3860 1483 4009 1552 δεχο-

2436 1572 2629 1640 μένους
2659 1570 2880 1642 πλῆξαι,
2914 1572 3002 1624 διά
3033 1573 3139 1625 τῶν
3170 1573 3295 1643 ἑξῆς
3324 1573 3647 1643 θεραπεύει·

2507 1753 2558 1800 ι’.
2585 1748 2654 1799 El
2689 1745 2757 1799 se
2788 1747 3040 1815 Χριστὸς
3080 1747 3231 1800 οἰκεῖ
3247 1748 3290 1780 ⁶²
3313 1749 3382 1801 ἐν
3408 1748 3569 1817 ὑμῖν,
3601 1749 3666 1800 τὸ
3686 1749 3804 1817 μὲν
3831 1747 4006 1816 σῶμα

757 1844 962 1910 quidem
995 1854 1259 1896 mortuum
1289 1855 1366 1897 est
1395 1858 1605 1914 propter
1624 1856 1926 1915 peccatum;
1959 1848 2177 1913 spiritus
2212 1863 2327 1899 vero

2430 1838 2644 1906 νεκρὸν
2675 1838 2748 1891 δι’
2785 1839 3077 1906 ἁμαρτίαν
3094 1839 3161 1905 ⁸³,
3189 1839 3255 1891 τὸ
3281 1839 3350 1891 δὲ
3377 1839 3613 1909 πνεῦμα
3638 1839 3748 1907 ζωὴ
3782 1839 3878 1892 διὰ
3917 1840 4008 1891 δι-

757 1935 879 1986 rivit
915 1947 1127 2002 propter
1183 1935 1647 2004 justiﬁcationem.
1687 1937 1758 1990 Ea
1790 1953 1912 2006 quas
1958 1939 2121 1991 dubia
2170 1947 2327 1991 erant

757 2022 1050 2077 manifesta
1104 2024 1362 2090 reddidit,
1399 2037 1449 2080 et
1473 2027 1715 2080 ostendit
1751 2042 1808 2080 se
1834 2041 2056 2080 carnem
2100 2042 2206 2080 non
2235 2042 2327 2080 ac-

753 2130 971 2178 cusare,
995 2115 1090 2170 sed
1117 2114 1617 2185 peccatumriussit
1643 2117 1787 2170 enim
1815 2133 2017 2187 corpus
2049 2131 2323 2172 mortuum

754 2221 879 2259 esse
933 2215 1181 2274 peccato,
1216 2206 1267 2259 id
1299 2215 1407 2269 est,
1436 2222 1545 2260 non
1583 2206 1760 2262 facere
1798 2218 2106 2277 peccatum.
2156 2209 2320 2274 Spiri-

753 2306 1068 2351 tumautem
1100 2297 1192 2350 hic
1232 2298 1472 2352 animum
1509 2300 1828 2368 appellavit,
1861 2308 1918 2352 ut
1952 2315 2073 2369 qua:
2099 2301 2171 2354 sit
2212 2302 2322 2370 jam

754 2388 892 2440 facta
921 2388 1213 2457 spiritalis.
1261 2388 1399 2443 Huic
1449 2390 1697 2460 praecipit
1727 2403 1784 2445 ut
1812 2391 2092 2460 justitiam
2135 2409 2323 2462 perse-

750 2489 973 2547 qtmtur,
1007 2480 1168 2548 cujus
1204 2480 1414 2536 fructus
1449 2482 1792 2550 espetendus
1827 2492 1911 2537 cst
1950 2484 2082 2538 vita.

827 2572 988 2624 Vens.
1028 2571 1114 2625 il.
1166 2573 1317 2637 Quod
1375 2575 1422 2629 si
1457 2574 1687 2642 Spiritus
1737 2575 1872 2644 ejus,
1919 2577 2007 2645 qui
2046 2579 2321 2630 suscitavit

748 2660 932 2716 Jesum
988 2680 1021 2714 α
1066 2666 1308 2730 mortuis,
1347 2665 1554 2717 habitat
1597 2667 1651 2717 in
1696 2665 1884 2718 vobis:
1920 2668 2012 2735 qui
2047 2669 2321 2721 suscitavit

750 2753 1016 2806 Christum
1060 2771 1092 2806 a
1123 2757 1364 2818 mortuis,
1403 2756 1686 2824 viviﬁcabit
1719 2769 1766 2809 et
1817 2759 2068 2811 mortalia
2103 2775 2322 2827 corpora

748 2853 943 2904 vestra,
973 2855 1185 2912 propter
1235 2845 1556 2899 habitantem
1611 2846 1868 2914 Spiritum
1909 2847 2022 2916 ejus
2062 2850 2117 2901 in
2151 2850 2317 2906 vobis.

750 2935 857 3004 Spe
901 2937 1012 3008 84
1042 2937 1359 2991 futurorum
1397 2939 1716 2994 consolatus
1751 2947 1856 3002 est,
1899 2948 1953 2993 et
1983 2941 2062 2995 eis
2112 2951 2317 2995 rectam

747 3029 1089 3084 alacritatem
1143 3029 1353 3084 addidit
1386 3030 1453 3084 ad
1488 3031 1781 3100 praesentia
1822 3033 2148 3086 certamina.
2179 3031 2317 3086 Pro—

750 3118 958 3186 pcdiem
987 3119 1157 3184 enim,
1193 3121 1394 3190 inquit,
1417 3131 1578 3176 erunt
1607 3137 1839 3190 corpora
1863 3131 2045 3177 vestra
2092 3124 2317 3176 immor-
2347 3147 2390 3204 ο

742 3208 876 3264 talia
929 3218 983 3262 ct
1022 3212 1306 3279 superiora
1336 3214 1405 3267 iis
1437 3230 1559 3283 qua:
1585 3214 1834 3267 molestia
1860 3229 2007 3267 nunc
2051 3213 2316 3280 alliciunt,

750 3300 1279 3372 [ertnrbationibus
1323 3301 1435 3356 lloc
1463 3312 1644 3358 autem
1684 3302 1842 3358 faciet
1873 3303 1989 3372 ipse
2025 3303 2167 3358 Deus
2196 3305 2321 3356 uni-

744 3405 1051 3454 versorum,
1091 3393 1184 3462 qni
1222 3409 1368 3447 nunc
1397 3395 1555 3449 vobis
1585 3394 1827 3463 Spiritus
1860 3396 2080 3448 arrham
2112 3396 2318 3449 libera-

745 3483 872 3536 liter
927 3485 1177 3549 prmhuit.
1222 3484 1382 3539 Dedit
1412 3493 1594 3540 autem
1639 3487 1774 3555 ipsis
1798 3487 1964 3541 etiam
1999 3488 2199 3556 pignus
2241 3503 2320 3542 rc-

745 3577 1137 3640 surrcctiOuis,
1187 3577 1649 3631 resurrectionem
1703 3578 1910 3631 Christi
1963 3594 1992 3631 a
2058 3581 2311 3634 mortuis.

747 3665 940 3720 Docuit
974 3675 1154 3719 autem
1199 3682 1300 3722 nos
1331 3668 1498 3722 etiam
1529 3669 1583 3720 in
1615 3668 1700 3723 his
1733 3669 1917 3722 verbis
1943 3685 2106 3721 unam
2168 3669 2314 3723 Divi-

744 3760 932 3810 nitatis
952 3767 1224 3811 naturam.
1253 3757 1516 3811 Sanctum
1545 3759 1690 3813 enim
1727 3758 1987 3828 Spiritum
2020 3770 2073 3814 et
2098 3759 2192 3813 Dei
2219 3776 2313 3830 ap-

743 3850 984 3917 pellavit,
1037 3859 1089 3902 ct
1119 3847 1368 3902 Christi:
1416 3863 1523 3902 non
1585 3851 1753 3917 quod.
1801 3857 1860 3902 nt
1909 3851 2100 3903 volunt
2153 3866 2314 3906 exse-

742 3941 932 3993 t-randi
984 3940 1252 4004 haeretici,
1286 3956 1352 3994 ex
1401 3941 1511 3995 Deo
1564 3957 1661 4010 per
1717 3940 1912 3994 Filium
1944 3951 2164 3997 creatus
2215 3944 2308 4006 sit,

741 4030 835 4084 sed
867 4033 994 4100 quia
1026 4039 1110 4086 est
1140 4031 1388 4105 ejusdem
1419 4047 1543 4085 cum
1576 4031 1737 4086 Patre
1760 4039 1814 4086 et
1864 4033 2006 4086 Filio
2045 4033 2308 4086 substan-

741 4124 844 4185 ιὶιυ,
875 4131 928 4174 et
967 4138 1030 4176 ex
1075 4121 1234 4177 Patre
1282 4121 1500 4191 quidem
1535 4122 1802 4191 procedit,
1855 4123 2009 4191 juxta
2059 4122 2307 4193 Evange-

741 4214 937 4264 liurutn
970 4212 1277 4266 doctrinam
1310 4228 1323 4262 :
1355 4213 1475 4281 ejus
1508 4220 1688 4266 autem
1727 4215 1902 4281 gratia
1933 4214 2000 4267 iis
2027 4214 2121 4282 qui
2157 4213 2306 4283 digni

788 4313 916 4356 sunt
963 4319 1057 4372 per
1090 4302 1372 4357 Christum
1424 4305 1823 4372 suppeditatur.
1879 4302 2064 4375 Pergit
2121 4314 2302 4358 autem

735 4397 952 4457 docere,
993 4395 1272 4464 quomodo
1305 4410 1408 4449 nos
1439 4403 1692 4464 Oporteat
1716 4397 1934 4450 vincere
1958 4398 2149 4451 carnis
2188 4411 2307 4465 per-

737 4486 1107 4542 turbationes.

805 4575 970 4632 Vens.
1005 4578 1092 4630 19..
1130 4575 1270 4645 Ergo
1301 4577 1558 4631 debitores
1593 4593 1772 4630 sumus
1802 4593 1904 4630 non
1937 4578 2109 4640 carni,
2137 4587 2194 4631 ut
2217 4596 2300 4631 se-

735 4669 962 4722 cundant
995 4683 1202 4721 carnem
1233 4668 1487 4722 vivamus.
1529 4667 1666 4721 Nam
1717 4683 1843 4722 cum
1881 4683 1910 4720 a
1945 4667 2170 4722 Christo
2198 4667 2308 4723 Do--

737 4759 884 4811 mino
929 4757 1158 4810 salutem
1187 4757 1428 4810 assecuti
1460 4757 1658 4820 simus,
1692 4768 1746 4811 et
1791 4755 2299 4829 Spiritus-gratiam

735 4850 1134 4919 acceperimus,
1162 4849 1482 4904 servitutem
1530 4850 1606 4904 illi
1643 4850 1928 4906 debemus.

811 5021 968 5074 Vens.
997 5021 1082 5076 i3.
1117 5020 1177 5075 Si
1198 5022 1335 5075 enim
1359 5025 1643 5076 secundum
1665 5041 1874 5078 carnem
1899 5027 2090 5093 vivitis,
2111 5029 2302 5080 morie-

734 5115 883 5169 mini.
917 5143 986 5155 —
1036 5114 1332 5169 Secundum
1385 5131 1627 5181 carnem,
1696 5117 1798 5172 hoc
1843 5126 1966 5183 est,
2018 5120 2063 5172 si
2117 5121 2300 5174 carnis

783 5306 807 5352 1
833 5297 1008 5351 Calat.
1050 5314 1102 5363 ι’,
1136 5297 1226 5354 25.

2429 1929 2780 1994 καιοσύνην.
2803 1926 2946 1996 Δῆλα
2977 1927 3244 1998 πεποίηκε
3281 1929 3343 1982 τὰ
3363 1929 3660 1999 ἀμφίϐολα,
3680 1931 3772 1982 καὶ
3802 1928 4006 1993 ἔδειξεν

2428 2021 2502 2082 ὡς
2533 2021 2592 2071 οὑ
2648 2019 2747 2088 τῆς
2803 2019 3003 2090 σαρκὸς
3033 2023 3367 2090 κατηγορεῖ,
3397 2020 3532 2073 ἀλλὰ
3558 2022 3659 2090 τῆς
3706 2021 4003 2092 ἁμαρτίας.

2551 2110 2659 2181 γὰρ
2706 2112 2951 2182 ἁμαρτίᾳ
3007 2113 3305 2182 προσέταξε
3353 2113 3414 2164 τὸ
3471 2113 3630 2183 σῶμα
3658 2112 3704 2144 ⁸³
3750 2112 4006 2181 γενέσθαι

2427 2204 2637 2274 νεκρὸν,
2665 2204 2785 2255 ἀντὶ
2814 2203 2928 2269 τοῦ,
2951 2205 3047 2274 τὴν
3078 2206 3351 2276 ἁμαρτίαν
3378 2204 3452 2273 μὴ
3483 2204 4007 2276 ὲνεργεῖν.11νεῦμα

2425 2295 2480 2347 δὲ
2505 2294 2736 2348 ἐνταῦθα
2754 2297 2798 2327 ⁸⁵
2825 2297 2923 2366 τὴν
2955 2297 3131 2367 ψυχὴν
3158 2299 3615 2368 προσηγόρευσεν,
3644 2298 3719 2359 ὡς
3756 2313 4004 2365 πνευμα-

2425 2384 2581 2456 τικὴν
2605 2386 2705 2456 ἤδη
2735 2387 3131 2458 γεγενημένην.
3182 2388 3224 2438 Τ
3228 2388 3365 2458 αύτῃ
3404 2389 3646 2457 μετιέναι
3666 2387 3765 2457 τὴν
3789 2387 4003 2439 δικαιο-

2427 2477 2590 2547 σύνην
2620 2479 2853 2542 κελεύει,
2879 2475 2946 2550 ἧς
2984 2480 3196 2552 καρπὸς
3229 2480 3552 2551 ἀξιέραστος
3584 2482 3616 2550 ἡ
3651 2480 3784 2550 ζωή.

2497 2575 2586 2622 ια’.
2609 2571 2738 2622 Et“
2772 2570 2835 2622 δὲ
2868 2571 2934 2624 τὸ
2968 2572 3210 2640 Πνεῦμα
3237 2572 3340 2626 τοῦ
3370 2573 3705 2639 ἐγείραντος
3758 2569 4008 2637 Ἰησοῦν·

2423 2659 2490 2711 ἐκ
2526 2660 2754 2728 νεκρῶν
2784 2661 2934 2714 οἰκεῖ
2962 2662 3031 2714 ἐν
3077 2662 3238 2730 ὑμῖν,
3273 2666 3304 2715 ό
3341 2663 3574 2731 ἐγείρας
3612 2662 3717 2714 τὸν
3743 2662 4007 2729 Χριστὸν

2422 2751 2491 2804 ἐκ
2511 2752 2740 2820 νεκρῶν
2762 2752 3107 2822 ζωοποιήσει
3133 2753 3230 2806 καί
3252 2753 3324 2806 τὰ
3344 2753 3531 2820 θνητὰ
3550 2753 3793 2821 σώματα
3812 2751 4002 2820 ὑμῶν,

2423 2846 2519 2900 διὰ
2551 2847 2616 2898 τὸ
2641 2846 2848 2900 οἰκοῦν
2880 2847 3068 2900 αὑτοῦ
3101 2846 3346 2915 Πνεῦμα
3366 2847 3435 2898 ἐν
3472 2845 3633 2915 ὑμῖν.
3677 2844 4003 2914 Ἑψυχαγὼ-

2423 2953 2558 3006 γησε
2593 2937 2636 2968 δ’
2662 2940 2730 3006 τῇ
2782 2936 2891 2989 τῶν
2930 2936 3232 3006 μελλόντων
3290 2937 3501 3001 ἐλπίδι,
3547 2935 3642 2987 καὶ
3681 2934 3910 2987 δέδωκεν
3953 2932 4003 2964 ⁸⁸

2427 3026 2614 3097 ἱκανὴν
2649 3027 2956 3097 προθυμίαν
2983 3028 3062 3090 εἰς
3111 3028 3238 3090 τοὺς
3291 3027 3566 3097 παρόντας
3610 3023 3843 3091 ἀγῶνας.
3883 3021 4004 3074 Οὐκ

2424 3119 2502 3180 είς
2535 3119 2752 3188 μακρὰν
2781 3118 2911 3186 γὰρ.
2944 3120 3128 3188 φησιν,
3158 3119 3400 3171 ἀθάνατα
3433 3115 3587 3185 ὑμῶν
3618 3115 3768 3167 ἔσται
3796 3114 3863 3166 τὰ
3893 3111 4007 3163 σώ-

2425 3224 2570 3277 ματα
2593 3248 2606 3270 ,
2635 3209 2726 3260 καὶ
2757 3208 3039 3278 κρείττονα
3070 3208 3177 3260 τῶν
3219 3207 3313 3260 νῦν
3352 3205 3710 3276 ἐνοχλούντων
3742 3203 4006 3273 παθημά-

2419 3315 2527 3350 των
2566 3299 2875 3366 γενήσεται.
2903 3300 3124 3369 Ποιήσει
3167 3298 3223 3349 δὲ
3268 3298 3425 3352 τοῦτο
3471 3297 3631 3358 αὐτὸς
3658 3297 3686 3346 ὁ
3717 3295 3824 3348 τῶν
3860 3295 4004 3347 ὅλων

2420 3389 2744 3453 Θεὸς,ὁνῦν
2805 3392 2933 3459 ὑμῖν
2994 3390 3087 3443 τοῦ
3145 3390 3461 3458 ΙΙνεύματος
3515 3388 3605 3440 τὸν
3638 3385 3930 3458 ἀρραϐῶνα
3951 3386 4002 3417 ⁸⁸

2420 3481 2714 3553 παρασχὼν
2747 3481 3064 3550 φιλοτίμως.
3097 3481 3305 3533 Δέδωκε
3330 3479 3385 3532 δὲ
3408 3479 3589 3540 αὐτοῖς
3617 3478 3709 3530 καὶ
3743 3475 4003 3546 ἐνέχυρον

2417 3575 2515 3642 τῆς
2547 3575 2916 3638 ἀναστάσεως,
2951 3574 3046 3626 τοῦ
3098 3571 3333 3644 Χριστοῦ
3375 3573 3473 3640 τὴν
3517 3573 3828 3624 ἀνάστασιν.
3861 3567 4003 3618 Ἐδί-

2416 3664 2538 3728 δαξε
2577 3666 2633 3718 δὲ
2681 3666 2829 3735 ἡμᾶς
2859 3665 2948 3717 διὰ
2988 3664 3096 3717 τῶν
3138 3665 3440 3734 εἰρημένων
3471 3664 3564 3715 καὶ
3608 3660 3704 3731 τὴν
3737 3661 3864 3730 μίαν
3893 3660 4002 3728 τῆς

2416 3755 2667 3825 θεότητος
2698 3757 2879 3823 φύσιν.
2927 3756 3001 3807 Τὸ
3030 3756 3138 3825 γὰρ
3173 3754 3438 3822 πανάγιον
3484 3752 3709 3822 Πνεῦμα
3731 3753 3824 3804 καὶ
3855 3751 4001 3804 Θεοῦ

2417 3849 2822 3916 προσηγόρευσε
2847 3886 2862 3909 ,
2891 3848 2986 3898 καὶ
3015 3846 3252 3915 Χριστοῦ
3282 3861 3294 3873 ’
3326 3845 3425 3898 οὐκ
3459 3844 3667 3913 ἐπειδὴ,
3696 3843 3835 3896 κατά
3864 3842 4000 3904 τοὺς

2412 3939 2759 4009 δυσωνύμους
2811 3941 3144 4008 αίρετικοὺς,
3178 3941 3242 3992 ὲκ
3271 3939 3366 3992 τοῦ
3416 3938 3551 3990 Θεοῦ
3601 3937 3688 3989 διά
3721 3937 3815 3989 τοῦ
3858 3936 3996 3988 Υίοῦ

2411 4031 2867 4101 δεδημιούργηται
2896 4049 2910 4062 ο
2942 4031 3056 4084 ἀλλ’
3089 4032 3276 4101 ἐπειδὴ
3310 4029 3597 4100 ὀμοούσιόν
3627 4031 3743 4081 ἔστι
3778 4027 3997 4097 Πατρὸς

2411 4124 2504 4175 καὶ
2527 4121 2678 4186 Υἱοῦ,
2711 4124 2804 4174 καὶ
2830 4126 2892 4175 ὲκ
2939 4124 3147 4194 [ἰατρὸς
3180 4123 3278 4193 μὲν
3326 4122 3682 4194 ἐκπορεύεται
3713 4121 3854 4175 κατὰ
3886 4121 3996 4190 τὴν

2410 4213 2517 4266 τῶν
2553 4214 2900 4281 Εὑαγγελίων
2922 4215 3288 4280 διδασκαλίαν,
3324 4219 3356 4285 ἡ
3388 4216 3444 4268 δὲ
3471 4216 3662 4268 τούτου
3691 4215 3848 4286 χάρις
3873 4217 3996 4278 τοῖς

2409 4304 2579 4369 ἀξίοις
2607 4304 2693 4358 διὰ
2723 4305 2812 4357 τοῦ
2862 4306 3101 4376 Χριστοῦ
3153 4309 3490 4377 χορηγεῖται.
3523 4308 3800 4376 Ἐπιμένει
3828 4306 3883 4359 δὲ
3909 4307 3993 4359 διο

2407 4397 2642 4463 δάσκων,
2672 4398 2818 4460 ὅπως
2847 4398 2951 4469 χρὴ
2989 4399 3366 4469 περιγενέσθαι
3389 4400 3497 4450 τῶν
3520 4399 3617 4467 τῆς
3653 4400 3853 4469 σαρκὸς
3881 4415 3997 4451 παι

2340 4496 2383 4550 D
2410 4485 2687 4554 θημάτων.

2479 4576 2566 4645 ιβ’.
2603 4579 2741 4644 ¹Ἀρα
2763 4575 2877 4633 οὖν
2921 4580 3219 4648 ὀφειλέται
3245 4580 3434 4648 ἐσμὲν
3461 4582 3531 4633 οὐ
3559 4579 3632 4647 τῇ
3653 4580 3851 4648 σαρκὶ,
3876 4581 3992 4633 τοῦ

2409 4666 2555 4718 κατὰ
2607 4665 2805 4733 σάρκα
2831 4666 2956 4734 ζῇν.
3006 4669 3138 4722 Ἀπὸ
3170 4670 3276 4739 γὰρ
3314 4668 3407 4720 τοῦ
3441 4670 3712 4722 Δεσπότου
3743 4670 3990 4738 Χριστοῦ

2407 4757 2506 4825 τῆς
2536 4758 2806 4827 σωτηρίας
2857 4761 3234 4829 τετυχηκότες,
3277 4760 3370 4813 καὶ
3413 4760 3506 4812 τοῦ
3537 4759 3851 4829 Πνεύματος
3881 4760 3989 4829 τὴν

2409 4848 2564 4916 χάριν
2604 4847 2924 4918 δεξάμενοι,
2950 4849 3097 4918 αύτῷ
3149 4849 3247 4920 τῆς
3278 4848 3522 4912 δουλείας
3560 4851 3621 4902 τὸ
3646 4849 3804 4919 χρέος
3827 4851 3986 4918 ὀφεί-

2409 4941 2466 4990 lo
2474 4957 2590 5008 μεν.

2482 5038 2568 5097 ιγ’.
2599 5034 2665 5084 Ei
2692 5031 2800 5099 γὰρ
2833 5032 2980 5086 κατὰ
3008 5032 3205 5098 σάρκα
3251 5032 3403 5100 ζῆτε,
3436 5033 3687 5096 μέλλετε
3715 5035 3980 5100 (incerti-

2409 5140 2600 5176 σκειν.
2643 5151 2714 5164 --
2759 5124 2919 5176 Κατὰ
2947 5122 3163 5191 σάρκα,
3202 5125 3447 5178 τουτέστι
3472 5127 3584 5186 τοῖς
3630 5125 3732 5194 τῆς
3779 5127 3986 5194 σαρκὸς

2035 5369 2265 5425 νΑιιιίΕ
2304 5371 2704 5428 LECTIONES.

803 5481 845 5511 “
872 5481 911 5531 Α
933 5479 1082 5555 Θεόν.
1160 5481 1207 5555 εξ
1236 5482 1370 5532 οἰκεῖ
1396 5483 1658 5555 de_est__in
1711 5485 1751 5532 Λ
1785 5482 1928 5555 o_t__in
1966 5492 2199 5555 utroque
2229 5485 2347 5539 loco
2379 5501 2409 5555 e
2447 5487 2684 5555 Dialogis
2747 5487 3076 5542 Theodoreti
3107 5489 3293 5543 citato.

729 5553 845 5603 ⁸⁵τ.
897 5565 946 5601 σ.
995 5550 1154 5604 habet
1182 5551 1225 5602 Α
1258 5559 1310 5604 ct
1337 5553 1516 5605 versio
1548 5551 1766 5605 Hrrvet.
1819 5550 2339 5609 SirmondﬁTexlus
2369 5554 2535 5611 Sirm.
2557 5550 2732 5609 τόῦτο.
2811 5560 2855 5590 ⁸⁸
2892 5562 3000 5612 ὲντ.
3038 5559 3191 5614 deest
3220 5561 3272 5613 in
3308 5561 3369 5613 Α.

3399 5490 3442 5522 ⁸³
3471 5491 3509 5542 Α
3540 5491 3626 5560 διὰ
3673 5491 3977 5560 ἁμαρτίας.

3476 5562 3522 5591 ⁸*
3541 5558 3605 5630 rln
3635 5558 3732 5630 cit.
3769 5558 3975 5630 (ἥλιος.

726 5622 762 5673 5
793 5623 896 5688 leg.
925 5637 937 5672 :
966 5619 1026 5670 El
1051 5650 1113 5659 —
1140 5620 1451 5742 ἐγείραντος
1494 5623 1624 5692 Ἰησ.
1657 5622 1888 5690 Χριστὸν
1916 5624 2214 5676 οἰκεῖ-διὰ
2243 5626 2337 5678 τοῦ
2363 5625 2696 5690 ἐνοικοῦντος
2725 5629 2888 5681 αὑτοῦ
2927 5629 3239 5698 Πνεύματος
3267 5633 3323 5682 ὲν
3357 5631 3503 5698 ὑμῖν.
3530 5629 3632 5683 Sed
3666 5629 3867 5698 ἀίοισα.
3892 5619 3975 5683 ινδ

729 5692 791 5742 Εἰ
819 5718 888 5729 --
915 5690 1217 5742 ἐγείροντος
1294 5729 1306 5742 .
1349 5687 1404 5741 Ί.
1437 5693 1499 5742 ἐκ
1523 5692 1628 5742 τῶν
1655 5690 1862 5742 νεκρῶν
1889 5693 1917 5742 ὁ
1939 5695 1995 5742 ὲν
2019 5694 2136 5742 ὑυ...
2163 5694 2487 5742 ζωοποιήσει
2520 5727 2587 5738 -
2609 5697 2692 5742 διὰ
2748 5697 2838 5742 τοῦ
2896 5700 3228 5742 ὲνοινοῦυτηε
3282 5717 3312 5742 α
3388 5700 3702 5742 ΙΙνειὶιιατοε
3758 5701 3816 5742 ἐν
3871 5701 3970 5742 (“is

729 5692 791 5743 I‘Ii
819 5718 888 5729 —
915 5690 1217 5759 ἐγείροντος

728 5760 770 5792 ⁸⁷
801 5762 845 5813 Δ
883 5760 1213 5827 Ψυχαγωγεῖ
1239 5760 1315 5814 δέ.
1419 5761 1463 5792 ⁸⁸
1498 5761 1539 5813 Δ
1569 5760 1798 5814 δίδωσιν.
1898 5764 1939 5793 ⁶⁹
1971 5765 2012 5814 Α
2042 5760 2244 5832 ἀγῶνα.

1294 5729 1306 5742 .
1349 5687 1862 5772 Ἰηεκιτῷχνεκρῶν
1889 5693 1996 5772 eis»:
2019 5694 2148 5772 69.,
2163 5694 2487 5766 ζωοποιήσει
2520 5687 2692 5750 -διά
2748 5697 2838 5750 τοῦ
2896 5687 3234 5762 ἐνοικοῦντος
3282 5717 3332 5753 α.
3388 5687 3702 5769 ίΙνεύματος
3758 5687 3845 5754 ἔνη
3871 5701 3974 5772 ὑμ.
