4194 6432
860 372 962 436 135

1834 375 2316 440 TIIEODORETI
2353 378 2691 443 EPISCOPI
2725 383 3085 449 CYBENSIS

3976 393 4084 464 136

856 489 1165 541 Creatorem
1193 504 1207 541 :
1234 487 1509 542 nescimus
1527 497 1705 543 autem
1732 502 1934 558 quanta
1960 494 2033 546 sit
2059 494 2202 546 inter
2226 509 2326 549 nos
2359 503 2413 547 et

2516 463 2637 548 δῦτε
2690 500 2836 577 ἡμᾶς
2864 503 3061 566 αὐτοὺς
3121 503 3362 575 ἀκριϐῶς
3392 506 3773 577 ἐπιστάμενοι,
3796 510 3891 565 καὶ
3913 513 4084 567 αὐτοῦ

858 575 1040 644 ipsum
1080 574 1381 631 diﬁ'erentia
1404 616 1419 642 ,
1455 578 1549 647 qui
1588 592 1690 633 nec
1738 580 1995 648 nosipsos
2033 582 2273 650 perfecte
2320 598 2417 637 no-

853 666 1055 731 vimus,
1088 673 1143 718 et
1169 667 1291 735 ejus
1322 676 1569 721 naturam
1602 670 1821 739 penitus
1854 672 2195 740 ignoramus.

928 751 1093 807 Vens.
1131 753 1215 807 i6.
1254 753 1374 822 Ipse
1399 758 1537 809 enim
1569 757 1801 826 Spiritus
1835 763 2196 816 testimonium
2242 764 2413 817 reddit

853 844 1067 910 spiritui
1099 854 1300 911 nostra,
1341 846 1478 915 quod
1515 864 1698 901 sumus
1729 849 1833 917 ﬁlii
1860 850 1978 906 Dei.
2013 854 2264 922 Appellat
2289 855 2415 921 Spi-

855 934 1040 998 ritum,
1077 942 1327 987 naturam
1359 937 1587 1004 spiritus
1612 957 1626 990 :
1650 939 1903 1007 spiritum
1924 949 2105 1002 autem
2137 950 2412 1008 nostrum,

852 1022 1035 1077 datam
1064 1027 1292 1094 gratiam
1326 1042 1337 1075 :
1375 1026 1487 1099 haec
1527 1028 1673 1081 enim
1724 1031 2003 1098 mquivoce
2042 1035 2411 1102 appellantur.

856 1116 996 1171 Dicit
1025 1130 1205 1171 autem
1235 1133 1334 1172 nos
1359 1119 1595 1187 spiritali
1638 1121 1901 1176 doctrinae
1932 1124 2252 1180 obcdientes
2284 1141 2412 1180 ora-

855 1209 1055 1261 tionem
1090 1208 1311 1261 oﬁ'erre.
1345 1208 1457 1263 Hoc
1486 1226 1616 1263 vero
1657 1221 1881 1280 agentes
1906 1229 2013 1267 non
2054 1216 2412 1285 reprehendi-

854 1313 998 1361 mur,
1040 1298 1168 1367 quia
1195 1313 1259 1352 ex
1288 1299 1407 1367 lege
1433 1300 1617 1352 divina
1650 1302 1701 1354 id
1731 1300 1988 1358 facimus.

921 1385 1087 1442 Vens.
1120 1388 1203 1441 17.
1256 1388 1312 1442 Si
1359 1399 1535 1442 autem
1577 1392 1705 1459 ﬁlii,
1737 1402 1785 1445 et
1809 1393 2060 1451 hwredes.
2110 1395 2228 1451 Non
2274 1397 2412 1454 satis

852 1474 1011 1528 nobis
1048 1474 1150 1528 fuit
1182 1490 1207 1526 a
1240 1476 1506 1532 servitute
1535 1479 1774 1545 liberari,
1795 1490 1849 1534 et
1887 1483 2154 1538 libertatis
2176 1487 2408 1555 gratiam

856 1569 1117 1637 assequi:
1166 1569 1263 1622 sed
1314 1569 1548 1624 ﬁliorum
1590 1572 1752 1625 etiam
1804 1575 2117 1644 adoptionis
2148 1579 2412 1650 dignitate

851 1657 1029 1707 ornati
1062 1670 1293 1722 sumus;
1330 1670 1383 1712 et
1417 1674 1522 1710 non
1549 1660 1728 1713 solum
1764 1665 2019 1732 appellati
2061 1682 2253 1723 sumus
2291 1668 2409 1732 ﬁlii,

853 1743 947 1799 sed
986 1746 1148 1799 etiam
1178 1746 1267 1801 Dei
1295 1747 1555 1813 haeredes,
1594 1759 1649 1805 et
1686 1753 1796 1822 87
1819 1756 2134 1812 εοιιιετεάεε
2169 1758 2407 1815 Christi.

2518 584 2614 655 τὴν
2636 575 2800 654 φύσιν
2830 590 3108 655 παντελῶς
3141 594 3214 662 μὴ
3243 593 3623 661 γινώσκοντες.

2591 748 2684 805 ις’.
2712 744 2870 797 Αὐτὸ
2895 744 3003 813 γὰρ
3030 746 3096 799 τό
3120 748 3358 818 Πνεῦμα
3376 756 3790 823 συμμαρτυρεῖ
3808 752 3887 823 τῷ
3906 762 4081 815 πνεύ-

2518 845 2653 889 ματι
2682 832 2868 899 ἡμῶν,
2897 833 2987 887 ὅτι
3036 836 3225 909 ἐσμὲν
3254 840 3433 894 τέκνα
3474 844 3639 897 Θεοῦ.
3671 846 3892 916 Πνεῦμα
3926 850 4083 903 καλεῖ

2518 921 2614 990 τὴν
2641 921 2800 989 φύσιν
2832 925 2924 977 τοῦ
2957 927 3274 996 Πνεύματος
3293 948 3306 961 ·
3338 931 3553 1002 πνεῦμα
3574 935 3629 988 δὲ
3666 937 3841 1005 ἡμῶν,
3871 938 3967 1010 τὴν
3990 940 4079 992 δε-

2516 1010 2746 1081 δομένην
2808 1015 2966 1085 χάριν
2997 1033 3011 1046 ο
3054 1020 3357 1089 ὁμωνύμως
3415 1022 3525 1093 γὰρ
3577 1025 3753 1079 ταῦτα
3809 1028 4075 1084 καλεῖται.

2517 1103 2678 1170 Λέγει
2703 1103 2760 1155 δὲ
2789 1105 2870 1158 ὅτι
2902 1109 2969 1177 τῇ
3021 1109 3361 1181 πνευματικῇ
3402 1112 3720 1185 διδασκαλίᾳ
3766 1118 4078 1189 πειθόμενοι

2516 1195 2893 1265 προσφέρομεν
2921 1198 3017 1268 τὴν
3053 1200 3244 1269 εὐχήν·
3273 1203 3334 1254 οὐ
3368 1206 3812 1277 κατηγορούμεθα
3839 1210 3893 1263 δὲ
3921 1210 4080 1265 τοῦτο

2516 1283 2828 1346 ποιοῦντες,
2860 1288 3044 1358 ἐπειδὴ
3078 1290 3218 1344 κατὰ
3254 1292 3411 1361 νόμον
3456 1294 3596 1349 θεῖον
3634 1298 4005 1369 ἐπιτελοῦμεν.

2586 1375 2669 1439 ιζ’.
2700 1379 2768 1429 El
2792 1375 2859 1429 δὲ
2910 1378 3114 1442 τέκνα,
3149 1382 3247 1434 καί
3291 1384 3667 1455 κληρονόμοι.
3709 1390 3820 1442 Οὐκ
3846 1391 4084 1461 ἤρκεσεν

2512 1469 2660 1538 ἡμᾶς
2679 1470 2724 1501 ⁷³
2752 1471 2783 1537 ὴ
2821 1469 2917 1538 τῆς
2945 1471 3185 1534 δουλείας
3224 1474 3534 1546 ἀπαλλαγὴ,
3567 1477 3686 1530 οὐδὲ
3734 1481 3834 1548 τῆς
3862 1482 4081 1534 ἐλευθε-

2515 1559 2633 1627 ρίας
2658 1562 2691 1629 ἡ
2720 1562 2898 1629 χάρις,
2923 1562 3056 1615 ἀλλὰ
3091 1564 3185 1617 καὶ
3213 1564 3290 1636 τῷ
3336 1567 3435 1635 τῆς
3463 1567 3735 1632 υἱοθεσίας
3771 1571 4079 1642 ἐκοσμήθη-

2514 1666 2613 1717 μεν
2632 1651 2678 1681 ⁷³
2708 1651 3006 1721 ἀξιώματι·
3043 1654 3137 1705 καὶ
3186 1656 3246 1707 οὐ
3284 1656 3440 1727 μόνον
3490 1659 3594 1711 υἱοὶ
3633 1663 4080 1733 προσηγορεύθη-

2518 1759 2638 1811 μεν,
2678 1744 2813 1796 ἀλλά
2862 1746 2957 1798 καὶ
2984 1746 3118 1799 Θεοῦ
3166 1747 3511 1819 κληρονόμοι,
3548 1750 3643 1803 καὶ
3686 1753 3919 1821 Χριστοῦ
3955 1771 4081 1820 συγ-

852 1834 965 1890 Hoc
995 1838 1135 1891 enim
1159 1838 1459 1906 subjunxit,
1490 1842 1719 1897 heredes
1748 1846 1957 1914 quidem
1981 1848 2098 1912 Dei,
2118 1851 2410 1905 cohazredes

2519 1834 2862 1905 κληρονόμοι.
2891 1836 3060 1889 Τοῦτο
3090 1837 3197 1907 γὰρ
3249 1839 3493 1909 ἐπήγαγε
3512 1857 3525 1871 ⁸
3556 1844 3927 1912 κληρονόμοι
3961 1849 4081 1913 μὲν

850 1942 968 1980 vero
998 1926 1215 1981 Christi.
1259 1927 1528 1995 Quoniam
1572 1948 1679 1988 non
1713 1936 1894 1991 omnis
1925 1938 2069 1992 ﬁlius
2108 1947 2194 1993 est
2238 1940 2410 1996 [neres

848 2017 969 2084 ejus
1001 2018 1093 2087 qui
1139 2034 1261 2073 eum
1297 2025 1621 2090 procreavit,
1664 2026 1859 2081 merito
1912 2029 2133 2083 divinus
2178 2030 2410 2099 Aposto—

849 2109 934 2165 lus
976 2125 1098 2163 cum
1131 2110 1362 2165 ﬁliorum
1390 2116 1680 2183 adoptione
1700 2118 2073 2174 hanreditatem
2099 2120 2404 2190 conjunxit.

851 2199 913 2252 Et
951 2202 1208 2268 quoniam
1240 2216 1381 2271 saepe
1413 2205 1574 2258 etiam
1605 2204 1842 2262 famulus
1870 2210 2071 2280 accipit
2105 2212 2341 2280 aliquam
2378 2228 2406 2265 a

848 2289 1077 2344 Domino
1110 2291 1506 2360 hatreditatem,
1548 2311 1657 2350 non
1695 2305 1878 2353 tamen
1914 2300 2005 2353 ﬁlii
2053 2316 2286 2357 consors
2314 2318 2406 2356 re-

845 2381 1156 2451 linquitur,
1219 2388 1537 2441 necessario
1592 2388 1840 2456 adjecit,
1883 2389 2171 2444 colueredes
2231 2403 2406 2446 autem

845 2471 1061 2538 Christi,
1092 2481 1154 2527 ut
1190 2475 1312 2543 ejus
1357 2476 1782 2534 incnarrabilem
1832 2481 2228 2536 humanitatem
2264 2494 2407 2553 pate-

844 2563 1028 2621 faciat.
1064 2564 1123 2621 Si
1147 2576 1318 2621 tamen
1353 2573 1722 2639 compatimur,
1751 2582 1882 2627 utet
1916 2576 2394 2646 conglori/icemur.

843 2656 962 2711 Non
990 2660 1135 2712 enim
1177 2674 1389 2722 omnes,
1419 2662 1512 2729 qui
1558 2664 1789 2717 salutari
1824 2666 2150 2735 baptismate
2194 2670 2402 2739 dignati

846 2756 998 2815 sunt,
1028 2749 1112 2805 his
1155 2750 1314 2805 bonis
1344 2750 1630 2818 fruuntur,
1665 2755 1762 2810 sed
1792 2758 1883 2825 qui
1924 2767 2185 2825 praeterea
2220 2760 2403 2816 Domi-

848 2841 1093 2894 nicarum
1126 2856 1344 2910 quoque
1364 2845 1680 2912 passionum
1714 2848 2033 2903 societatem
2071 2852 2399 2922 suscipiunt.

845 2930 959 2987 lloc
1004 2939 1185 2987 autem
1242 2949 1348 2989 non
1399 2944 1602 2992 temere
1648 2940 1928 3007 apposuit,
1959 2941 2054 2996 scd
2091 2943 2155 2996 ad
2207 2959 2399 3001 eorum

841 3025 1043 3093 quibus
1071 3025 1347 3079 scribebat
1370 3028 1825 3084 consolationem.
1856 3029 2220 3089 Sustinebant
2255 3037 2400 3092 enim

842 3115 1022 3169 omnis
1041 3115 1257 3185 generis
1276 3116 1639 3169 tentationum
1667 3119 1925 3184 iusultus,
1951 3121 2168 3189 injuriis
2200 3120 2398 3187 allecti,

842 3207 1135 3260 tormentis
1181 3206 1380 3271 vexati,
1407 3209 1423 3230 ‘
1466 3215 1520 3263 ct
1564 3209 1615 3261 in
1647 3223 1895 3265 carceres
1938 3212 2196 3280 conjecti,
2240 3224 2294 3267 et
2325 3215 2403 3267 in.

844 3298 1200 3351 numerabilia
1232 3300 1423 3353 mortis
1441 3314 1647 3368 genera
1670 3301 2019 3358 sull'erentes.
2040 3303 2404 3367 Quamobrem

841 3386 1010 3440 verba
1040 3387 1200 3439 etiam
1229 3388 1593 3442 consolatoria
1629 3391 1897 3460 adjungit,
1930 3409 1993 3446 ex
2035 3392 2237 3449 futuris
2272 3413 2405 3451 con-

843 3477 1048 3541 solans,
1077 3486 1131 3532 et
1171 3476 1238 3531 ad
1268 3480 1559 3547 prmscntia
1595 3480 1719 3537 forti
1747 3484 1929 3537 animo
1957 3484 2175 3540 ferenda
2204 3488 2403 3541 adhor-

843 3577 986 3621 tans.

911 3677 1077 3732 Vens.
1110 3677 1196 3731 18.
1222 3679 1484 3733 Existimo
1511 3681 1647 3733 enim
1679 3684 1817 3751 quod
1842 3699 1946 3736 non
1967 3693 2090 3738 sunt
2125 3680 2399 3755 condigna:

841 3770 1109 3836 passiones
1140 3768 1297 3837 hujus
1329 3772 1578 3837 temporis
1612 3772 1682 3823 ad
1718 3773 1954 3840 futuram
1980 3775 2227 3843 gloriam,
2283 3792 2400 3845 qua:

842 3858 1154 3911 revelabitur
1201 3859 1257 3911 in
1308 3859 1479 3912 nobis.
1508 3859 1783 3928 Superant
1828 3865 2125 3917 certamina
2163 3880 2397 3931 coronat,

842 3962 950 4000 non
987 3955 1377 4015 comparantur
1405 3964 1532 4002 cum
1557 3950 1839 4004 laboribus
1865 3954 2351 4010 remunerationes
2383 3972 2396 4008 :

842 4052 1045 4107 parvus
1071 4047 1153 4090 est
1195 4037 1369 4102 labor,
1411 4039 1504 4093 sed
1536 4052 1791 4108 magnum
1818 4040 2062 4107 lucrum,
2098 4043 2245 4111 quod
2276 4060 2400 4113 spe-

846 4136 1018 4181 ratur.
1050 4124 1112 4179 Et
1135 4135 1421 4196 propterea
1452 4143 1560 4181 non
1585 4130 1911 4194 mercedem,
1934 4132 2028 4186 sed
2047 4132 2277 4202 gloriam
2307 4148 2399 4187 vo-

840 4216 986 4270 cavit
1015 4231 1078 4270 ea
1106 4233 1226 4285 quae
1259 4224 1665 4285 exspectantur.

910 4306 1074 4363 Vens.
1109 4308 1195 4362 19.
1235 4308 1378 4362 Nam
1403 4312 1721 4380 exspectatio
1749 4322 2007 4367 creatura:
2028 4315 2397 4371 reuelationem

840 4398 1070 4468 ﬁliorum
1102 4398 1199 4452 Dei
1228 4408 1513 4466 exspectat.
1542 4398 1662 4455 Non
1689 4402 1910 4463 videtis.
1947 4404 2148 4473 inquit,
2168 4408 2393 4472 caelum,

2520 1926 2687 1992 Θεοῦ,
2721 1930 3200 1997 συγκληρονόμοι
3232 1928 3299 1982 δὲ
3328 1931 3603 1998 Χριστοῦ.
3643 1933 3857 1999 Ἐπειδὴ
3883 1935 3944 1987 οὐ
3968 1937 4079 1997 πᾶς

2518 2020 2631 2081 υἱὸς
2655 2018 2985 2090 κληρονόμος
3014 2020 3106 2073 τοῦ
3128 2021 3391 2089 φύσαντος
3411 2022 3633 2092 γίνεται,
3652 2026 3873 2088 εἰκότως
3891 2027 3919 2077 ό
3936 2027 4081 2089 θεῖος

2530 2108 2849 2174 ’Ᾱπόστολος
2878 2116 2942 2183 τῇ
2978 2112 3215 2186 υἱοθεσία
3250 2114 3347 2184 τὴν
3373 2114 3736 2187 κληρονομίαν
3768 2117 4074 2181 συνέζευξκτ.

2517 2203 2623 2254 Καὶ
2647 2202 2832 2272 ἐπειδὴ
2871 2203 3126 2268 πολλάκις
3158 2206 3249 2258 καὶ
3283 2206 3495 2277 οἰκέτης
3523 2207 3733 2278 δέχεταί
3760 2226 3879 2263 τινα
3923 2210 4081 2279 παρὰ

2512 2292 2606 2343 τοῦ
2636 2292 2891 2345 δεσπότου
2918 2294 3136 2363 κλῆρον,
3170 2296 3228 2347 οὑ
3255 2296 3358 2366 μὴν
3390 2296 3639 2361 κοινωνὸς
3669 2299 4075 2369 καταλιμπάνε-

2518 2399 2608 2435 ται
2629 2383 2722 2436 τοῦ
2748 2385 2953 2448 παιδὸς,
2986 2386 3295 2453 ἀναγκαίως
3331 2387 3701 2458 προστέθεικε,
3732 2395 4078 2460 avrae/Inpe—

2511 2474 2682 2544 νόμοι
2711 2476 2779 2529 δὲ
2805 2478 3083 2545 Χριστοῦ,
3109 2480 3195 2531 ἵνα
3228 2478 3321 2549 τὴν
3348 2480 3619 2551 ἄφραστον
3666 2480 4079 2553 φιλανθρωπίαν

2512 2567 2795 2639 γυμνώσῃ.
2836 2570 3017 2639 Εἴπερ
3041 2571 3501 2641 συμπάσχομεν,
3529 2572 3629 2627 ἵνα
3653 2573 3751 2626 καί
3775 2574 4077 2640 συνδοξα-

2511 2660 2765 2730 σθῶμεν.
2793 2662 2867 2715 Οὐ
2901 2661 3006 2731 γὰρ
3034 2662 3269 2725 ἅπαντες
3286 2665 3335 2716 oi
3358 2663 3450 2717 τοῦ
3476 2665 3741 2736 σωτηρίου
3765 2658 4079 2737 βαπτίσμαὲ-

2508 2767 2599 2813 τος
2622 2751 2940 2816 ἀξιωθέντες
2972 2752 3173 2806 τούτων
3204 2753 3529 2807 ἀπολαύουσι
3562 2755 3668 2808 τῶν
3691 2757 3926 2824 ἀγαθῶν,
3956 2759 4076 2810 ἀλλ’

2508 2845 2557 2896 οἱ
2590 2843 2726 2915 πρὸς
2758 2844 2930 2915 τούτῳ
2985 2846 3077 2898 καὶ
3125 2845 3223 2916 τὴν
3275 2848 3556 2901 κοινωνίαν
3582 2847 3687 2901 τῶν
3728 2849 4077 2903 Δεσποτικῶν

2511 2935 2851 3006 παθημάτων
2901 2936 3340 3006 καταδεχόμενοι.
3398 2938 3567 2991 Τοῦτο
3624 2939 3681 2992 δὲ
3731 2940 3828 3009 οὐχ
3886 2940 4077 3003 ἁπλῶς

2510 3025 2891 3094 προστέθεικεν
2916 3067 2930 3088 ,
2962 3027 3076 3079 ἀλλ’
3121 3031 3199 3091 είς
3248 3028 3602 3098 ψυχαγωγίαν
3631 3030 3739 3084 τῶν
3782 3031 3850 3085 τὰ
3893 3034 4079 3103 γράμο

2511 3117 2712 3185 ματατδ
2737 3117 3059 3187 δεχομένων.
3093 3118 3443 3182 Παντοδαπάς
3474 3123 3583 3191 γὰρ
3614 3123 3855 3191 ἐδέχοντο
3878 3141 4079 3195 πειρα-

2510 3209 2662 3277 σμῶν
2712 3209 3037 3279 προσϐολὰς,
3087 3211 3437 3281 αἰκιζόμενοι,
3470 3213 3562 3264 καὶ
3618 3213 4074 3283 στρεϐλούμενοι,

2509 3301 2601 3351 καὶ
2633 3299 3066 3370 καθειργόμενοι,
3100 3302 3193 3354 καὶ
3236 3302 3406 3372 μυρία
3442 3302 3683 3356 θανάτων
3710 3304 4078 3373 ὑπομένοντες

2507 3388 2642 3452 εἴδη.
2676 3382 2748 3445 Ob
2777 3393 2840 3462 δὴ
2864 3391 3021 3463 χάριν
3044 3392 3524 3463 παραμυθητικοὺς
3548 3392 3821 3462 ἐξυφαίνει
3852 3393 4075 3463 λόγους,

2506 3481 2612 3533 ἀπὸ
2636 3480 2743 3532 τῶν
2773 3483 3070 3551 μελλόντων
3092 3484 3455 3554 ψυχαγωγῶν,
3475 3487 3568 3538 καὶ
3598 3486 3784 3557 φέρειν
3808 3488 4077 3553 γενναίως

2504 3576 2570 3629 τὰ
2603 3577 2845 3646 παρόντα
2889 3578 3239 3649 παρακαλῶν.

2577 3674 2664 3737 ιη’.
2688 3668 2991 3736 Λογίζομαι
3021 3670 3129 3738 γὰρ
3180 3669 3267 3723 ὄτι
3315 3672 3422 3724 οὐκ
3469 3671 3606 3735 ἀξια
3640 3673 3712 3725 τὰ
3752 3673 4079 3740 παθήματα

2501 3759 2608 3812 τοῦ
2632 3759 2749 3813 νῦν
2777 3761 2983 3829 καιροῦ
3010 3760 3157 3829 πρὸς
3190 3761 3305 3828 τὴν
3327 3762 3682 3830 μέλλουσαν
3710 3764 3896 3827 δόξαν
3918 3765 4077 3817 ἁπο-

2502 3852 2909 3906 καλύπτεσθαι
2935 3854 3015 3915 εις
3053 3849 3223 3918 ἡμᾶς.
3255 3850 3665 3921 ’Υπερϐαίνουσι
3694 3854 3817 3915 τοὺς
3849 3852 4078 3919 ἀγῶνας

2502 3943 2551 3995 οἱ
2584 3941 2856 4010 στέφανοι,
2892 3943 2953 3995 οὐ
2990 3942 3369 4013 συγκρίνονται
3408 3945 3519 4005 τοῖς
3569 3943 3743 4004 navet;
3770 3945 3825 3995 ai
3856 3944 4075 3996 ἀντιδό-

2504 4051 2646 4097 σεις·
2692 4034 2973 4105 σμικρὸςό
3001 4034 3179 4099 πόνος,
3228 4035 3360 4087 ἀλλά
3414 4034 3547 4086 πολὺ
3604 4036 3664 4086 τὸ
3713 4032 4076 4103 ἐλπιζόμενον

2501 4125 2710 4195 κέρδος.
2734 4124 2832 4177 Διά
2854 4140 2935 4176 τοι
2956 4123 3129 4185 τοῦτο,
3147 4124 3208 4175 οὐ
3237 4122 3443 4191 μισθὸν,
3462 4123 3593 4176 ἀλλά
3616 4123 3772 4188 δόξαν
3799 4126 3866 4176 τά
3894 4141 4063 4193 προσ-

2498 4215 2775 4284 δοκώμενα
2822 4215 3271 4285 προσηγόρευσεν.

2573 4304 2657 4357 ιον,
2716 4306 2779 4360 Ἡ
2823 4305 2933 4374 γὰρ
2982 4304 3427 4372 ἀποκαραδοκιά
3468 4304 3577 4372 τῆς
3637 4306 3888 4370 κτίσεως
3946 4305 4076 4375 τὴν

2499 4396 2887 4465 ἀποκάλυψιν
2941 4396 3057 4449 τῶν
3114 4395 3260 4449 υἱῶν
3293 4396 3398 4449 τοῦ
3450 4394 3597 4448 Θεοῦ
3648 4395 4071 4463 ἀπεκδέχεται.

840 4500 1066 4553 terram,
1110 4504 1279 4554 mare,
1338 4503 1544 4553 aerem,
1594 4491 1789 4555 solem,
1840 4492 2049 4557 lunam,
2099 4504 2153 4550 ει
2177 4511 2392 4553 omnem

2498 4487 2610 4555 Ούχ
2662 4488 2845 4555 ὁρᾶτε,
2894 4486 3077 4555 φησὶν,
3105 4485 3351 4554 οὐρανὸν,
3404 4485 3525 4552 γῆν,
3579 4485 3866 4548 θάλατταν,
3895 4486 4070 4556 ἀέρα,

838 4595 963 4650 qua:
1001 4580 1178 4635 oculis
1219 4580 1461 4634 cernitur
1504 4589 1834 4647 creaturam,
1860 4595 1915 4638 et
1965 4601 2085 4655 quas
2133 4596 2394 4655 preterea

839 4670 942 4723 sub
1007 4670 1183 4725 visum
1237 4685 1346 4723 non
1403 4671 1628 4735 cadunt,
1675 4673 1933 4743 Angelos,
1995 4678 2393 4749 Archangelos,

839 4756 1105 4821 Virtutes,
1175 4760 1551 4829 Principatus,
1616 4762 1730 4832 88
1766 4763 2234 4823 Dominationes?
2280 4770 2392 4826 haec

836 4848 1019 4901 omnia
1054 4858 1288 4903 vestram
1319 4850 1705 4919 perfectionem
1737 4864 2079 4923 exspectant.

908 4938 1072 4993 Vens.
1116 4937 1206 4993 20.
1265 4939 1505 4993 Vanitati
1553 4943 1690 4995 enim
1732 4953 1975 4998 creatura
2015 4948 2250 5018 subjecta
2295 4964 2394 5021 est,

837 5045 937 5081 non
968 5031 1159 5092 volens,
1194 5028 1284 5083 sed
1310 5040 1518 5099 propter
1552 5047 1669 5085 eum
1691 5034 1781 5101 qui
1804 5033 2026 5103 subjecit
2056 5054 2172 5091 eam
2200 5041 2254 5093 in
2283 5058 2389 5111 spe.

838 5117 1141 5173 Vauitatem
1186 5121 1421 5189 appellat
1443 5122 1870 5192 corruptionem.
1906 5123 2019 5181 Hoc
2043 5129 2187 5182 enim
2230 5134 2425 5200 paulo.

835 5218 958 5277 post
1008 5209 1165 5264 docet
1207 5210 1323 5265 fore
1357 5222 1415 5264 ut
1453 5212 1618 5265 etiam
1673 5214 1790 5281 ipsa
1844 5226 2094 5272 creatura
2131 5217 2397 5275 liberetur

837 5314 866 5350 a
915 5299 1181 5352 servitute
1214 5300 1590 5369 corruptionis
1618 5341 1632 5355 .
1665 5302 1833 5359 Docet
1871 5313 2051 5359 autem
2094 5310 2238 5375 quod
2280 5325 2396 5365 om-

834 5390 940 5453 nis,
968 5404 1087 5456 qum
1112 5388 1345 5451 videtur,
1381 5401 1651 5459 creatura,
1685 5394 1969 5448 mortalem
1998 5405 2246 5452 naturam
2268 5415 2388 5455 sor-

833 5477 929 5529 tita
962 5478 1032 5530 sit
1058 5492 1073 5539 ;
1105 5477 1361 5545 quoniam
1392 5479 1773 5534 universorum
1796 5484 2025 5538 Creator
2056 5489 2387 5555 przevidebat

2498 4578 2668 4647 ἥλιον,
2704 4577 2951 4648 σελήνην,
3001 4578 3179 4629 πᾶσαν
3234 4576 3333 4646 τὴν
3383 4577 3664 4647 ὁρωμένην
3720 4577 3929 4642 κτίσιν,
3966 4580 4073 4631 καὶ

2498 4668 2632 4734 πρὸς
2660 4666 2865 4728 τούτοις
2898 4666 3123 4735 ἀόρατα,
3164 4666 3468 4734 Ἀγγέλους,
3504 4665 3915 4735 Ἀρχαγγέλους,
3955 4670 4068 4719 Δυ-

2495 4761 2705 4829 νάμεις,
2750 4758 3044 4823 Ἐξουσίας,
3092 4758 3461 4827 Κυριότητας;
3506 4757 3688 4811 Ταῦτα
3738 4759 3912 4812 πάντα
3962 4758 4072 4827 τὴν

2496 4849 2763 4919 ὑμετέραν
2796 4849 3089 4918 προσμένει
3121 4847 3413 4900 τελείωσιν.

2566 4948 2632 4995 κ’.
2670 4941 2747 5008 Τῇ
2780 4942 2890 5009 γὰρ
2939 4943 3279 5010 ματαιότητι
3310 4941 3341 5005 ἡ
3394 4940 3587 5005 κτίσις
3624 4941 3909 5010 ὑπετάγη,
3940 4946 4067 5011 οὐχ

2494 5034 2742 5097 ἑκοῦσα,
2775 5033 2933 5089 ἀλλὰ
2985 5033 3081 5087 διὰ
3128 5033 3235 5085 τόν
3287 5032 3666 5095 ὑποτάξαντα
3710 5034 3801 5086 ἐπ’
3831 5034 4065 5089 ἐλπίδι.

2494 5126 2844 5196 Ματαιότητα
2875 5125 3030 5178 καλεῖ
3056 5125 3153 5194 τὴν
3184 5124 3405 5193 φθοράν.
3435 5122 3603 5176 Τοῦτο
3627 5125 3735 5193 γὰρ
3757 5125 3872 5193 μετ’
3898 5124 4070 5191 ὀλίγα

2493 5219 2849 5283 διδάσκει,ὅτι
2878 5220 2970 5271 καὶ
3000 5218 3137 5287 αὐτὴ
3161 5218 3193 5286 ἠ
3224 5217 3398 5278 κτίσις
3424 5214 3914 5285 ἐλευθερωθήσεται
3946 5219 4072 5269 ἀπὶ)

2493 5312 2594 5381 τῆς
2637 5311 2877 5373 δουλείας
2922 5310 3021 5379 τῆς
3060 5310 3281 5379 φθορᾶς.
3315 5308 3561 5361 Διδάσκει
3600 5307 3675 5373 δὲ,
3709 5307 3784 5370 ὡς
3828 5309 3976 5361 πᾶσα
4026 5313 4069 5380 ὴ

2496 5401 2669 5462 κτίσις
2691 5404 2721 5468 ἠ
2746 5399 2997 5469 ὁρωμένη
3018 5397 3214 5467 θνητὴν
3238 5398 3395 5467 ἔλαχε
3414 5397 3593 5465 φύσιν·
3616 5396 3911 5465 ἐπειδήπερ
3943 5397 4070 5450 τῶν

2494 5493 2628 5545 ὅλων
2659 5494 2686 5545 ὀ
2713 5492 2943 5561 Ποιητὴς
2970 5489 3218 5559 προεώρα
3253 5486 3343 5540 τοῦ
3387 5487 3553 5558 Ἀδὰμ
3592 5489 3688 5557 τὴν
3721 5486 4068 5558 παράϐασιν,

2117 5662 2347 5719 ΥΑΒΙἈΕ
2384 5667 2782 5724 LECTIONES.

892 5742 938 5776 τ’
965 5745 1004 5794 Λ
1044 5744 1193 5815 ἡμῖν.
1273 5746 1318 5776 ⁷³
1349 5749 1391 5799 Α
1430 5748 1737 5818 ἐκοσμήθη.
1835 5753 1879 5783 ⁷⁵
1913 5755 1955 5804 Δ
2000 5755 2318 5825 πράγματα.
