4194 6432
784 386 882 449 157

1767 382 2252 445 THEODORETI
2291 381 2629 442 EPISCOPI
2662 386 3026 447 CYBENSIS

3922 385 4030 452 168

781 514 915 571 opes
968 508 1023 554 et
1066 498 1357 554 facultates
1399 495 1577 568 diligit
1612 516 1625 552 :
1659 499 1753 553 sed
1802 508 2024 569 propter
2077 512 2238 553 suum
2291 496 2343 550 in
2375 495 2425 554 Α

2375 495 2425 554 Α
2450 495 2520 549 τὰ
2547 500 2894 567 προσήκοντα
2925 498 3074 569 αὑτῷ
3108 504 3362 570 κτήματα
3394 501 3635 568 στέργει.
3683 498 3839 553 Οὕτω
3874 498 3965 551 καὶ
3993 500 4027 549 ό

780 604 905 642 eum
938 589 1215 654 affectum,
1250 588 1541 645 facultates
1573 590 1693 660 ejus
1725 591 1922 659 diligit.
1956 590 2032 645 lta
2064 592 2227 646 etiam
2261 590 2346 647 di-

777 679 944 734 vinus
979 680 1299 751 Apostolus,
1350 680 1576 745 Nollem,
1628 683 1829 753 inquit,
1867 682 2072 738 habere
2116 697 2344 753 regnum

780 771 1068 833 caelorum,
1104 779 1158 824 et
1197 770 1382 825 omnia
1429 786 1549 840 quae
1585 771 1860 832 videntur,
1886 779 1942 827 et
1984 786 2106 841 qua:
2140 771 2346 826 intelli-

779 862 961 931 gentia
1000 862 1397 933 percipiuntur,
1424 872 1480 918 et
1525 873 1603 917 tot
1652 872 1917 933 tantaque
1954 863 2082 928 alia,
2109 864 2229 918 sine
2263 864 2347 918 di—

781 951 1017 1008 lectione
1071 954 1126 1008 in
1175 954 1476 1009 Christum.
1530 954 1607 1009 Si.
1643 956 1769 1024 quis
1821 963 2002 1010 autem
2045 955 2178 1009 milii
2230 963 2342 1010 tum

779 1046 1099 1113 praesentia,
1124 1053 1236 1098 tum
1294 1045 1478 1101 futura
1507 1047 1735 1101 molossta
1792 1056 1845 1100 et
1899 1062 2092 1117 aspera
2144 1061 2345 1116 propo-

781 1136 973 1199 suerit,
998 1144 1051 1189 et
1101 1138 1456 1205 temporalem
1490 1145 1653 1206 atque
1700 1143 1957 1190 (sternam
2010 1146 2262 1198 mortem,
2293 1145 2346 1189 et

781 1227 1158 1296 longissimum
1206 1229 1257 1282 in
1290 1228 1536 1298 gehenna
1567 1229 1921 1297 supplicium,
1951 1243 2058 1281 una
2096 1243 2219 1281 cum
2254 1226 2344 1279 di-

780 1318 1012 1373 lectione
1049 1319 1102 1373 in
1138 1319 1337 1390 ipsum,
1366 1319 1642 1373 lubentius
1666 1327 1720 1373 et
1754 1320 1992 1374 alacrius
2021 1319 2133 1373 haec
2168 1319 2345 1374 susci-

777 1422 986 1476 perem,
1017 1423 1178 1477 quam
1223 1408 1314 1462 illa
1344 1407 1453 1479 97
1489 1424 1680 1479 magna
1716 1425 1781 1462 ac
1816 1412 2098 1478 praclara,
2128 1419 2183 1464 et
2224 1425 2347 1479 qua:

778 1498 963 1554 verbis
990 1500 1226 1569 exprimi
1253 1508 1555 1569 nequeunt,
1579 1499 1671 1553 Dei
1700 1498 1990 1555 dilectione
2025 1501 2343 1555 frustratus.

779 1590 932 1646 Hanc
972 1592 1161 1660 itaque
1185 1601 1244 1646 ut
1272 1592 1595 1654 habeamus,
1623 1600 1677 1644 et
1708 1592 1988 1661 supplices
2015 1608 2043 1644 a
2072 1591 2181 1645 Deo
2210 1608 2344 1646 con-

778 1684 1092 1747 tendamus,
1132 1693 1187 1738 et
1237 1700 1397 1737 omne
1431 1683 1671 1739 studium
1700 1683 2078 1746 adhibeamus,
2109 1693 2167 1737 ut
2201 1684 2345 1754 Apo-

781 1774 905 1828 stoli
937 1774 1160 1844 vestigia
1194 1781 1507 1843 sequentes,
1533 1774 1683 1843 digni
1724 1774 2041 1843 apostolicis
2088 1775 2342 1827 taberna-

780 1866 921 1921 culis
942 1864 1261 1928 habeamur,
1284 1865 1456 1935 gratia
1488 1875 1543 1919 et
1567 1865 1901 1934 benignitate
1923 1862 2139 1919 Domini
2170 1867 2342 1921 nostri

778 1952 908 2009 lesu
933 1954 1158 2020 Christi,
1183 1970 1306 2008 cum
1338 1970 1447 2025 quo
1479 1953 1651 2016 Patri,
1683 1969 1788 2007 una
1839 1970 1964 2008 eum
1992 1963 2186 2009 sancto
2220 1954 2343 2025 Spi-

779 2046 913 2109 ritu,
946 2047 1202 2100 convenit
1231 2048 1404 2116 gloria
1427 2058 1480 2100 et
1523 2046 1801 2114 inajcstas.
1834 2061 1983 2099 nunc
2011 2056 2064 2101 et
2104 2062 2343 2117 semper,

779 2147 835 2194 et
867 2138 919 2193 in
952 2139 1148 2195 secula
1176 2139 1521 2193 saeculorum.
1557 2138 1748 2191 Amen.

1225 2276 1243 2297 '
1281 2270 1520 2327 TOMUS‘
1552 2271 1900 2337 QUARTUS.

853 2384 1011 2450 Quod
1038 2386 1110 2439 sit
1136 2386 1468 2448 necessaria,
1502 2393 1557 2440 et
1589 2386 2038 2441 inenarrabilium
2078 2388 2346 2443 bonorum

783 2478 854 2531 iis
876 2477 969 2547 qui
992 2476 1225 2531 credunt
1246 2476 1617 2537 conciliatrix,
1645 2477 1733 2533 Dei
1763 2487 1813 2533 et
1840 2478 2151 2535 Servatoris
2175 2482 2347 2537 nostri

784 2569 1113 2635 incarnatio,
1140 2580 1325 2638 aperte
1354 2569 1576 2625 divinus
1612 2570 1905 2641 Apostolus
1932 2572 2346 2628 demonstravit.

783 2659 1041 2714 Probavit
1062 2659 1206 2714 enim
1236 2658 1458 2714 Judzeos
1478 2675 1543 2714 ex
1569 2660 1685 2730 lege
1709 2662 1816 2714 lata
1846 2660 2019 2718 fuisse
2048 2664 2352 2733 majoribus

782 2751 1109 2807 criminibus
1136 2751 1423 2812 obnoxios.
1450 2752 1697 2822 aliosque
1719 2767 1911 2807 omnes
1935 2761 2144 2808 naturas
2179 2755 2349 2825 legem

786 2845 1099 2915 transgredi
1136 2863 1148 2898 :
1183 2851 1237 2899 et
1270 2845 1524 2913 supplicii
1570 2845 1737 2899 minis
1767 2844 2069 2914 expositis,
2115 2861 2352 2915 evange-

783 2940 903 2994 lica:
930 2952 1151 3007 quoque
1199 2937 1387 3005 gratia:
1420 2936 1560 2989 dona
1615 2935 1837 3003 adjecit,
1868 2946 1924 2990 et
1970 2938 2199 2991 salutem
2233 2953 2355 3004 quae

783 3045 852 3085 ex
904 3028 1011 3083 ﬁde
1058 3028 1306 3083 nascitur
1350 3027 1636 3082 indicavit.
1671 3025 1739 3079 Ut
1788 3033 1971 3081 autem
2033 3042 2134 3081 nec
2179 3026 2352 3081 .luilazi

2451 588 2593 653 θεῖος
2639 590 2957 656 ’Δπὸστολος
2984 632 2999 655 ,
3055 591 3169 645 Οὐκ
3200 591 3286 657 ἀν,
3318 591 3508 663 φησὶν,
3566 591 3789 661 ἑλοίμην
3837 589 3883 623 ’⁸
3921 588 4025 658 τὴν

2451 680 2728 750 βασιλείαν
2778 682 2887 736 τῶν
2942 683 3187 753 οὐρανῶν
3239 682 3417 754 ἔχειν,
3481 685 3576 737 καὶ
3638 683 3705 735 τὰ
3765 681 4025 751 ὁρώμενα

2450 774 2649 836 πάντα,
2686 775 2779 828 καὶ
2809 775 2879 827 τά
2922 775 3207 844 νοούμενα,
3244 776 3335 829 καὶ
3365 775 3502 829 ἄλλα
3544 776 3627 838 δὶς
3658 772 3897 827 τοσαῦτα
3927 771 4027 824 καὶ

2447 865 2589 934 τρὶς,
2630 864 2753 934 δίχα
2798 865 2899 934 τῆς
2927 867 3055 935 περὶ
3087 867 3177 919 τὸν
3198 866 3333 920 Θεὸν
3358 869 3599 938 ἀγάπης.
3626 867 3690 919 El
3718 866 3776 919 δέ
3814 864 3896 927 τίς
3928 880 4027 933 μοι

2448 954 2733 1025 προῦτεινε
2769 956 2839 1010 τά
2882 975 2941 1009 τε
2994 958 3237 1029 παρόντα
3284 960 3604 1029 σκυθρωπὰ,
3649 960 3746 1012 καὶ
3782 959 3851 1011 τά
3893 955 4027 1028 μέλ-ί

2447 1047 2630 1107 λοντα,
2667 1049 2759 1101 τὸν
2806 1050 3140 1121 πρόσκαιρον
3190 1051 3437 1115 θάνατον,
3488 1050 3582 1103 καὶ
3631 1051 3724 1102 τὸν
3780 1048 4022 1110 αἰώνιον,

2448 1141 2542 1193 καὶ
2583 1139 2681 1210 τὴν
2730 1141 2788 1191 ὲν
2824 1142 3017 1211 γεέννῃ
3059 1142 3408 1212 μακροτάτην
3458 1142 3697 1204 κόλασιν,
3752 1139 3888 1210 μετὰ
3919 1139 4024 1207 τῆς

2450 1234 2579 1302 περὶ
2601 1234 2764 1287 αὑτὸν
2791 1235 3011 1305 ἀγάπης
3032 1237 3311 1299 ἀσπασίως
3332 1238 3396 1290 ἀν
3412 1235 3587 1290 ταῦτα
3609 1237 3704 1289 καὶ
3722 1234 4023 1305 προθύμως

2448 1324 2674 1395 ἑλοίμην
2701 1326 2833 1395 ⁹⁷.ἢ
2877 1327 3060 1379 ἐκεῖνα
3107 1329 3177 1381 τά
3224 1329 3471 1399 λαμπρὰ,
3513 1330 3607 1381 καὶ
3649 1327 3877 1397 μεγάλα,
3922 1328 4023 1378 καὶ

2450 1415 2589 1483 ὑπὲρ
2622 1416 2911 1487 λόγον,τῆς
2941 1418 3163 1485 ἀγάπης
3183 1420 3565 1491 ἐστερημένος.
3592 1418 3809 1488 Ταύτην
3838 1418 4022 1469 τοίνυν

2448 1509 2542 1561 καὶ
2566 1506 2727 1577 ἡμεῖς
2757 1508 3006 1577 ἔχεινκαὶ
3040 1511 3429 1580 ίκετεύσωμεν,
3462 1512 3553 1563 καὶ
3585 1510 3977 1577 σπουδάσωμεν
4002 1524 4017 1537 ο

2449 1598 2535 1651 ἵνα
2585 1600 2697 1661 τοῖς
2729 1600 3108 1664 ἀποσωλικοίς
3159 1601 3627 1671 ἀκολουθήσαντες
3679 1602 3867 1670 ἴχνεσι.
3906 1598 4023 1650 τῶν

2447 1690 2820 1744 ἀποστολικῶν
2852 1691 3177 1760 ἀξιωθῶμεν
3207 1692 3443 1761 σκηνῶν,
3476 1693 3661 1761 χάριτι
3706 1692 3799 1742 καὶ
3826 1690 4020 1758 φιλαν-

2450 1776 2672 1849 θρωπίᾳ
2702 1778 2796 1830 τοῦ
2830 1779 3037 1851 Κυρίου
3084 1781 3243 1851 ἡμῶν
3285 1780 3459 1850 Ἰησοῦ
3492 1779 3753 1852 Χριστοῦ,
3801 1779 3920 1849 μεθ’
3953 1774 4019 1831 οὗ

2446 1867 2526 1935 τῷ
2555 1869 2733 1937 "arpi.
2778 1870 2876 1922 σὺν
2906 1869 2982 1940 τῷ
3036 1872 3287 1942 παναγίῳ
3329 1863 3605 1940 Πνεύματι
3646 1869 3773 1934 δόξα
3818 1868 4021 1937 πρέπει

2447 1958 2542 2011 καὶ
2574 1958 3043 2029 μεγαλοπρέπεια,
3072 1962 3168 2015 νῦν
3192 1963 3285 2015 καὶ
3310 1964 3419 2026 ἀεὶ,
3444 1963 3535 2015 καὶ
3560 1963 3638 2025 είς
3660 1962 3783 2025 τοὺς
3813 1960 4019 2023 αἰῶνας

2447 2047 2556 2099 τῶν
2590 2046 2825 2101 αίώνων.
2876 2049 3066 2119 Ἀμήν.

2910 2273 3142 2326 ΤΟΜΟΣ
3181 2273 3558 2325 ΤΕΤΑΡΤΟΣ.

2522 2385 2647 2437 Ὀτι
2680 2385 2779 2455 μὲν
2838 2386 3132 2453 ἀναγκαία,
3170 2387 3263 2440 καὶ
3295 2386 3404 2439 τῶν
3448 2388 3709 2457 ἀρρήτων
3762 2384 4022 2455 πρόξενος

2450 2475 2671 2544 ἀγαθῶν
2703 2479 2815 2539 τοῖς
2850 2478 3219 2542 πιστεύουσιν,
3265 2479 3298 2547 ἡ
3346 2477 3439 2530 τοῦ
3471 2476 3605 2530 Θεοῦ
3639 2475 3730 2529 καὶ
3772 2474 4025 2542 Σωτῆρος

2449 2566 2608 2634 ἡμῶν
2666 2567 3100 2639 ὲνανθρὼπησις,
3153 2568 3453 2640 διαρρήδην
3504 2567 3784 2632 ἀπέδειξεν
3818 2568 3846 2619 ό
3876 2566 4023 2628 θεῖος

2464 2655 2804 2720 ’Λπόστολος.
2874 2658 3157 2721 Ἰουδαίους
3212 2657 3319 2728 γὰρ
3375 2656 3602 2728 ἤλεγξεν
3652 2659 3716 2710 ἐκ
3783 2657 3878 2724 τῆς
3925 2653 4026 2706 τοῦ

2452 2749 2617 2820 νόμου
2646 2748 2847 2812 θέσεως
2876 2749 3087 2819 μείζοσι
3118 2750 3475 2819 κατηγορίαις
3502 2749 3836 2811 ὑπευθύνους
3870 2763 4025 2814 γεγε-

2454 2842 2738 2913 νημένους,
2798 2841 2892 2893 καὶ
2948 2842 3073 2904 τοὺς
3127 2842 3320 2904 ἄλλους
3356 2842 3599 2903 ἃπαντας
3657 2840 3759 2908 τῆς
3808 2838 4030 2906 φύσεως

2455 2933 2894 3002 παραὸαίνοντας
2939 2933 2983 2963 9‘
3034 2934 3122 2985 τὸν
3181 2934 3375 3003 νόμον
3432 2935 3524 2985 καὶ
3583 2929 3875 3000 γυμνώσας
3923 2928 4030 2995 τῆς

2453 3025 2726 3096 τιμωρίας
2747 3026 2848 3094 τὴν
2881 3025 3131 3095 ἀπειλὴν,
3174 3026 3271 3094 τῆς
3315 3025 3677 3093 εὐαγγελικῖπς
3701 3024 3921 3093 χάριτος
3958 3022 4035 3073 τὰ

783 3131 927 3186 εει-ιι
984 3115 1209 3175 ferrent,
1260 3116 1430 3184 legem
1481 3115 1732 3168 accusari
1778 3114 2191 3176 existimantes.
2256 3131 2355 3167 ltcc
2381 3157 2424 3214 ϐ

2381 3157 2424 3214 c
2455 3118 2602 3188 δῶρα
2632 3117 2933 3187 παρέθηκε,
2978 3118 3071 3168 καὶ
3098 3117 3196 3185 τὴν
3248 3119 3309 3169 ἐκ
3354 3118 3452 3185 τῆς
3490 3118 3537 3148 ’³
3579 3117 3814 3177 πίστεως
3849 3128 4032 3178 σωτη-

787 3206 1056 3272 haeretici,
1084 3206 1177 3276 qui
1214 3207 1269 3261 in
1300 3204 1470 3260 Vetus
1520 3205 1935 3259 Testamentum
1989 3204 2190 3259 infesto
2229 3212 2357 3260 sunt

788 3301 995 3363 animo,
1036 3299 1440 3353 calumnianda:
1477 3297 1611 3366 legis
1645 3313 1706 3349 ex
1749 3296 2039 3351 collatione
2080 3295 2223 3349 facta
2261 3313 2357 3349 0c-

788 3392 1064 3446 casiouem
1100 3392 1434 3459 acciperent,
1461 3388 1702 3443 ostendit
1734 3390 2051 3443 necessario
2082 3388 2218 3459 legis
2252 3387 2360 3441 titi-

791 3487 1022 3547 litatem,
1048 3493 1101 3537 et
1133 3483 1321 3536 multis
1360 3497 1479 3536 eam
1524 3481 1778 3535 laudibus
1812 3482 2051 3535 ornavit.
2092 3480 2231 3546 Quia
2263 3496 2362 3534 au-

792 3586 899 3631 tem
956 3590 1153 3629 rursus
1212 3573 1383 3628 Judaei
1442 3573 1811 3643 patriarcham
1876 3572 2243 3625 Abraliamum
2306 3571 2359 3624 in

794 3667 1033 3722 medium
1077 3666 1471 3737 producentes,
1515 3674 1568 3719 et
1608 3664 1780 3719 factas
1814 3666 1887 3717 illi
1920 3681 1948 3717 a
1984 3663 2091 3717 Deo
2124 3664 2362 3733 promis-

795 3757 1012 3818 sioncs,
1048 3756 1393 3810 conabantur
1426 3755 1713 3810 ostendere
1749 3755 2119 3825 apostolorum
2165 3756 2362 3825 praedi-

795 3848 1066 3903 cationem
1101 3848 1210 3903 illis
1239 3862 1363 3901 esse
1404 3848 1761 3907 contrariam,
1796 3854 1856 3899 nt
1889 3861 2013 3916 quae
2057 3855 2254 3915 praeter
2279 3848 2363 3902 di-

796 3941 980 3995 vinam
1007 3939 1121 4009 98
1154 3937 1575 4008 promissionem
1620 3937 1875 4006 gentibus
1912 3936 2200 3990 oﬂerretur
2227 3955 2239 3989 :
2272 3953 2368 3991 nc-

799 4032 1044 4087 cessario
1078 4034 1176 4083 hos
1211 4031 1373 4085 etiam
1426 4045 1713 4084 sermones
1757 4029 1812 4083 in
1850 4027 2092 4083 medium
2138 4029 2368 4097 profert,

799 4130 855 4176 et
895 4121 1175 4191 sapienter
1217 4120 1437 4183 refellit,
1479 4117 1777 4187 Scriptura:
1822 4119 2156 4174 testimoniis
2186 4128 2241 4174 et
2277 4136 2369 4174 ve-

803 4212 967 4265 tustis
1019 4209 1284 4279 exemplis
1326 4218 1635 4277 opportune
1694 4214 1886 4268 utens,
1951 4208 2372 4277 divinorumque

803 4303 1200 4369 promissorum
1271 4300 1556 4354 veritatem
1633 4307 1817 4368 aperte
1891 4300 2209 4354 ostendens.
2273 4298 2371 4353 Ju-

803 4394 1044 4447 daaorum
1076 4399 1256 4446 autem
1291 4390 1665 4445 infidelitatem
1701 4398 2088 4453 accusaturus,
2124 4408 2283 4446 suum
2320 4393 2371 4447 in

802 4484 997 4555 primis
1027 4498 1155 4555 erga
1184 4484 1311 4538 illos
1336 4498 1577 4537 amorem
1620 4481 1906 4552 patefacit,
1936 4493 1987 4537 et
2028 4483 2161 4537 dicit
2197 4503 2208 4537 :

2464 3210 2584 3279 ρίαν
2624 3207 2922 3273 ὑπέδειξεν.
2981 3209 3097 3260 Ἵνα
3148 3208 3205 3261 δὲ
3266 3210 3401 3277 μήτε
3466 3207 3707 3261 Ἰουδαῖοι
3742 3202 4039 3274 δυσχεραί-

2460 3318 2612 3363 νωσι,
2647 3298 3071 3369 κατηγορεῖσθαι
3112 3298 3203 3351 τὸν
3243 3300 3406 3369 νόμον
3457 3298 3842 3366 ὑπειληφότες,
3892 3295 4039 3365 μήτε

2464 3393 2569 3462 μὴν
2599 3393 2648 3444 οἱ
2680 3391 2807 3460 περὶ
2836 3390 2933 3460 τὴν
2967 3390 3207 3443 Παλαιὰν
3236 3391 3492 3459 ἐπαχθεῖς
3529 3392 3542 3421 ¹
3570 3388 3847 3458 Διαθήκην
3880 3387 4039 3455 αἱρε..

2462 3481 2622 3546 τικοὶ,
2658 3480 2932 3550 πρόφασιν
2985 3483 3065 3542 είς
3106 3479 3208 3549 τὴν
3242 3479 3384 3533 κατά
3419 3479 3512 3531 τοῦ
3552 3480 3718 3546 νόμου
3760 3492 4041 3543 συκοφαν-

2463 3576 2586 3630 τίαν
2645 3573 2886 3627 λάϐωσιν
2937 3573 3001 3625 ὲκ
3048 3574 3148 3642 τῆς
3189 3572 3564 3642 γεγενημένης
3591 3570 4043 3639 παρεξετάσεως,

2464 3666 2664 3731 ἔδειξεν
2694 3646 3007 3731 ἀναγκαίως
3038 3662 3130 3716 τοῦ
3158 3664 3326 3732 νόμου
3360 3665 3421 3715 τὸ
3471 3663 3755 3732 χρήσιμον,
3792 3661 3883 3712 καί
3911 3659 4050 3711 πο).-

2466 3759 2584 3821 λαῖς
2617 3755 2778 3810 αὐτὸν
2813 3755 3128 3806 ἐταινίωσεν
3160 3754 3481 3822 εὐφημίαις.
3530 3752 3747 3821 Ἐπειδὴ
3786 3751 3844 3803 δὲ
3878 3747 4050 3801 πάλιν

2479 3847 2749 3908 Ἰουδαῖοι,
2778 3844 2869 3897 τὸν
2899 3844 3248 3913 πατριάρχην
3293 3843 3545 3913 Ἀϐραὰμ.
3588 3840 4052 3913 προσαλλόμενοι,

2470 3939 2565 3991 καὶ
2616 3936 2717 3999 τὰς
2775 3935 2913 4005 πρὸς
2951 3934 3112 3987 αὑτὸν
3166 3935 3272 3987 ὑπὸ
3326 3933 3420 3987 τοῦ
3475 3932 3611 3986 Θεοῦ
3668 3931 4054 4001 γεγενημένας

2470 4029 2823 4100 ἐπαγγελίας,
2861 4028 3104 4082 ἐναντίον
3155 4026 3381 4088 ταύταις
3418 4024 3714 4095 ἐπειρῶντο
3754 4020 4057 4074 δεικνύναι

2472 4123 2582 4177 τῶν
2608 4121 2928 4176 ἀποστόλων
2972 4121 3034 4173 τὸ
3070 4122 3353 4191 κήρυγμα,
3389 4116 3542 4188 παρά
3578 4116 3675 4185 τὴν
3720 4116 3871 4167 θείαν
3914 4114 4057 4167 ὑπό-

2476 4231 2661 4283 σχεστν
2712 4214 2823 4275 τοῖς
2871 4209 3046 4262 ἔθνεσι
3092 4208 3553 4279 προσφερόμενον.
3607 4204 3919 4271 ἀναγκαίως
3952 4206 4063 4254 καὶ

2474 4307 2697 4366 τούτους
2753 4305 2830 4364 εἰς
2881 4303 3043 4371 μέσον
3083 4300 3383 4372 προσφέρει
3433 4300 3452 4328 ⁸
3504 4298 3631 4359 τοὺς
3670 4296 3895 4362 λόγουςο
3955 4296 4064 4346 xui.

2480 4395 2656 4463 σοφῶς
2684 4394 2824 4459 ἄγαν
2848 4390 3076 4451 διαλύει,
3114 4388 3208 4441 καὶ
3239 4387 3541 4457 Γραφικαῖς
3574 4382 3922 4455 μαρτυρίαις,
3954 4385 4066 4434 καὶ

2405 4484 2451 4539 D
2480 4484 2886 4554 παραδείγμασι
2926 4482 3174 4542 παλαιοῖς
3209 4481 3290 4540 εἰς
3321 4476 3514 4546 καιρὸν
3552 4474 3913 4545 κεχρημένος,
3956 4476 4064 4525 καὶ

803 4580 1015 4641 δεικνὺς
1052 4577 1296 4649 ἐναργῶς
1339 4577 1447 4631 τῶν
1500 4578 1660 4631 θείων
1713 4579 2060 4648 ὑποσχέσεων
2130 4581 2231 4650 τὴν
2287 4584 2562 4655 ἀλήθειαν.
2625 4579 2849 4633 Μέλ)ων
2907 4578 3087 4646 μέντοι
3123 4576 3222 4644 τῆς
3270 4572 3535 4626 Ἰουδαίων
3596 4570 3853 4632 ἀπιστίας
3916 4586 4068 4621 κατ-

805 4676 1044 4744 ηγορεῖν,
1087 4674 1300 4743 πρῶτον
1329 4673 1396 4743 ἢν
1426 4674 1538 4743 ἔχει
1581 4674 1709 4744 περὶ
1756 4674 1952 4737 αὐτοὺς
1988 4674 2371 4745 φιλοστοργίαν
2410 4680 2628 4748 γυμνοῖ,
2666 4675 2755 4727 καί
2792 4689 2924 4741 φησι
2951 4690 2963 4703 ο

1400 4762 1632 4819 CAPUT
1680 4763 1770 4817 ιχ.

886 4853 1043 4910 Vens.
1070 4856 1119 4908 l.
1156 4854 1437 4908 Veritatem
1468 4854 1585 4908 dico
1638 4856 1689 4908 in
1740 4854 1970 4919 Christo,
2002 4874 2101 4910 non
2133 4861 2373 4920 mentior,

813 4945 1164 5000 testimonium
1199 4943 1327 4998 mihi
1354 4945 1649 5012 perhibenle
1678 4947 2001 5000 conscientia
2036 4964 2148 4999 mea
2176 4948 2227 5000 in
2261 4947 2377 5016 Spi—

812 5041 925 5095 ritu
980 5047 1181 5096 sancto.
1228 5036 1295 5091 Et
1346 5052 1375 5090 a
1434 5038 1716 5092 mendacio
1771 5038 2021 5103 liberum,
2052 5046 2105 5092 et
2156 5041 2380 5094 veritate

814 5138 1093 5194 ornatum,
1131 5128 1375 5184 ostendit
1414 5144 1536 5183 esse
1583 5130 1726 5199 quod
1778 5129 2030 5185 dicturus
2061 5140 2164 5184 est.
2204 5129 2378 5186 Dis-ini

814 5228 957 5276 enim
989 5220 1232 5291 Spiritus
1266 5221 1501 5292 gratiam
1535 5236 1638 5275 una
1670 5237 1791 5275 cum
1829 5240 1925 5278 sua
1959 5224 2292 5278 conscientia
2329 5224 2381 5276 in

820 5312 1192 5367 testimonium
1226 5312 1461 5375 vocavit,
1503 5308 1589 5365 his
1642 5311 1901 5366 omnibus
1933 5311 2271 5381 persuadens
2329 5322 2385 5365 ut

818 5404 1051 5458 orationi
1081 5420 1192 5459 sua!
1225 5402 1383 5457 tidem
1420 5401 1731 5457 adhibeant.

2986 4761 3382 4814 ΚΕΦΑᾹΑῘΟΝ
3447 4760 3522 4811 6’.

2555 4865 2623 4912 α’.
2677 4855 2991 4922 Ἀλήθειαν
3019 4853 3175 4921 λέγω
3204 4853 3276 4905 ἐν
3313 4848 3564 4919 Χριστῷ,
3612 4851 3684 4902 οὐ
3732 4845 4068 4916 ψεύδομαι.

2483 4947 3028 5018 συμμαρτυρούοῑης
3068 4960 3172 5012 μοι
3219 4941 3328 5009 τῆς
3369 4937 3779 5005 συνειδήσεώς
3832 4954 3945 5003 μου
3990 4938 4077 4989 ἐν·

2487 5044 2786 5111 Πνεύματι
2822 5039 2983 5107 ἁγίῳ.
3029 5037 3136 5089 Καὶ
3184 5034 3413 5103 φεύδους
3448 5030 3753 5101 ἐλεύθερον,
3786 5029 3879 5082 καὶ
3919 5028 4073 5095 ἀλη-

2488 5133 2609 5203 θεία
2638 5129 3013 5201 κοσμούμενον
3061 5126 3121 5179 τὸ
3170 5123 3545 5196 ῥηθησόμενον
3573 5118 3765 5182 ἔδειξε.
3803 5117 3909 5171 Τοῦ
3952 5117 4079 5186 γὰρ

2490 5225 2633 5278 θείου
2674 5221 2989 5289 Πνεύματος
3020 5218 3118 5287 τὴν
3157 5218 3315 5287 χάριν
3351 5215 3487 5286 μετὰ
3525 5211 3620 5265 τοῦ
3654 5209 3953 5272 συνειδότος
3984 5210 4077 5273 εἰς

2500 5313 2809 5385 μαρτυρίαν
2845 5310 3092 5371 ἐκάλεσε,
3148 5308 3351 5360 πείθων
3397 5305 3461 5356 δι’
3518 5302 3773 5357 ἀπάντων
3818 5299 3889 5370 μὴ
3932 5300 4082 5352 ἀπι-

2495 5405 2685 5473 στῆσαι
2715 5401 2792 5471 τῷ
2820 5400 2976 5467 λόγῳ.

2121 5582 2352 5638 νΑιιιιῑ
2398 5579 2801 5637 LECTIONES.

895 5701 938 5731 ’⁸
1037 5698 1265 5782 ἡλόμηγ.
1362 5697 1722 5782 ’⁷,Λ.ή).ὁμην.
1802 5702 1845 5735 ⁵³
1879 5705 1919 5755 Α
1968 5703 2329 5770 παραϐάντος.
2412 5704 2453 5734 ε’
2492 5699 2579 5776 τῆς
2611 5700 2761 5755 deest
2794 5698 2846 5749 in
2896 5698 2953 5749 Α.
3016 5699 3097 5749 ’.Α
3133 5692 3381 5772 ἀπεχθῶς
3417 5691 3566 5761 (Bav.
3598 5690 3735 5744 male
3758 5685 4085 5755 ἀπαιχθῶςὶ

822 5768 1157 5837 διακείμενοι
1190 5768 1303 5840 αίρ.
1404 5773 1423 5804 ³
1461 5769 1493 5822 Α
1520 5768 1819 5842 προφέρει.
