4194 6432
810 367 920 433 ΠΙ

1417 480 1642 534 CAPUT
1686 480 1773 533 XI.

899 575 1061 627 Vsus.
1100 575 1147 626 Ι.
1194 572 1318 624 Dico
1346 587 1466 640 ergo
1496 588 1513 623 :
1551 569 1803 640 Nunquid
1840 568 1978 622 Deus
2012 568 2198 636 repulit
2223 582 2386 635 popu-

821 666 929 719 lum
966 666 1163 719 suum?
1192 662 1361 716 Absit.
1405 661 1608 716 Deinde
1637 676 1759 715 eum
1788 665 1975 728 posset
1988 673 2063 712 ex
2093 657 2218 711 aliis
2251 656 2387 710 mul~

819 756 891 810 tis
920 756 1026 808 hoc
1058 754 1312 823 probare,
1341 760 1396 805 et
1428 751 1482 803 in
1514 748 1753 803 medium
1782 746 2026 818 proferre
2057 748 2160 800 tria
2193 743 2382 809 millia,

818 861 939 915 quae
964 843 1359 914 Hierosolymis
1380 839 1749 903 crediderunt,
1779 846 1833 893 et
1858 838 2058 892 multas
2087 834 2385 906 myriadas,

816 937 893 992 de
911 939 1113 1006 quibus
1138 934 1270 989 dicit
1289 941 1510 1011 sanctus
1534 931 1774 988 Jacobus
1804 929 1855 994 ἀ,
1876 941 1930 984 et
1948 943 2042 982 eos
2067 928 2158 997 qui
2189 927 2244 981 in
2269 933 2387 978 toto

820 1038 1090 1081 terrarum
1120 1026 1250 1078 orbe
1276 1022 1569 1077 ει-Ιιιιίιεὶε
1601 1021 2041 1092 praedicationem
2070 1030 2384 1086 suscepere.

819 1132 920 1186 pro
952 1117 1038 1170 bis
1070 1114 1330 1170 omnibus
1363 1114 1604 1182 seipsum
1634 1109 1895 1174 ostendit,
1929 1115 1983 1163 et
2012 1107 2145 1161 dicit
2174 1124 2189 1159 :

896 1289 1036 1341 Nam
1072 1298 1123 1341 et
1162 1303 1255 1357 ego
1309 1288 1561 1341 Israelita
1587 1300 1724 1347 sum,
1758 1298 1824 1338 ex
1851 1281 2043 1335 semine
2071 1273 2382 1338 Abrahami,

818 1379 884 1432 de
912 1378 1051 1430 tribu
1082 1377 1428 1446 Benjamiuis.
1481 1373 1668 1445 (Vens.
1709 1371 1787 1443 2.)
1839 1370 1961 1425 Νοη
2006 1368 2196 1436 repulit
2248 1365 2385 1418 Deus

820 1469 1015 1538 plebem
1053 1484 1225 1535 suam,
1259 1484 1417 1538 quam
1464 1466 1745 1536 prwscivit.
1798 1462 1854 1516 Si
1889 1462 2035 1516 enim
2072 1458 2384 1527 repulisset,

818 1575 994 1616 essem
1017 1568 1071 1614 et
1095 1575 1195 1629 ego
1225 1575 1366 1613 unus
1384 1572 1574 1613 eorum
1607 1555 1701 1625 qui
1732 1564 2080 1610 accusantur.
2109 1549 2386 1621 Egoenim

820 1672 886 1709 ex
919 1655 1011 1709 illa
1043 1654 1231 1707 radice
1255 1650 1457 1721 prodii,
1494 1659 1549 1703 et
1574 1646 1791 1718 generis
1812 1653 2106 1714 parentem
2134 1640 2386 1695 Abraha-

822 1763 968 1801 mum
998 1746 1257 1817 praedico,
1288 1752 1341 1798 et
1374 1743 1442 1798 de
1470 1742 1789 1810 Benjamine
1818 1740 1999 1793 tribus
2024 1752 2158 1791 mea:
2187 1742 2381 1789 aucto-

1782 368 2264 429 THEODORETI
2308 367 2641 427 EPJSCOPI
2671 367 3032 427 CYRE‘NSiS

2992 475 3383 543 κεψιχΑΑιοΝ
3417 475 3514 527 ne.

2557 574 2622 620 α’.
2656 567 2815 636 Λέγω
2863 563 3004 622 οὖν·
3056 567 3150 634 Μὴ
3200 558 3478 621 ἀπώσατο
3519 570 3552 620 ό
3600 566 3740 632 Θεὸς
3774 565 3877 620 τὸν
3894 567 4042 621 λαὸν

2487 660 2708 723 aurci);
2743 660 2840 728 Μὴ
2875 660 3123 728 γένοιτο.
3162 656 3294 711 Εἶτα
3336 660 3437 729 τὴν
3461 657 3647 712 τούτου
3692 657 3961 723 ἀπόδειξιν
3985 659 4042 723 ἐξ

2486 753 2690 823 ἐτέρων
2715 751 2922 804 πολλῶν
2954 751 3247 820 δυνάμενος
3303 753 3624 821 παρασχεῖν,
3678 751 3773 803 καὶ
3823 752 4044 820 ἀγαγεῖν

2486 845 2563 906 εἰς
2602 843 2762 912 μέσον
2808 842 2932 906 τούς
2963 859 3018 895 τε
3078 843 3135 895 ἐν
3188 842 3577 912 Ἰεροσολύμοις
3622 842 4043 904 πεπιστευκότας

2485 932 2832 1002 τρισχιλίους,
2866 932 2961 984 καὶ
3010 930 3108 994 τὰς
3158 930 3358 993 πολλὰς
3400 930 3687 1000 μυριάδας,
3738 930 3866 999 περὶ
3906 923 3978 981 ὧν
4015 929 4046 979 ό

2490 1024 2659 1091 μέγας
2701 1020 2953 1083 Ἰάκωϐος
2979 1019 3103 1091 ἔφη,
3134 1022 3230 1074 καὶ
3270 1020 3395 1084 τοὺς
3439 1022 3579 1073 κατὰ
3606 1019 3703 1089 τὴν
3729 1018 4045 1087 οἰκουμένην

2482 1112 2547 1177 ἐξ
2596 1112 2860 1165 Ἰουδαίων
2892 1111 2939 1144 ⁵⁸
2965 1110 3289 1180 δεξαμένους
3312 1110 3374 1162 τὸ
3401 1111 3681 1181 κήρυγμα,
3703 1110 3823 1162 ἀντὶ
3849 1108 4045 1161 τούτων

2487 1204 2704 1257 πάντων
2735 1203 2925 1257 ἑαυτὸν
2962 1203 3317 1265 ἐπιδείκνυσι,
3350 1202 3442 1254 καί
3465 1219 3597 1272 φησι
3618 1218 3631 1232 ’

2502 1368 2505 1371 _
2557 1295 2664 1349 Καὶ
2698 1294 2808 1362 γὰρ
2843 1293 2957 1363 ἐγὼ
3001 1294 3371 1362 ἰσραηλιτης
3408 1293 3548 1360 είμί,
3595 1291 3662 1344 ἐκ
3711 1290 4048 1359 σπέρματος

2499 1386 2766 1455 Ἀϐραὰμ,
2798 1385 2997 1454 φυλῆς
3061 1386 3357 1453 Βενιαμίν.
3394 1384 3508 1454 (β’.)
3552 1386 3671 1437 Οὐκ
3706 1382 3983 1436 ἀπώσατο
4015 1385 4049 1433 ό

2489 1478 2633 1543 Θεὸς
2687 1476 2795 1531 τὸν
2835 1477 2989 1531 λαὸν
3040 1474 3246 1540 αὐτοῦ,
3282 1475 3354 1529 ὃν
3392 1473 3674 1544 προέγνω.
3712 1474 3774 1525 Et
3804 1473 3909 1542 γὰρ
3953 1473 4053 1524 ἀπο

2486 1569 2684 1631 ώσατο,
2740 1563 2819 1630 εἷς
2850 1567 2915 1621 ἂν
2966 1562 3034 1637 ἦν
3073 1566 3181 1619 τῶν
3227 1565 3711 1636 κατηγορουμένων
3747 1563 3917 1630 κάγώ.
3960 1561 4049 1624 Ἐξ

2485 1657 2698 1727 ἐκείνης
2765 1656 2873 1727 γὰρ
2922 1655 3075 1724 κάγὼ
3112 1658 3207 1727 τῆς
3248 1656 3401 1727 ῥίζης
3462 1654 3786 1724 ἐϐλάστησα,
3829 1654 3922 1705 καὶ
3958 1651 4049 1703 τὸν

2500 1748 2751 1819 Ἀϐραὰμ
2800 1746 2950 1817 αὐχῶ
3008 1747 3301 1816 πρόγονον,
3352 1746 3445 1799 καὶ
3489 1746 3581 1797 τὸν
3613 1743 3872 1811 Βενιαμὶν
3923 1743 4047 1811 φύλ-

822 1852 899 1898 re,
932 1807 1091 1889 cit-de
1116 1807 1378 1888 Israelita:
1420 1807 1786 1902 appellatione
1814 1828 2037 1898 glorior.
2089 1825 2254 1881 Recte
2286 1820 2383 1878 au-

2490 1807 2678 1908 αρχον,
2711 1807 2806 1890 καὶ
2838 1807 2902 1906 cii
2939 1836 3031 1889 τοῦ
3055 1807 3295 1905 ’Ἰσραὴλ
3322 1834 3660 1905 προσηγορίᾳ
3697 1807 4045 1903 σεμνύνομαι.

820 1940 930 1981 tem
963 1925 1167 1995 adjecit
1194 1935 1247 1980 et
1277 1923 1435 1986 illud,
1463 1938 1615 1993 quem
1638 1921 1916 1989 prwscivit,
1953 1918 2139 1983 idest,
2167 1931 2263 1971 eos
2294 1915 2385 1984 qui

802 2019 969 2088 digni
1002 2016 1223 2070 luerunt
1253 2013 1346 2070 Dei
1375 2011 1710 2083 cognitione,
1747 2009 1838 2079 qui
1877 2008 2226 2078 splendorem
2260 2004 2386 2060 ﬁdei

822 2114 1208 2178 susceperunt.
1243 2104 1356 2160 Hoc
1384 2103 1531 2159 enim
1566 2112 1754 2173 pOStea
1784 2100 1961 2155 docet.

891 2283 971 2336 An
1004 2280 1215 2335 nescitis
1247 2279 1302 2332 in
1333 2278 1455 2333 Elia
1483 2275 1607 2346 quid
1638 2276 1779 2327 dicat
1811 2272 2108 2342 Scriptura,
2137 2269 2387 2339 quemad-

802 2374 1033 2430 modum
1058 2374 1355 2441 interpellat
1391 2369 1551 2423 Deum
1573 2367 1831 2421 adversus
1868 2363 2164 2419 Israelem?
2194 2360 2383 2433 (Vens.

820 2468 874 2527 '5,
906 2466 985 2534 4.)
1032 2462 1275 2527 Domine,
1306 2458 1582 2527 prophetas
1620 2465 1733 2508 mos
1768 2452 2084 2511 occiderunt,
2112 2458 2159 2501 et
2189 2448 2386 2500 altaria

816 2568 913 2611 tua
945 2555 1311 2625 sulfoderunt;
1357 2559 1407 2605 et
1446 2565 1537 2619 ego
1570 2548 1781 2600 relictus
1807 2560 1924 2598 sum
1961 2541 2126 2605 solus,
2162 2548 2209 2592 et
2240 2553 2384 2607 qua:-

818 2658 941 2703 ruut
993 2649 1225 2701 animam
1273 2658 1467 2697 meam.
1519 2638 1631 2694 Sed-
1668 2635 1791 2707 quid
1839 2634 1967 2688 dicit
2021 2632 2105 2685 illi
2152 2627 2385 2683 divinum

818 2740 1160 2809 responsum?
1201 2733 1410 2803 Reliqui
1439 2732 1565 2785 mihi
1595 2738 1785 2798 septem
1819 2726 1988 2779 millia
2017 2725 2269 2783 virorum,
2297 2721 2385 2787 qui

797 2849 924 2887 .non
959 2834 1299 2885 curvaverant
1326 2840 1458 2895 genu
1487 2830 1607 2876 ante
1654 2818 1896 2873 Baalem.
1944 2815 2044 2869 Illo
2072 2815 2261 2874 etiam,
2296 2812 2384 2865 in-

817 2926 958 2995 quit,
1003 2930 1250 2990 tempore
1298 2917 1485 2971 multa:
1529 2910 1808 2984 myriades
1852 2916 2010 2964 erant
2057 2905 2298 2966 lsraelis.
2332 2911 2386 2959 et

819 2994 1011 3070 omnes
1055 3011 1222 3067 Israel
1260 3008 1641 3072 vocabantur;
1692 3003 1788 3057 sed
1824 3001 2207 3055 universorum
2240 2994 2385 3049 Deus

2487 1928 2684 1994 Καλῶς
2734 1927 2790 1979 δὲ
2833 1927 2943 1994 καὶ,
2973 1925 3045 1980 ὃν
3091 1926 3374 1994 προέγνω,
3409 1925 3783 2001 ,προστέθεικα
3809 1923 4050 1974 τουτέστι

2485 2020 2610 2081 τοὺς
2640 2018 2739 2088 τῆς
2774 2016 3103 2086 θεογνωσίας
3141 2016 3347 2081 ἀξίους,
3406 2014 3530 2078 τοὺς
3581 2016 3678 2084 τῆς
3708 2014 3935 2076 πίστεως
3961 2013 4051 2064 δε-

2488 2110 2752 2181 ξαμένους
2783 2110 2901 2187 ,τὴν
2952 2108 3165 2180 αἴγλην.
3218 2108 3386 2161 Τοῦτο
3457 2106 3557 2178 γὰρ
3601 2104 3737 2176 μετὰ
3772 2103 3940 2157 ταῦτα
3970 2102 4051 2156 δι-

2483 2202 2694 2255 δάσκει.

2557 2297 2633 2349 ’Ἡ
2657 2296 2768 2347 οὐκ
2805 2293 3002 2345 οἵδατε
3048 2292 3119 2343 ἐν
3168 2289 3340 2357 Ἠλίςι
3364 2289 3421 2342 τί
3447 2287 3608 2358 λέγει
3636 2288 3675 2354 ἡ
3711 2285 3942 2355 Γραφὴ,
3968 2285 4051 2350 ὡς

2484 2385 2833 2455 ἐντυγχάνει
2872 2383 2951 2449 τῷ
2999 2381 3120 2447 Θεῷ
3178 2382 3327 2435 κατὰ
3363 2381 3469 2435 τοῦ
3520 2378 3795 2447 Ἰσραήλ;
3839 2377 3927 2448 (γ’,
3960 2378 4049 2441 δ’.)

2484 2478 2681 2544 Κύριε,
2722 2472 2883 2541 τοὺς
2929 2472 3238 2541 προφήτας
3292 2486 3406 2525 σου
3444 2470 3820 2531 ἀπέκτειναν,
3850 2466 3946 2520 καί
3981 2466 4055 2519 τὰ

2485 2564 2884 2633 θυσιαστήριά
2911 2582 3025 2618 σου
3048 2564 3458 2630 κατέσκαψαν.
3484 2561 3655 2629 Κάγὼ
3683 2560 4054 2627 ὑπελείφθην

2480 2658 2685 2727 μόνος,
2726 2657 2821 2710 καί
2874 2653 3115 2720 ζητοῦσι
3152 2652 3269 2721 τὴν
3313 2652 3527 2721 ψυχήν
3567 2669 3705 2722 μου.
3760 2650 3943 2704 Ἀλλὰ
3995 2650 4055 2702 τι

2483 2747 2645 2816 λέγει
2675 2745 2833 2810 αὐτῷ
2853 2746 2898 2776 ⁸⁸
2920 2749 2952 2799 ὀ
2981 2743 3425 2813 χρηματισμός
3455 2742 3790 2797 Κατέλιπον
3820 2738 4059 2809 ἐμαυτῴ

2484 2837 2976 2905 ἑπτακισχιλίους
2993 2833 3233 2902 ἄνδρας,
3252 2833 3463 2897 οἵτινες
3478 2833 3587 2885 οὐκ
3608 2830 3890 2898 ἔκαμψαν
3906 2830 4056 2897 γόνυ

2484 2925 2558 2994 τῇ
2584 2927 2769 2980 Βάαλ.
2801 2925 2905 2978 Καὶ
2937 2924 3055 2976 κατ’
3083 2926 3310 2987 ἐκεῖνον,
3344 2923 3497 2992 φησὶ,
3520 2921 3612 2974 τὸν
3638 2920 3829 2989 καιρὸν
3857 2918 4058 2971 πολλαὶ

2488 3016 2741 3087 μυριάδες
2764 3011 2903 3084 ἦσαν
2920 3014 3012 3067 τοῦ
3058 3012 3290 3084 Ἰσραὴλ,
3322 3013 3416 3064 καὶ
3447 3012 3646 3073 πάντες
3686 3008 4057 3080 Ἰσραὴλώνο-

798 3106 983 3175 ,118
1030 3118 1089 3159 se
1131 3109 1339 3171 septem
1389 3098 1619 3153 millium
1672 3093 1839 3147 Deum
1892 3089 2206 3160 appellavit,
2247 3086 2382 3140 alios

2488 3086 2749 3177 μάζοντοσ
2794 3106 2909 3160 ἀλλ’
2941 3109 2968 3158 ὁ
2995 3106 3101 3159 τῶν
3125 3104 3260 3157 ὅλων
3295 3103 3428 3166 Θεὸς
3484 3103 3591 3155 τῶν
3635 3098 4058 3185 ἐπτακισχιλίων

816 3203 999 3250 autem
1029 3207 1219 3247 omnes
1248 3187 1579 3260 reprobavit.
1612 3184 1817 3253 Reliqui
1843 3183 2001 3244 enim,
2027 3179 2226 3249 inquit,
2252 3176 2379 3230 mihi

817 3295 1009 3356 septem
1032 3284 1202 3339 millia
1226 3283 1480 3343 virorum,
1506 3279 1592 3349 qui
1620 3292 1722 3331 non
1744 3277 2088 3328 incurvarunt
2108 3286 2240 3340 genu
2261 3277 2382 3324 aute

806 3364 1059 3431 Baalem.
1095 3376 1213 3443 Ipse
1240 3379 1420 3426 autem
1455 3367 1715 3438 propheta
1740 3366 1847 3419 hoc
1876 3364 2040 3419 etiam
2074 3360 2380 3432 ignorabat,

816 3478 871 3523 et
898 3468 950 3520 iu
980 3482 1039 3521 se
1074 3466 1191 3519 solo
1225 3473 1468 3517 servatas
1500 3474 1621 3513 esse
1652 3456 1866 3525 pictatis
1901 3454 2165 3523 reliquias
2192 3452 2383 3507 existi-

818 3559 1020 3610 mabat.
1046 3544 1171 3609 Non
1202 3561 1286 3607 est
1315 3566 1446 3620 ergo
1480 3564 1680 3603 novum
1719 3547 1800 3600 vel
1830 3545 2173 3606 incredibile,
2206 3544 2251 3598 si
2284 3558 2381 3600 vos

817 3662 1036 3718 quoque
1067 3644 1334 3715 ignoratis
1360 3655 1453 3696 eos
1484 3640 1575 3710 qui
1606 3654 1669 3694 ex
1703 3636 1858 3692 vobis
1886 3636 2164 3715 Servatori
2203 3634 2384 3690 credi-

813 3739 1036 3801 derunt,
1074 3750 1215 3807 quos
1244 3733 1386 3789 Deus
1420 3733 1803 3786 universorum
1834 3728 2068 3798 appellat
2096 3726 2378 3797 populum.

815 3829 1131 3901 Opportune
1164 3833 1348 3881 autem
1396 3838 1651 3893 maguum
1684 3820 1869 3875 Eliam
1911 3821 1966 3875 in
2001 3820 2236 3875 medium
2286 3818 2381 3871 ad-

816 3921 993 3984 duxit,
1023 3919 1117 3989 qui
1144 3932 1243 3974 eos
1269 3914 1567 3978 accusavit,
1598 3912 1743 3983 quod
1783 3926 1891 3966 non
1933 3911 2108 3965 solum
2142 3907 2378 3978 prophe-

815 4025 900 4069 tas
930 4011 1331 4071 iuteremerint,
1365 4006 1459 4073 sed
1487 4006 1649 4061 etiam
1692 4003 1885 4057 altaria
1910 4017 1977 4057 ex
2010 4001 2149 4072 ipsis
2184 3999 2380 4053 funda-

816 4102 1021 4159 mentis
1045 4098 1337 4154 diruerint.
1374 4094 1573 4149 Demus
1602 4092 1745 4147 enim
1779 4105 1872 4146 eos
1900 4089 2069 4143 fuisse
2100 4086 2379 4158 prophetis

815 4192 1097 4254 infensos,
1147 4194 1208 4242 ut
1250 4186 1344 4257 qui
1390 4185 1569 4239 tristia
1618 4183 1729 4237 illis
1776 4181 2133 4251 praedicerent
2183 4195 2197 4233 :
2243 4176 2378 4247 quid

815 4285 990 4354 culpae
1022 4287 1275 4352 poterant
1304 4278 1361 4332 in
1392 4276 1579 4332 divina
1609 4274 1809 4328 altaria
1842 4269 2262 4327 conl'erre‘l'sed
2293 4278 2378 4322 ta-

816 4376 956 4429 libus
1000 4370 1150 4427 ausis
1197 4369 1553 4424 declararunt
1589 4380 1647 4421 se
1702 4364 1899 4418 horum
1946 4362 2115 4415 Deum
2171 4361 2373 4415 odisse.

2473 3198 2669 3251 ἑαυτὸν
2709 3197 2839 3249 Θεὸν
2867 3196 3293 3267 προσηγόρευσε,
3334 3194 3455 3256 τοὺς
3489 3192 3544 3245 δὲ
3574 3180 3764 3253 ἄλλους
3801 3190 4059 3243 ἀπεδοκί-

2484 3306 2652 3361 μασεν
2684 3288 2945 3348 ἅπαντας.
2977 3286 3313 3340 Κατέλιπον
3325 3285 3431 3354 γὰρ
3449 3281 3699 3352 ἐμαυτῷ,
3726 3281 3853 3351 ἔφη,
3876 3280 4060 3333 ἐπτα-

2481 3380 2820 3447 κισχιλιόυς
2841 3374 3082 3443 ἄνδρας,
3125 3375 3342 3439 οἵτινες
3372 3374 3417 3405 ⁵⁸
3444 3376 3555 3425 οὐκ
3585 3372 3866 3441 ἔκαμψαν
3898 3370 4056 3438 γόνυ

2480 3468 2553 3537 τῇ
2575 3468 2760 3522 Βάαλ.
2803 3468 2860 3521 '0
2890 3466 3070 3537 μέντοι
3110 3466 3401 3536 Προφήτης
3426 3462 3696 3517 καὶτοῦτο
3719 3461 3924 3530 ἠγνόει,
3955 3461 4057 3513 καὶ

2479 3561 2538 3613 ἐν
2570 3559 2717 3629 αὑτῷ
2743 3558 2884 3629 μόνῳ
2908 3557 2976 3610 τὰ
3016 3556 3243 3626 λείψανα
3294 3554 3560 3608 σεσῶσθαι
3618 3554 3719 3622 τῆς
3770 3551 4058 3614 εὐσεϐείας

2480 3651 2749 3721 ἐνόμιζεν.
2808 3650 2975 3703 Οὐδὲν
3016 3643 3110 3703 οὖν
3157 3647 3361 3711 καινὸν,
3411 3648 3444 3717 ἢ
3501 3645 3819 3717 παράδοξον,
3857 3646 3904 3696 εί
3952 3644 4057 3696 καὶ

2481 3744 2633 3814 ὑμεῖς
2665 3745 2910 3812 ἀγνοεῖτε
2941 3743 3067 3805 τοὺς
3111 3742 3171 3808 ἐξ
3203 3742 3355 3811 ὑμῶν
3402 3740 3478 3810 τῷ
3510 3741 3720 3808 Σωτῆρι
3761 3752 4057 3790 πεπιστευ-

2478 3832 2664 3894 κότας,
2698 3830 2793 3894 οὒς
2838 3830 2966 3883 λαὸν
3016 3832 3044 3884 ὁ
3086 3830 3196 3884 τῶν
3219 3830 3354 3884 ὅλων
3387 3828 3781 3899 προσαγορεύει
3807 3827 3937 3889 Θεὸς
3979 3827 4054 3881 ⁸⁸.

2478 3918 2575 3980 Είς
2606 3917 2797 3987 καιρὸν
2828 3918 2885 3970 δέ
2916 3918 3007 3970 τὸν
3059 3918 3233 3988 μέγαν
3280 3917 3461 3972 Ἠλίαν
3511 3920 3591 3980 εἰς
3648 3916 3808 3987 μέσον
3849 3917 4054 3986 ἡγαγε,

2478 4006 2576 4077 τὴν
2607 4009 2727 4061 κατ’
2753 4007 2975 4061 ἐκείνων
3014 4009 3380 4079 πεποιημένον
3412 4008 3651 4079 γραφὴν,
3686 4008 3759 4069 ὼς
3793 4008 3853 4059 οὐ
3887 4007 4055 4075 μόνον

2478 4097 2603 4159 τοὺς
2628 4099 2910 4168 προφήτας
2940 4098 3256 4163 ἀνελόντων,
3286 4098 3420 4152 ἀλλὰ
3455 4100 3548 4153 καὶ
3584 4098 3654 4151 τὰ
3678 4099 4053 4167 θυσιαστήρια

2479 4192 2543 4243 ἐκ
2578 4189 2791 4260 βάθρων
2832 4192 3281 4246 ἀνασπασάντων.
3307 4191 3496 4259 Δῶμεν
3519 4191 3625 4265 γὰρ
3668 4192 3747 4244 ὅτι
3767 4188 4054 4259 δυσμενῶς

2478 4283 2606 4364 περὶ
2635 4283 2758 4345 τοὺς
2789 4284 3073 4353 προφήτας
3099 4282 3377 4349 διέκειντο,
3401 4286 3475 4347 ὡς
3493 4285 3560 4337 τὰ
3582 4282 3879 4355 σκυθρωπὰ
3907 4300 4053 4351 προ-

2476 4370 2855 4436 θεσπίξοντας’
2887 4372 2940 4427 τί
2961 4371 3082 4437 τεοῖς
3118 4373 3282 4436 θείοις
3303 4370 3447 4445 εἶχον
3476 4375 3724 4442 ἐγκαλεῖν
3750 4374 4054 4443 θυσιαστη-

794 4467 985 4521 Porro
1029 4470 1208 4519 autem
1245 4460 1463 4515 divinus
1490 4456 1789 4527 Apostolus
1821 4470 1848 4509 a
1887 4454 2190 4524 Scriptura:
2217 4452 2377 4507 testi-

2481 4462 2615 4533 ρίοις
2640 4481 2655 4527 ;
2683 4463 2796 4515 ἀλλ’
2818 4462 3090 4532 ἐδήλωσαν
3120 4463 3187 4516 δι’
3230 4457 3304 4517 ὧν
3350 4466 3671 4535 ἐτόλμησαν,
3702 4467 3777 4527 ὡς
3805 4465 3893 4517 τὸν
3924 4465 4056 4517 τού·

816 4554 999 4609 monio
1022 4550 1089 4606 ad
1118 4549 1395 4621 propriam
1425 4546 1623 4601 transit
1651 4544 1978 4607 orationem,
2004 4551 2058 4597 et
2086 4541 2221 4597 dicit
2253 4559 2267 4596 :

872 4830 1049 4884 Vens.
1080 4828 1134 4893 5,
1170 4828 1224 4882 6.
1274 4826 1360 4882 Sic
1386 4843 1508 4897 ergo
1550 4836 1598 4880 et
1650 4828 1703 4880 in
1747 4825 1842 4879 hoe
1877 4834 2103 4893 tempere
2136 4827 2371 4894 reliquid:

811 4920 1095 4975 secundum
1139 4918 1439 4972 electionem
1489 4918 1679 4988 gratia:
1713 4918 1869 4990 [actm
1902 4926 2043 4969 sunt.
2095 4915 2157 4971 Si
2198 4927 2372 4972 autem

809 5009 1004 5078 gratia,
1024 5008 1140 5077 jam
1163 5022 1265 5060 non
1295 5021 1360 5059 ea:
1387 5007 1624 5075 operibus
1655 5021 1673 5059 :
1704 5005 1901 5074 alioqui
1928 5005 2101 5073 gratia
2123 5006 2240 5073 jam
2271 5023 2375 5060 non

810 5109 887 5154 est
912 5100 1105 5170 gratia.
1138 5096 1199 5153 Si
1231 5105 1405 5150 autem
1428 5112 1493 5150 ea:
1515 5097 1777 5164 operibus,
1812 5111 1916 5149 non
1943 5104 2020 5148 est
2051 5097 2229 5166 utique
2258 5113 2376 5165 gra-

812 5192 908 5253 tia,
935 5188 1347 5259 quandoquidem
1378 5202 1506 5255 opus
1522 5186 1640 5256 jam
1666 5202 1769 5241 non
1806 5195 1883 5240 est
1912 5202 2061 5254 opus.
2095 5186 2375 5252 Quemad-

878 5368 905 5407 ⁴
946 5366 1071 5420 Aet.
1097 5380 1194 5418 xxi
1218 5404 1233 5432 ,
1263 5364 1362 5419 9.0.

2481 4571 2590 4607 των
2614 4554 2835 4623 ἐμίσουν
2851 4554 3003 4607 Θεόν.
3035 4553 3095 4607 Ὀ
3118 4556 3299 4623 μέντοι
3320 4558 3461 4619 Θεῖος
3492 4558 3807 4618 Ἀπόστολος
3843 4557 3905 4608 ἐκ
3945 4557 4053 4625 τῆς

2482 4643 2760 4713 Γραφικῆς
2831 4645 3135 4714 μαρτυρίας
3200 4647 3291 4698 ἐπὶ
3332 4646 3423 4700 τὸν
3474 4649 3672 4700 οἰκεῖον
3730 4646 4056 4716 μεταϐαίνει

2480 4736 2654 4804 λόγον,
2690 4735 2782 4788 καί
2805 4752 2967 4805 φησιν
2989 4750 3004 4766 ο

2547 4833 2609 4891 ε’,
2645 4832 2710 4890 ς’.
2743 4826 2939 4891 Οὕτως
2974 4821 3088 4881 οὖν
3112 4827 3209 4880 καί
3230 4828 3273 4859 ⁸³
3300 4826 3369 4878 ἐν
3394 4825 3473 4891 τῷ
3494 4826 3609 4879 νῦν
3625 4826 3803 4893 καιρῷ
3826 4825 4057 4895 λεῖμμα

2479 4919 2605 4970 κατ’
2633 4915 2899 4986 ἐκλογὴν
2923 4916 3162 4987 χάριτος
3198 4916 3463 4987 γέγονεν.
3492 4919 3556 4969 El
3589 4916 3656 4968 δὲ
3670 4917 3879 4985 χάριτι,
3903 4919 4057 4970 οὐκ-

2476 5006 2562 5061 έτι
2597 5006 2666 5070 ἐξ
2692 5006 2911 5076 ἔργων’
2938 5006 3066 5060 ἐπεὶ
3086 5009 3125 5075 ἠ
3158 5007 3332 5076 χάρις
3360 5006 3565 5061 οὐκέτι
3587 5007 3718 5061 ἐστὶ
3755 5005 3944 5076 χάρις.
3978 5011 4058 5061 El

2476 5096 2545 5151 δὲ
2584 5096 2655 5162 ἐξ
2686 5097 2895 5167 ἔργων,
2961 5096 3158 5152 οὐκέτι
3204 5098 3335 5152 ἐστὶ
3373 5096 3563 5166 χάρις,
3593 5097 3723 5151 ἐπεὶ
3763 5098 3829 5151 τὸ
3865 5097 4059 5165 ἔργον

2480 5191 2681 5245 οὐκέτι
2710 5190 2884 5245 ἐστὶν
2917 5189 3107 5259 ἔργον.
3164 5189 3432 5259 Καθάπερ
3458 5190 3503 5222 ⁸³
3540 5189 3682 5253 τότε,
3714 5190 3900 5259 φησὶν,
3934 5188 4055 5241 ἀπὸ

2065 5483 2300 5539 ΥΑΒΙΑΞ
2332 5482 2737 5541 LECTIONES.

880 5601 926 5633 ⁸⁸
947 5603 989 5653 Δ
1018 5599 1128 5653 τῶν
1182 5598 1466 5653 Ἰουδαίων.
1542 5596 1590 5630 ⁸⁸
1617 5596 1766 5667 αὐτῷ
1797 5596 1946 5668 «best
1978 5598 2030 5651 in
2058 5599 2118 5653 Β.
2196 5602 2241 5634 ⁸⁸
2282 5604 2335 5656 οἵ
2373 5620 2515 5668 τινες
2542 5635 2613 5644 -
2642 5602 2788 5657 Βάαλ
2839 5603 3187 5658 desideratur
3214 5601 3268 5658 in
3299 5605 3363 5659 Α.
3442 5604 3485 5635 ⁸³
3516 5604 3560 5656 Δ
3591 5602 3699 5655 τῶν
3732 5602 3990 5655 ἁπάντων
4022 5604 4057 5654 ὁ

811 5669 1012 5739 Κύριος
1056 5684 1288 5739 προσαγ.
1340 5668 1431 5721 καὶ
1486 5668 1637 5729 Θεός.

810 5736 855 5771 ⁸³
885 5736 925 5793 Δ
954 5736 1139 5809 ὥσπερ
1167 5738 1294 5808 γάρ.

1738 5666 1783 5700 ⁸³
1809 5666 2219 5727 Τιιεοιίυτειοειιί
2270 5672 2368 5727 lsa.
2405 5666 2516 5739 xu,
2552 5674 2619 5728 Η
2659 5692 2671 5726 :
2708 5673 2849 5727 οὕτω
2884 5674 2978 5729 καὶ
3012 5676 3072 5727 ἐν
3106 5673 3201 5727 νῦν
3254 5672 3430 5743 καιρῷ
3459 5673 3507 5727 λ.
3542 5690 3596 5728 κ.
3638 5673 3683 5726 ἐ.
3727 5690 3777 5741 χ.
3825 5677 4051 5738 γέγονε.
