4194 6432
158 418 248 485 173

990 418 1589 482 INTERPRETATIO
1628 413 1858 474 EPIST.
1915 419 2012 477 AD
2042 419 2221 477 ROM.
2277 421 2430 480 CAP.
2469 425 2570 482 XI.

3277 412 3376 479 ΓΗ

157 535 427 608 μυριάδων
518 534 758 603 ἀπείρων
831 533 1220 601 ἑπτακισχίλιοι
1287 527 1787 594 κατελείφθησανΑ

1747 528 1787 578 Α
1819 531 2034 580 modum
2084 541 2242 594 tunc,
2299 534 2506 600 inquit,
2553 549 2614 586 es
2677 532 3012 602 myriadibus
3070 530 3375 581 innumeris

157 627 304 693 μόνον
333 626 436 692 τῆς
473 624 729 684 ἀσεϐείας
757 623 1062 690 ἐλεύθεροι·
1099 622 1240 674 οὕτω
1269 622 1362 673 καὶ
1383 619 1482 670 νῦν
1505 617 1715 676 πλείους

158 720 243 785 μὲν
270 721 316 769 οἱ
343 719 771 785 ἀπιστήσαντες,
826 715 1075 775 ἐλάττους
1127 714 1182 765 δὲ
1226 715 1274 763 οί
1308 709 1713 768 πιστεύσαντες,

154 811 235 859 καί
267 785 557 874 τῆς-Θείας
588 807 804 875 χάριτος
831 803 1253 862 ἀπολαύσαντες.
1282 801 1354 852 Οὐ
1377 799 1483 867 γὰρ
1512 800 1546 865 ἠ
1580 796 1718 848 κατα

154 901 300 966 νέμον
327 900 536 958 αὐτοὺς
569 897 852 948 ἐδικαίωσε
909 895 1144 947 πολιτεία
1191 891 1367 960 (τοῦτο
1399 891 1505 957 γὰρ
1549 888 1714 954 λέγει,

153 990 210 1049 ἐξ
238 987 452 1056 ἔργων)
479 1029 495 1050 ,
515 987 801 1055 ’ἀλλ’ήτοῦ
824 987 957 1038 Θεοῦ
987 987 1206 1037 διέσωσε
1237 984 1411 1052 χάρις.
1447 982 1544 1032 Διά
1565 979 1720 1031 τοῦτο

154 1081 237 1130 καὶ
260 1080 424 1146 χάρις
492 1081 526 1146 ἡ
591 1078 832 1145 σωτηρία
861 1078 1135 1140 καλεῖται,
1179 1074 1362 1142 ἐπειδὴ
1389 1072 1528 1124 κατὰ
1571 1071 1720 1122 Θείαν

156 1170 460 1237 φιλοτιμίαν
485 1169 796 1236 γεγένηται.
843 1167 1013 1218 Τοῦτο
1055 1168 1147 1219 καὶ
1199 1168 1255 1217 ὲν
1297 1167 1409 1224 τοῖς
1454 1162 1592 1214 κατὰ
1628 1161 1718 1212 τὸν

155 1261 499 1327 πατριάρχην
549 1256 800 1326 Ἀϐραὰμ
836 1251 988 1324 φησί·
1027 1273 1048 1305 1
1079 1255 1168 1323 Τῷ
1209 1255 1265 1305 δὲ
1301 1251 1648 1320 ἐργαζομένῳ
1693 1248 1722 1298 ὁ

158 1348 335 1416 μισθὸς
389 1351 453 1400 οὐ
510 1348 786 1415 λογίζεται
836 1347 975 1398 κατὰ
1029 1345 1207 1415 χάριν,
1241 1343 1374 1396 ἀλλὰ
1404 1343 1541 1396 κατὰ
1575 1340 1722 1408 ὀφείο

158 1457 311 1508 ιημα.
358 1459 377 1490 ι

216 1619 276 1680 ζ’.
309 1619 373 1670 Tl
406 1613 566 1680 οὖνς
613 1615 870 1668 Ἐνταῦθα
901 1615 1249 1666 ύποστικτέον
1270 1631 1281 1643 ·
1312 1616 1429 1665 κατ’
1462 1612 1722 1681 ἐρώτησιν

157 1711 249 1777 γὰρ
281 1711 489 1768 κεῖται,
524 1709 646 1759 ἀντὶ
668 1707 760 1758 τοῦ
789 1723 801 1736 ·
855 1707 918 1755 Τί
972 1707 1148 1756 τοίνυν
1184 1706 1327 1756 ἐστιν
1359 1706 1564 1766 είπείν;
1594 1697 1723 1752 Εἶτα

158 1798 285 1848 κατα
347 1799 654 1865 ἀπόκρισιν
696 1796 766 1846 τὰ
797 1795 992 1846 λοιπὰ’
1035 1798 1102 1846 Ὀ
1152 1792 1404 1860 ἐπιζητεῖ
1450 1790 1720 1858 Ἰσραὴλ,

155 1891 361 1940 τούτου
410 1890 529 1940 οὐκ
576 1887 894 1953 ἐπέτυχεν·
953 1888 990 1952 ἡ
1041 1885 1108 1937 δὲ
1148 1883 1369 1953 ἐκλογὴ
1394 1883 1719 1950 ἐπέτυχενο

156 1983 198 2031 οἱ
226 1979 292 2030 δὲ
321 1977 535 2031 λοιποί
586 1976 986 2044 ἐπωρώθησαν
1017 2017 1030 2029 .
1065 2006 1133 2016 -
1166 1975 1463 2042 Ἐκλογήν
1506 1975 1628 2035 τοὺς
1668 1974 1725 2038 ἐξ

155 2073 321 2123 αὐτῶν
384 2069 826 2130 πεπιστευκότας
878 2068 1053 2121 καλεῖ.
1109 2067 1268 2134 Λέγει
1311 2067 1368 2118 δὲ
1419 2065 1609 2118 τοῦτο·
1670 2066 1726 2118 Ὀ

165 2164 374 2231 Ἰσραὴλ
402 2161 484 2230 τῷ
513 2161 665 2228 νόμῳ
697 2159 1080 2228 προστετηκὼς
1107 2159 1369 2228 διήμαρτε
1389 2157 1480 2208 τοῦ
1503 2155 1722 2209 σκοποῦο

158 2250 488 2317 παρανόμως
524 2251 634 2317 γὰρ
660 2247 752 2299 νῦν
786 2235 1040 2314 φυλάττει
1075 2248 1164 2298 τὴν
1193 2247 1372 2314 νόμον,
1411 2247 1501 2297 καὶ
1524 2245 1727 2297 δικαιο-

159 2344 311 2408 σύνην
339 2338 607 2406 οὐδεμίαν
662 2338 985 2406 καρποῦται.
1023 2339 1084 2388 Οἱ
1129 2337 1184 2388 δὲ
1245 2337 1303 2399 ἐξ
1351 2336 1525 2387 αὐτῶν
1566 2352 1727 2386 πεπι-

160 2431 440 2492 στευκότες
464 2430 751 2497 ἐπέτυχον·
773 2432 824 2481 ot
855 2430 921 2478 δὲ
933 2429 1126 2479 λοιποί
1148 2425 1545 2492 ἐπωρώθησαν
1565 2442 1578 2454 ο
1611 2427 1729 2476 ἀντὶ

157 2522 264 2586 τοῦ,
323 2521 705 2591 σκληροτέραν
761 2523 794 2589 ἠ
857 2520 1078 2570 ἀπιστία
1131 2518 1226 2586 τὴν
1290 2515 1513 2584 καρδίαν
1555 2516 1728 2567 αὐτῶν

159 2616 535 2683 ἀπειργάσατο
568 2614 634 2665 ⁸³.
669 2613 919 2663 Δείκνυσι
949 2610 1003 2662 δὲ
1046 2613 1138 2662 καὶ
1179 2609 1332 2660 τοῦτο
1365 2605 1565 2661 ἄνωθεν
1601 2622 1729 2674 προ-

158 2723 349 2775 ηγορευ
358 2708 552 2775 μένον.

219 2797 289 2865 η’.
327 2796 547 2859 Καθὼς
609 2795 928 2861 τέτραπται
952 2808 964 2820 ·
996 2791 1253 2844 Ἔδωκεν
1296 2788 1498 2851 αὐτοῖς
1533 2791 1563 2840 ό
1589 2785 1730 2850 Θεὸς

160 2888 389 2954 πνεῦμα
419 2888 824 2949 κατανύξεως,
858 2882 1199 2951 ὀφθαλμοὺς
1221 2881 1324 2933 τοῦ
1349 2881 1432 2947 μὴ
1455 2877 1729 2942 βλέπειν,

163 2979 249 3031 sal
275 2975 402 3030 ὦτα
422 2979 534 3030 τοῦ
549 2977 632 3045 μὴ
663 2977 921 3032 ἀκούειν,
945 2973 1055 3036 ἕως
1082 2970 1187 3036 τῆς
1207 2970 1468 3036 σήμερον
1491 2966 1729 3036 ἡμέρας.

163 3071 225 3121 TB-
239 3071 491 3132 ἔδωκεν,
509 3070 582 3128 ὡς
598 3068 660 3117 τὸ
673 3063 1152 3132 παρέδωκεν,ἁντὶ
1176 3061 1268 3113 τοῦ
1286 3061 1729 3126 συνεχώρησεν

1819 629 2023 686 septcm
2059 623 2223 674 millia
2257 625 2444 677 relicta
2475 631 2601 678 sunt
2622 626 2738 677 sola
2769 626 2836 676 ab
2865 623 3142 691 impietate
3172 620 3376 673 libera:

1820 709 1892 760 ita
1923 717 1976 762 et
2008 727 2152 763 nunc
2183 715 2368 779 plures
2403 724 2531 768 sunt
2564 715 2656 782 qui
2702 729 2810 766 non
2846 713 3216 769 crediderunt.
3250 725 3380 778 pau-

1819 801 1996 854 ciores
2043 818 2173 856 vero
2220 806 2315 872 (ξ’ιὶ
2371 806 2742 868 crediderunt,
2784 813 2836 856 et
2867 805 3105 857 divinam
3150 801 3379 870 gratiam

1820 903 2199 960 perceperunt.
2229 893 2412 963 Neque
2437 898 2581 948 enim
2613 897 2734 948 illos
2755 909 2855 949 sua
2883 893 3183 946 secundum
3210 890 3381 956 legem

1822 984 2071 1036 instituta
2109 986 2216 1038 vita
2246 986 2569 1055 justiiicavit
2607 989 2733 1053 (hoc
2767 988 2966 1056 quippe
2989 994 3071 1038 est
3105 985 3249 1050 quod
3285 982 3379 1040 ait.

1820 1087 1883 1125 ex
1913 1077 2194 1141 operibus).
2229 1079 2322 1130 sed
2360 1077 2449 1130 Dei
2483 1079 2657 1144 gratia
2690 1079 2960 1140 servavit;
2997 1084 3048 1128 et
3078 1075 3201 1127 ideo
3233 1073 3382 1126 salus

1822 1165 1995 1228 gratia
2025 1181 2240 1232 quoque
2267 1167 2590 1232 appellatur,
2625 1167 2884 1233 quoniam
2908 1179 2970 1216 ex
2995 1162 3178 1214 divina
3211 1159 3370 1210 muni-

1823 1251 2040 1305 ﬁcentia
2073 1254 2312 1321 profecta
2347 1261 2449 1308 est.
2501 1254 2614 1306 Hoc
2646 1255 2824 1323 ipsum
2867 1252 3023 1312 dixit,
3065 1250 3156 1302 ubi
3202 1260 3385 1301 sermo

1821 1353 1947 1402 erat.
1991 1345 2150 1413 119
2196 1345 2263 1398 de
2301 1348 2607 1399 Abraliamo
2643 1345 2951 1416 patriarcha
2999 1361 3012 1395 :
3060 1360 3077 1390 ι
3115 1340 3170 1392 Ei
3202 1346 3382 1391 autem

1823 1434 1914 1502 qui
1942 1447 2219 1502 operatur,
2246 1451 2456 1490 merces
2488 1452 2593 1489 non
2612 1438 2908 1503 imputatur
2936 1432 3233 1487 secundum
3264 1446 3386 1500 gra-

1823 1526 1977 1585 tiam,
2003 1529 2095 1578 sed
2126 1528 2423 1580 secundum
2454 1526 2758 1579 debitume.
2791 1545 2808 1577 ι

1899 1613 2056 1668 VEns.
2093 1619 2143 1669 7.
2192 1617 2330 1682 Quid
2361 1619 2521 1685 ergo?
2567 1615 2667 1668 Hic
2696 1613 3248 1682 subdistinguendum
3278 1620 3383 1664 est.

1824 1704 2051 1759 Ponitur
2077 1709 2218 1760 enim
2247 1709 2653 1774 interrogative,
2692 1722 2786 1776 pro
2817 1722 2882 1759 eo
2912 1705 3056 1774 quod
3087 1715 3169 1757 est
3197 1720 3210 1755 :
3246 1703 3384 1766 Quid

1825 1811 1955 1865 ergo
1984 1798 2164 1851 dicere
2195 1799 2524 1864 possumus?
2555 1779 2762 1851 'Deinde
2796 1807 2991 1850 cetera
3027 1810 3122 1864 per
3154 1807 3385 1861 respon-

1827 1888 2038 1940 sionem
2074 1905 2088 1941 :
2129 1887 2281 1952 Quod
2325 1889 2584 1954 quterebat
2617 1886 2809 1946 Israel,
2841 1888 2933 1937 hoc
2976 1902 3076 1938 non
3106 1893 3181 1936 est
3211 1899 3388 1935 conse-

1827 1989 1976 2031 cutus
2013 1995 2030 2032 :
2065 1979 2246 2031 electio
2277 1989 2449 2031 autem
2480 1988 2753 2031 consecuta
2791 1987 2903 2040 est;
2937 1977 3110 2029 cwteri
3147 1991 3262 2027 vero
3291 1989 3384 2024 ex-

1826 2075 2009 2124 ca'cati
2059 2081 2198 2125 sunt.
2245 2101 2316 2111 -
2359 2071 2676 2124 Electionem
2717 2085 2812 2122 eos
2842 2076 2999 2122 vocat
3029 2069 3124 2137 qui
3158 2082 3222 2120 ex
3258 2067 3389 2134 ipsis

1827 2164 2196 2216 crediderunt.
2249 2161 2360 2215 lloc
2412 2171 2589 2214 autem
2625 2161 2758 2214 dicit
2792 2179 2804 2212 :
2842 2160 3008 2214 Israel
3045 2160 3145 2226 legi
3198 2158 3389 2209 allixus

1829 2268 1857 2305 a
1899 2269 2065 2321 scapo
2096 2253 2387 2306 aberravit.
2422 2252 2626 2304 Contra
2662 2252 2827 2317 legem
2857 2249 3002 2303 enim
3037 2262 3183 2302 nunc
3217 2248 3386 2314 legem

1827 2355 2031 2408 servat,
2079 2355 2133 2398 et
2188 2346 2394 2397 nullam
2437 2344 2705 2411 justitiam
2756 2341 2994 2408 percipit
3038 2340 3172 2406 :qui
3209 2347 3387 2390 autem

1829 2450 1892 2488 ex
1929 2435 2007 2487 eis
2042 2435 2409 2494 crediderunt,
2440 2447 2558 2483 eam
2605 2430 2838 2484 assecuti
2871 2436 3019 2482 sunt.
3066 2425 3268 2494 Reliqui
3297 2442 3391 2477 au—

1831 2533 1929 2574 tem
1958 2523 2206 2574 excwcati
2237 2522 2396 2588 fuere,
2437 2521 2537 2572 hoc
2569 2530 2650 2572 est
2685 2538 2695 2571 :
2735 2519 3030 2571 lulidelitas
3061 2531 3155 2570 cor
3197 2531 3388 2568 corum

1830 2614 2022 2666 durius
2070 2613 2322 2665 reddidit.
2375 2612 2620 2664 Ostendit
2671 2621 2850 2664 autem
2911 2610 3013 2663 hoc
3052 2623 3272 2678 quoque
3312 2607 3392 2660 eis

1829 2708 1958 2760 olim
1993 2705 2158 2757 fuisse
2186 2705 2520 2772 praedictum.

1906 2795 2068 2848 Vens.
2111 2794 2164 2848 8.
2223 2795 2368 2846 Sicut
2415 2797 2662 2860 scriptum
2716 2804 2791 2846 est
2829 2809 2847 2846 :
2894 2792 3048 2846 Dedit
3100 2793 3208 2844 illis
3255 2791 3392 2844 Deus

1832 2889 2073 2953 spiritum
2111 2888 2563 2954 campum-tionis:
2597 2887 2771 2939 oculos
2819 2897 2874 2938 ut
2921 2903 3021 2938 non
3071 2886 3300 2946 videant,
3347 2895 3394 2937 et

1834 2996 1988 3032 aures
2027 2987 2082 3030 ut
2125 2995 2226 3030 non
2275 2978 2528 3040 audiant,
2577 2993 2737 3046 usque
2779 2979 2832 3029 in
2877 2977 3182 3030 hodiernum
3233 2976 3388 3028 diem.

1835 3067 1966 3122 Illud
1998 3068 2160 3129 dedit,
2197 3069 2338 3120 sicut
2369 3076 2423 3121 et
2459 3069 2700 3131 tradidit,
2745 3068 2982 3136 positum
3023 3075 3108 3120 est
3146 3081 3243 3133 pro
3276 3082 3393 3133 per-

163 3165 212 3214 ού
249 3163 358 3230 γὰρ
415 3163 443 3212 ὁ
497 3161 628 3221 Θεὸς
685 3159 879 3218 αὐτοὺς
941 3154 1349 3224 παρεσκεύασεν
1397 3153 1726 3220 ἀπιστῆσαι·
1759 3196 1800 3252 C

1759 3196 1800 3252 ϐ
1839 3164 2000 3218 misit.
2035 3161 2214 3229 Neque
2241 3161 2381 3213 enim
2415 3159 2557 3247 Deus
2588 3158 2817 3228 perfecit
2845 3166 2902 3211 ut
2929 3158 3029 3226 ipsi
3063 3173 3173 3210 non
3207 3158 3396 3213 crede—

164 3256 267 3316 πιέις
290 3256 406 3322 γὰρ
438 3248 558 3304 οἷον
593 3268 650 3303 τε
684 3250 778 3302 καὶ
810 3249 970 3300 αὑτὸν
1015 3249 1194 3307 αὐτοῖς
1229 3245 1459 3298 ἐνθεῖναι
1484 3243 1581 3312 τὴν
1607 3244 1733 3294 ἀπι-

167 3346 321 3407 στίαν,
359 3345 460 3395 καὶ
489 3343 655 3394 αὑτὸν
676 3341 825 3400 δίκας
845 3341 982 3409 ὑπὲρ
1001 3340 1200 3406 ταύτης
1224 3335 1510 3406 εἰσπρᾶξαι
1531 3353 1544 3400 ;
1571 3335 1736 3386 Τοῦτο

167 3438 247 3485 καί
279 3439 304 3486 ὀ
340 3436 646 3502 Προφήτης
680 3431 1008 3497 σαφέστερον
1046 3428 1276 3491 ἐδίδαξεν
1301 3443 1314 3456 ο
1358 3445 1375 3475 ι
1432 3423 1735 3492 Ἐπαχύνοη

167 3529 261 3593 γὰρ
288 3529 320 3593 ἡ
348 3524 557 3594 καρδία
583 3521 674 3572 τοῦ
709 3521 836 3572 λαοῦ
868 3519 1075 3580 τούτου,
1120 3518 1344 3577 καὶτοῖς
1376 3516 1477 3566 ὠσὶ
1528 3513 1734 3582 βαρέως

168 3618 421 3681 ἥκουσαν,
466 3615 564 3663 καὶ
596 3610 720 3672 τοὺς
762 3608 1067 3676 ὀφθαλμοὺς
1105 3606 1282 3658 αὐτῶν
1324 3607 1668 3673 ἐκάμμυσαν.
1713 3622 1729 3652 ι

167 3708 266 3756 UL:
305 3705 468 3765 ἄλλος
503 3703 686 3753 τοίνυν
716 3701 910 3761 αὐτοὺς
943 3698 1268 3765 ἐτύφλωσεν,
1297 3695 1412 3747 ἀλλ’
1438 3696 1589 3747 αὐτοὶ
1614 3695 1735 3756 τοὺς

167 3796 475 3862 ὸςθαλμοὺς
499 3793 729 3860 ἔμυσαν,
766 3793 858 3840 καὶ
889 3789 950 3840 τὸ
985 3788 1096 3854 φῶς
1149 3787 1272 3838 ἰδεῖν
1318 3787 1417 3838 ούκ
1445 3785 1733 3854 ⁴Ιλθέλησαν.

169 3883 387 3952 Πνεῦμα
421 3884 478 3933 δὲ
507 3879 854 3943 κατανύξεως
880 3877 977 3946 τὴν
1012 3875 1385 3948 ἀμετάϐλητον
1439 3875 1664 3926 ἐκάλεσε
1695 3873 1737 3902 ⁸⁸

167 3974 633 4043 γνώμη-μὮσπερ
655 3971 764 4038 γὰρ
807 3971 836 4020 ὁ
866 3970 963 4036 τὴν
989 3967 1382 4036 ἐπαινουμένην
1413 3964 1547 4032 ἔχων
1573 3963 1738 4016 κατά-

167 4067 332 4128 νυξεν,
369 4065 477 4133 τὴν
513 4062 611 4114 ἐπὶ
677 4061 736 4113 τὸ
773 4062 949 4129 χεῖρον
996 4057 1199 4128 τροπὴν
1259 4058 1357 4109 οὐκ
1410 4057 1735 4125 εἰσδέχεται⁹

167 4155 329 4217 οὕτως
357 4157 390 4207 ὁ
421 4151 707 4212 παντελῶς
730 4151 916 4203 ἑαυτὸν
937 4151 1124 4212 ἐκδοὺς
1152 4153 1216 4219 τῇ
1242 4149 1492 4218 πονηρίᾳ,
1519 4149 1614 4217 τὴν
1649 4149 1740 4199 ἐπὶ

167 4249 220 4298 τι
251 4250 512 4314 κρεῖττον
542 4245 644 4313 οὐχ
673 4245 904 4312 αἱρεῖται
931 4242 1250 4312 μεταϐολήν.

229 4434 292 4491 0',
337 4438 393 4482 ι’.
426 4429 542 4482 Kal
596 4426 769 4478 Δαὸὶδ
804 4425 998 4492 λέγει·
1052 4422 1365 4488 Γενηθήτω
1415 4423 1453 4488 ἠ
1495 4419 1742 4486 τράπεζα

1836 3264 1972 3308 rent.
2006 3252 2287 3318 Quomodo
2317 3240 2461 3304 enini
2495 3251 2606 3304 ﬁeri
2652 3259 2856 3318 posset,
2886 3256 2943 3301 ut
2974 3256 3027 3302 et
3059 3250 3173 3316 ipse
3203 3249 3281 3300 eis
3315 3250 3395 3302 in-

1835 3346 2147 3400 ﬁdelitatem
2197 3342 2546 3404 immitteret,
2592 3351 2645 3393 et
2689 3356 2789 3409 pro
2836 3355 2899 3393 ea
2951 3355 3141 3408 plenas
3186 3341 3302 3408 ipse
3332 3342 3398 3393 de

1837 3437 1944 3488 illis
1979 3432 2250 3488 sumeret?
2299 3431 2410 3484 Hoc
2457 3443 2634 3484 autem
2684 3433 2800 3498 ipse
2850 3434 3111 3499 propheta
3157 3431 3397 3498 apertius

1835 3527 2022 3580 docuit
2051 3542 2062 3576 :
2105 3545 2122 3574 ι
2157 3523 2517 3576 lncrassatum
2548 3531 2629 3574 est
2655 3537 2750 3574 cor
2786 3522 2965 3589 p0puli
3002 3521 3188 3588 hujus,
3224 3529 3276 3573 et
3303 3535 3398 3572 au-

1839 3617 1988 3669 rilius
2018 3615 2255 3684 graviter
2290 3609 2602 3673 audierunt,
2635 3621 2687 3664 et
2719 3613 2930 3664 oculos'
2964 3627 3092 3664 suos
3119 3626 3398 3679 compres-

1838 3704 2090 3760 seruntf.
2132 3725 2149 3756 ι
2201 3703 2315 3756 Non
2350 3719 2482 3772 ergo
2509 3705 2651 3758 alius
2689 3719 2783 3757 eos
2823 3704 3136 3767 ιιχοιεςαιίι,
3168 3705 3262 3756 sed
3297 3705 3397 3772 ipsi

1838 3803 2025 3854 oculos
2051 3816 2179 3854 suos
2211 3802 2546 3860 clauserunt,
2579 3809 2631 3852 et
2659 3802 2827 3853 lui-em
2863 3801 3059 3852 intueri
3089 3800 3396 3852 noluerunt.

1839 3889 2094 3956 Spiritum
2131 3899 2310 3942 autem
2349 3890 2762 3962 oompunctionis
2815 3887 3108 3956 appellavit
3162 3899 3397 3942 tuentem

1839 3981 2256 4033 immutabilem.
2319 3979 2474 4032 Sicut
2526 3980 2670 4032 cnim
2717 3980 2807 4046 qui
2865 3979 3190 4033 laudabilem
3242 3981 3401 4034 habet

1840 4069 2313 4139 coinpunctiouem
2346 4069 2665 4138 (soporem),
2714 4085 2832 4123 eam
2869 4053 2990 4137 qua:
3019 4081 3104 4124 est
3141 4072 3204 4123 ad
3249 4073 3402 4125 dcte-

1841 4163 1957 4215 rius
1985 4162 2400 4215 conversionem
2447 4177 2556 4214 non
2592 4162 2826 4230 suscipit
2861 4181 2873 4216 :
2911 4163 2984 4215 ita
3029 4163 3120 4232 qui
3159 4165 3399 4233 seipsum

1843 4254 1975 4306 vitio
2006 4255 2233 4322 pcnitus-
2259 4253 2502 4316 tradidit,
2550 4254 2904 4308 mutationem
2951 4255 3005 4307 in
3052 4255 3247 4309 melius
3294 4272 3400 4310 non

1842 4344 1993 4411 eligit

1914 4435 2080 4489 VEus.
2118 4437 2169 4498 9,
2209 4435 2288 4487 10.
2355 4434 2418 4487 Et
2458 4434 2623 4486 Darid
2655 4435 2780 4486 dicit
3025 4450 3042 4486 :
3075 4433 3199 4486 Fiat
3229 4453 3404 4488 meum

167 4521 357 4574 αὐτῶν
397 4519 663 4571 ἐνώπιον
688 4513 882 4568 αὐτῶν
908 4517 994 4579 είς
1021 4514 1258 4582 παγίδα,
1294 4513 1388 4564 καὶ
1421 4514 1506 4575 είς
1531 4510 1737 4575 θήραν,
1773 4525 1816 4578 ι)

1773 4525 1816 4578 D
1844 4545 2018 4582 eorum
2043 4544 2219 4580 coram
2242 4528 2367 4595 ipsis
2392 4529 2444 4579 in
2476 4528 2736 4594 laqueum,
2767 4537 2812 4577 et
2852 4528 2902 4576 in
2926 4528 3233 4594 captionem,
3268 4529 3401 4579 et'in

170 4615 254 4664 καὶ
282 4615 370 4676 εις
413 4606 791 4667 σκάνδαλον,
837 4606 933 4657 καί
967 4607 1052 4670 εις
1091 4602 1473 4669 ἀνταπόδομα
1516 4599 1737 4662 αὐτοῖς.

172 4699 682 4764 Σιστισθήτωσαν
715 4699 765 4748 ot
804 4695 1093 4763 ὀφθαλμοὶ
1135 4692 1330 4746 αὐτῶν
1358 4692 1464 4745 τοῦ
1486 4691 1573 4760 μὴ
1595 4692 1740 4754 βλέ-

171 4810 315 4856 πειν,
361 4790 471 4843 καί
529 4787 640 4840 τὸν
667 4786 855 4838 νῶτον
882 4781 1188 4839 astaram
1217 4786 1440 4849 παντὸς
1474 4787 1740 4853 σύγκαμ-

169 4889 299 4950 τέὋν.
331 4882 638 4951 Τράπεζαν
659 4879 715 4931 δὲ
733 4879 828 4948 τὴν
849 4876 1056 4947 τρυφὴν
1082 4877 1534 4947 προσηγόρευσεν,
1566 4875 1632 4944 ἣν
1663 4876 1739 4936 εἰς

169 4976 482 5028 talin-etim
515 4970 1022 5041 μεταδληθήσεσίιαι
1047 4967 1422 5038 προεθέστισε.

234 5076 320 5120 ια’.
353 5068 530 5133 Λέγω
564 5059 709 5116 οὖν’
735 5062 830 5126 Μὴ
876 5063 1167 5114 ἔπταισαν
1210 5061 1309 5112 ἵνα
1341 5057 1604 5122 πέσωσι;
1641 5056 1734 5124 Μὴ

171 5158 414 5224 γένοιτο.
474 5157 667 5209 Ἀλλὰ
695 5152 772 5217 τῷ
801 5151 998 5206 αὐτῶν
1022 5151 1440 5218 παραπτώματι
1468 5151 1505 5216 ἡ
1543 5166 1737 5218 σωτη-

167 5248 258 5310 ρία
313 5246 446 5310 τοῖς
485 5245 750 5302 ἔθνεσιν,
793 5247 878 5306 εις
929 5242 995 5294 τὸ
1037 5239 1452 5309 παραζὴλῶσαι
1497 5241 1737 5305 αὐτούς.

174 5336 395 5400 Τούτοις
454 5339 564 5405 γὰρ
617 5332 852 5404 πρώτοις
895 5333 946 5384 oi
992 5330 1052 5396 ἐξ
1105 5331 1280 5385 αὐτῶν
1314 5331 1739 5394 πεπιστευκότες

246 5528 272 5557 °
315 5519 481 5573 Rom.
519 5530 597 5576 Iv,
630 5513 696 5569 ι.
801 5517 820 5556 ί
861 5515 964 5567 lsa.
1000 5529 1073 5579 vi,
1103 5513 1189 5567 10.

1845 4618 2192 4678 scandalum,
2239 4625 2287 4668 et
2334 4617 2385 4667 in
2438 4616 2820 4666 retributionem
2867 4614 2999 4667 illis.
3049 4613 3404 4667 Obscureutur

1846 4710 1984 4762 oculi
2013 4724 2190 4760 eorum
2219 4723 2280 4759 ne
2307 4705 2530 4767 videant,
2561 4716 2608 4757 et
2637 4705 2850 4757 dorsum
2886 4720 3065 4756 eorum
3094 4721 3294 4772 semper
3328 4707 3406 4758 in-

1847 4816 2022 4853 curva.
2067 4797 2304 4851 Mensam
2337 4805 2514 4849 autem
2551 4797 2777 4850 delicias
2824 4796 3138 4864 appellavit,
3181 4810 3317 4864 quas
3349 4798 3403 4849 in

1847 4893 2182 4946 contrarium
2215 4887 2505 4942 mutandas
2537 4888 2804 4956 praedixit.

1914 5058 2078 5113 Vnus.
2113 5059 2196 5110 ll.
2242 5055 2372 5108 Dico
2395 5069 2558 5121 ergo:
2594 5051 2844 5120 Nunquid
2877 5053 3202 5120 offenderunt
3228 5063 3284 5106 ut
3318 5070 3408 5107 ca-

1844 5151 2061 5204 derent?
2089 5147 2255 5202 Absit.
2291 5145 2391 5199 Sed
2424 5145 2636 5196 illorum
2665 5144 2853 5196 delicto
2880 5143 3026 5197 salus
3047 5153 3122 5197 est
3146 5145 3402 5213 gentibus.

1847 5250 1902 5292 ut
1939 5242 2056 5293 illos
2092 5237 2424 5293 aemulentur.
2472 5237 2569 5288 liis
2601 5236 2747 5288 enim
2783 5235 2974 5303 primis
3007 5234 3041 5287 ii
3075 5235 3167 5302 qui
3202 5250 3263 5288 es
3323 5235 3405 5290 eis

1847 5332 2191 5388 crediderant
2253 5329 2545 5385 salutarem
2595 5327 3034 5397 pradicatiouem
3087 5327 3405 5384 attulerunt.

1477 5669 1706 5726 VARUS
1747 5663 2145 5724 LECTIONES.

270 5790 316 5820 ⁸⁵
342 5788 390 5845 Δ
407 5785 728 5857 εἰργάσατο.
807 5785 851 5817 ⁸⁵
886 5782 928 5836 Β
952 5783 1156 5837 ἐκάλει.
