4210 6438
778 376 889 441 ’171

1386 489 1611 544 CAPUT
1655 490 1742 543 XI.

869 583 1030 635 Vsus.
1070 583 1117 635 Ι.
1164 580 1287 633 Dico
1315 596 1435 649 ergo
1465 597 1482 632 :
1520 578 1772 649 Nunquid
1809 578 1947 632 Deus
1981 579 2167 646 repulit
2192 593 2355 645 popu-

790 674 899 727 lum
935 674 1131 728 suum?
1160 670 1329 725 Absit.
1374 670 1576 725 Deinde
1605 685 1728 724 eum
1756 676 1943 738 posset
1957 684 2032 723 ex
2061 668 2187 722 aliis
2219 667 2356 720 mul-

788 764 859 817 tis
889 764 995 816 hoc
1026 762 1280 831 probare,
1310 768 1365 813 et
1397 760 1451 812 in
1482 757 1721 812 medium
1750 756 1995 828 proferre
2025 759 2129 810 tria
2162 754 2350 820 millia,

786 869 908 923 quae
932 851 1327 922 Hierosolymis
1348 848 1717 913 crediderunt,
1747 857 1801 903 et
1827 848 2027 901 multas
2055 845 2352 917 myriadas,

784 944 856 1000 de
880 946 1082 1014 quibus
1107 943 1239 997 dicit
1256 950 1478 1020 sanctus
1502 940 1742 998 Iacobus
1772 939 1823 1004 ἀ,
1844 950 1898 993 et
1916 952 2010 992 eos
2035 938 2125 1008 qui
2157 937 2212 991 in
2237 944 2355 989 toto

788 1046 1058 1089 terrarum
1088 1034 1218 1087 orbe
1244 1031 1537 1097 ex-Judaeis
1569 1031 2008 1101 praedicationem
2037 1041 2351 1097 suscepere,

786 1140 888 1194 pro
920 1125 1005 1178 bis
1039 1122 1297 1178 omnibus
1331 1123 1572 1191 seipsum
1602 1119 1863 1184 ostendit,
1896 1125 1951 1173 et
1980 1117 2113 1171 dicit
2142 1134 2157 1170 :

863 1297 1003 1349 Nam
1040 1306 1090 1349 et
1129 1312 1222 1365 ego
1277 1296 1529 1349 Israelita
1555 1308 1691 1357 sum,
1726 1308 1791 1348 ea:
1819 1291 2010 1345 semine
2038 1284 2349 1349 Abrahami,

786 1386 851 1441 de
879 1386 1017 1439 tribu
1048 1386 1394 1455 Benjamiuis.
1448 1383 1636 1455 (Vens.
1676 1382 1755 1453 2.)
1806 1380 1929 1435 Νοη
1973 1379 2163 1446 repulit
2215 1376 2351 1429 Deus

787 1477 982 1546 plebem
1020 1493 1192 1544 suam,
1226 1494 1383 1547 quam
1431 1476 1712 1546 prmscivit.
1765 1472 1821 1526 Si
1855 1472 2002 1526 enim
2039 1469 2351 1538 repulisset,

785 1584 960 1624 essem
983 1576 1037 1623 et
1062 1584 1162 1638 ego
1191 1584 1332 1622 unus
1350 1582 1541 1622 eorum
1574 1565 1668 1635 qui
1698 1574 2047 1620 accusantur.
2076 1561 2352 1632 Egoenim

786 1679 852 1717 ex
886 1664 977 1716 illa
1009 1662 1197 1716 radice
1222 1660 1424 1730 prodii,
1461 1668 1515 1713 et
1540 1657 1758 1728 generis
1794 1664 2072 1725 parentem
2100 1651 2353 1705 Abraha-

788 1771 934 1809 mum
964 1755 1223 1826 praedico,
1247 1760 1308 1807 et
1340 1753 1408 1807 de
1438 1752 1755 1819 Benjamine
1785 1750 1965 1803 tribus
1991 1762 2123 1802 mea:
2153 1754 2346 1800 aucto-

1752 378 2233 438 'i‘HEODORETI
2277 378 2611 438 EPISCOPI
2641 379 3001 439 CYRENSIS

2962 489 3353 556 unusnon
3386 489 3483 541 me.

2526 586 2591 631 α’.
2625 579 2784 648 Λέγω
2833 575 2973 635 οὖν·
3024 580 3119 655 Μὴ
3169 572 3447 635 ἀπώσατο
3488 584 3520 634 ό
3569 580 3708 647 Θεὸς
3743 579 3846 635 τόν
3863 582 4017 636 ,ιαύν

2455 671 2678 735 aurci};
2712 672 2808 739 Μὴ
2844 673 3092 740 γένοιτο.
3130 669 3262 725 Εἶτα
3305 672 3405 742 τὴν
3429 670 3615 726 τούτου
3661 672 3933 738 ἀπόδειξιν
3959 673 4017 738 ἐξ

2455 765 2658 834 ἐτέρων
2684 763 2890 816 πολλῶν
2922 764 3215 833 δυνάμενος
3272 768 3593 834 παρασχεῖν,
3646 766 3740 818 καὶ
3791 766 4017 835 ἀγαγεῖν

2455 857 2531 917 είς
2570 855 2731 923 μέσον
2776 855 2901 919 τούς
2931 871 2987 908 τε
3046 856 3103 909 ἐν
3156 856 3545 925 Ἱεροσολύμοις
3591 857 4016 919 πεπιστευκότας

2453 943 2801 1014 τρισχιλίους,
2834 945 2929 996 καὶ
2978 943 3076 1007 τάς
3126 943 3326 1007 πολλὰς
3368 944 3654 1014 μυριάδας,
3705 944 3834 1013 περὶ
3875 937 3951 996 ὧν
3990 944 4019 994 ό

2458 1035 2627 1103 μέγας
2669 1032 2921 1095 ἰάκωόος
2946 1033 3071 1104 ἔφη’,
3102 1035 3198 1087 καὶ
3238 1034 3363 1097 τοὺς
3407 1035 3546 1087 κατά
3574 1033 3671 1103 τὴν
3697 1033 4018 1102 οἰκουμένην

2449 1124 2514 1188 eg
2564 1124 2828 1178 Ἰουδαίων
2860 1124 2907 1155 ⁸⁸
2933 1123 3256 1193 δεξαμένους
3280 1124 3341 1176 τδ
3368 1125 3649 1194 κήρυγμα,
3671 1124 3791 1176 ἀντὶ
3816 1122 4019 1177 τούτων

2455 1215 2671 1269 πάντων
2703 1216 2892 1269 ἑαυτὸν
2930 1215 3284 1278 ἐπιδείκνυσι,
3317 1215 3409 1267 καί
3432 1232 3563 1285 φησι
3586 1231 3598 1246 '

2468 1378 2474 1383 ﬁ
2524 1307 2631 1361 Καὶ
2665 1306 2775 1374 γὰρ
2810 1306 2924 1375 ἐγὼ
2968 1307 3339 1375 Ἰσραηλίτης
3375 1306 3515 1373 ειμι,
3562 1305 3630 1358 ἐκ
3678 1304 4020 1373 σπέρματος

2466 1397 2733 1467 Ἀϐραὰμ,
2765 1397 2964 1467 φυλῆς
3027 1399 3324 1465 Βενιαμίν.
3361 1397 3475 1467 (β’.)
3518 1399 3637 1452 Οὐκ
3673 1397 3953 1450 ἀπώσατο
3987 1400 4020 1449 ό

2456 1489 2600 1556 Θεὸς
2654 1489 2761 1542 τὸν
2802 1488 2956 1543 λαὸν
3006 1487 3213 1554 αὑτοῦ,
3248 1488 3321 1542 ὃν
3358 1487 3641 1558 προέγνω.
3679 1488 3740 1539 El
3771 1488 3877 1556 γὰρ
3921 1487 4022 1539 ἀπο

2453 1580 2651 1643 ώσατο,
2706 1574 2785 1642 εἷς
2817 1580 2882 1633 ἂν
2933 1574 3001 1649 ἦν
3040 1579 3147 1632 τῶν
3193 1579 3678 1650 κατηγορουμένων
3713 1577 3885 1645 κάγώ.
3929 1576 4019 1639 Ἐξ

2452 1669 2665 1738 ἐκείνης
2732 1669 2839 1740 γάρ
2889 1668 3040 1737 κάγὼ
3078 1670 3174 1740 τῆς
3214 1670 3368 1739 ῥίζης
3428 1668 3752 1739 ἐϐλάστησα,
3796 1668 3889 1720 καὶ
3926 1666 4018 1718 τὸν

2467 1760 2718 1831 Ἀϐραὰμ
2767 1760 2916 1829 αὐχῶ
2973 1760 3267 1829 πρόγονον,
3318 1760 3411 1812 καὶ
3455 1759 3547 1810 τὸν
3579 1758 3838 1825 Βενιαμὶν
3890 1757 4016 1826 φύλ-

787 1860 865 1907 re,
899 1818 1057 1898 et-de
1082 1842 1343 1897 Israelita:
1385 1841 1752 1911 appellatione
1780 1838 2003 1908 glorior.
2055 1836 2220 1892 Recte
2252 1850 2348 1890 au-

2456 1818 2644 1920 αρχον,
2678 1818 2771 1902 καὶ
2803 1818 2869 1918 τῇ
2905 1849 2997 1901 τοῦ
3021 1818 3263 1918 ’Ἰσραὴλ
3288 1848 3626 1919 προσηγορίᾳ
3662 1818 4013 1917 σεμνύνομαι,

786 1947 895 1989 tem
929 1934 1132 2003 adjecit
1160 1944 1212 1988 et
1243 1932 1401 1995 illud,
1428 1947 1581 2001 quem
1604 1931 1881 1998 praesciuit,
1918 1928 2104 1994 idest,
2132 1942 2229 1982 eos
2260 1926 2350 1995 qui

768 2026 934 2095 digni
968 2025 1189 2078 luerunt
1220 2022 1311 2079 Dei
1340 2020 1675 2092 cognitione,
1712 2020 1804 2088 qui
1842 2019 2191 2088 splendorem
2225 2015 2352 2071 ﬁdei

788 2122 1173 2185 susceperunt.
1209 2112 1321 2169 IIoc
1350 2112 1496 2167 enim
1532 2122 1719 2182 postea
1750 2110 1926 2165 docet.

856 2290 936 2343 Αη
970 2288 1180 2343 nescitis
1212 2287 1267 2341 in
1298 2286 1420 2342 Elia
1448 2284 1573 2355 quid
1603 2286 1745 2336 dicat
1776 2282 2073 2351 Scriptura,
2102 2280 2353 2349 quemad-

765 2382 998 2437 ~rnodum
1023 2382 1319 2449 interpellat
1356 2378 1515 2431 Deum
1540 2376 1796 2429 adversus
1834 2373 2129 2429 lsraelems?
2158 2371 2348 2443 (Vens.

784 2475 838 2535 5,
871 2474 950 2541 4.)
997 2470 1240 2535 Domine,
1271 2467 1547 2535 prophetas
1584 2474 1697 2518 tuos
1732 2462 2048 2522 occiderunt,
2077 2469 2123 2512 et
2153 2458 2351 2511 altaria

780 2575 877 2619 tua
909 2563 1275 2632 suffoderunt.;
1322 2568 1372 2614 et
1411 2575 1502 2627 ego
1535 2557 1744 2610 relictus
1772 2570 1888 2608 sum
1925 2552 2091 2616 solus,
2126 2559 2175 2603 et
2204 2564 2348 2618 quo:-

782 2665 905 2710 runt
957 2656 1188 2709 animam
1237 2667 1431 2705 meam.
1483 2647 1595 2703 Sed-
1632 2644 1755 2717 quid
1803 2645 1930 2698 dicit
1986 2642 2069 2695 illi
2115 2637 2349 2694 divinum

782 2748 1124 2817 responsum?
1166 2742 1374 2812 Reliqui
1404 2740 1529 2794 mihi
1558 2748 1750 2808 septem
1783 2736 1951 2788 millia
1981 2736 2233 2795 virorum,
2261 2733 2349 2799 qui

760 2856 887 2894 -non
923 2843 1264 2892 curvaverunt
1290 2849 1422 2903 genu
1451 2840 1571 2884 ante
1619 2827 1860 2882 Baalem.
1908 2825 2007 2878 Illo
2036 2825 2224 2884 etiam,
2259 2823 2348 2875 in-

781 2932 922 3003 quit,
967 2938 1214 2998 tempore
1262 2926 1448 2980 multa:
1492 2920 1771 2993 myriades
1816 2925 1973 2973 erant
2020 2915 2261 2976 Israelis.
2295 2922 2350 2970 et

782 3036 975 3078 omnes
1018 3018 1185 3075 Israel
1224 3016 1605 3081 vocabantur;
1655 3012 1751 3067 sed
1787 3011 2171 3064 universorum
2203 3004 2348 3060 Deus

2453 1940 2650 2006 Καλῶς
2700 1940 2756 1992 δὲ
2799 1940 2909 2007 καὶ,
2939 1939 3011 1993 δν
3057 1940 3340 2007 προέγνω,
3374 1939 3749 2015 σφοστέθεικε,
3775 1938 4017 1988 τουτέστι

2450 2032 2576 2094 τοὺς
2606 2029 2705 2099 τῆς
2740 2029 3068 2098 θεογνωσίας
3107 2029 3313 2094 ἀξίους,
3371 2029 3495 2091 τοὺς
3546 2030 3643 2098 τῆς
3674 2028 3903 2091 πίστεως
3929 2028 4018 2079 δε-

2453 2122 2717 2193 ξαμένους
2749 2122 2866 2198 ’τὴν
2918 2121 3131 2193 αἴγλην.
3184 2121 3353 2181 Τοῦτο
3421 2120 3522 2192 γὰρ
3566 2118 3703 2190 μετὰ
3738 2117 3907 2171 ταῦτα
3937 2117 4018 2170 δι·

2448 2213 2659 2268 δάσκει.
3383 2258 3386 2262 λ

2522 2309 2599 2360 ’⁸11
2622 2307 2734 2358 οὐκ
2770 2305 2967 2358 οἴδατε
3014 2304 3083 2356 ἐν
3133 2302 3305 2369 Ἠλίᾳ
3329 2303 3386 2356 τί
3412 2300 3573 2371 λέγει
3602 2302 3641 2369 ὴ
3676 2300 3909 2370 Γραφὴ,
3935 2300 4017 2365 ὡς

2449 2396 2798 2466 ἐντυγχάνει
2837 2395 2915 2461 τῷ
2964 2394 3085 2459 Θεῷ
3143 2395 3292 2448 κατὰ
3328 2395 3434 2448 τοῦ
3484 2392 3760 2461 Ἰσραήλ;
3804 2391 3893 2463 (γ’,
3926 2392 4014 2456 δ’.)

2449 2489 2645 2555 Κύριε,
2686 2486 2847 2553 τοὺς
2894 2485 3203 2554 προφήτας
3256 2499 3370 2538 σου
3408 2483 3785 2546 ἀπέκτειναν,
3815 2481 3912 2535 καί
3946 2481 4018 2533 τὰ

2449 2576 2848 2645 θυσιαστήριά
2876 2594 2990 2630 σου
3012 2577 3423 2643 κατέσκαψαν.
3448 2574 3619 2644 Κάγὼ
3647 2574 4017 2641 ὑπελείφθην

2443 2670 2650 2738 μόνος,
2690 2669 2785 2721 καί
2839 2666 3080 2732 ζητοῦσι
3117 2664 3234 2734 τὴν
3278 2666 3491 2735 ψυχήν
3531 2683 3669 2735 μου.
3724 2664 3908 2719 Ἀλλὰ
3960 2665 4018 2717 τι

2447 2759 2609 2828 λέγει
2639 2757 2796 2823 αὐτῷ
2818 2758 2861 2788 ³³
2884 2761 2916 2811 ό
2944 2756 3389 2825 χρηματισμός
3419 2755 3754 2811 Κατέλιπον
3784 2752 4018 2823 ἐμαυτῷ

2447 2850 2940 2917 ἑπτακισχιλίους
2957 2846 3197 2914 ἄνδρας,
3216 2847 3428 2911 οἵτινες
3442 2846 3551 2898 οὐκ
3572 2845 3855 2912 ἔκαμψαν
3870 2844 4015 2913 γόνυ

2448 2936 2522 3005 τῇ
2548 2938 2732 2991 Βάαλ.
2764 2937 2869 2990 Καὶ⁵
2900 2936 3018 2989 κατ’
3046 2938 3274 2999 ἐκεῖνον,
3307 2936 3461 3005 φησὶ,
3484 2935 3575 2988 τὸν
3602 2934 3792 3003 καιρὸν
3820 2932 4017 2985 πολλαὶ

2451 3028 2704 3098 μυριάδες
2727 3023 2866 3097 ἦσαν
2883 3026 2975 3079 τοῦ
3022 3025 3253 3097 Ἰσραὴλ,
3286 3026 3380 3077 καὶ
3411 3025 3609 3087 πάντες
3650 3022 4016 3095 Ἰσραὴλὼνο-

762 3113 947 3183 .’118
993 3126 1053 3167 se
1094 3118 1302 3180 septem
1353 3106 1582 3161 millium
1634 3102 1803 3157 Deum
1855 3099 2169 3170 appellavit,
2210 3097 2345 3151 alios

2451 3097 2712 3188 μάζοντοο
2758 3119 2872 3171 ἀλλ’
2904 3121 2932 3171 ὁ
2958 3118 3065 3172 τῶν
3089 3117 3225 3171 ὅλων
3259 3116 3392 3179 Θεὸς
3448 3116 3555 3168 τῶν
3599 3113 4017 3197 ἑπτακισχιλίων

779 3210 962 3257 autem
992 3215 1182 3255 omnes
1212 3196 1542 3267 reprobavit.
1575 3193 1780 3262 Reliqui
1806 3192 1965 3253 enim,
1990 3189 2189 3259 inquit,
2215 3187 2342 3241 mihi

780 3303 971 3362 septem
994 3292 1165 3346 millia
1190 3291 1443 3352 virorum,
1468 3287 1555 3358 qui
1583 3302 1684 3339 non
1707 3285 2050 3337 iucurvarunt
2071 3296 2203 3351 genu
2224 3288 2345 3334 ante

769 3371 1021 3439 Baalem.
1058 3383 1176 3451 Ipse
1203 3387 1382 3435 autem
1417 3376 1677 3446 propheta
1703 3375 1809 3429 hoc
1838 3374 2003 3429 etiam
2037 3371 2342 3443 ignorabat,

778 3485 834 3529 et
860 3476 912 3527 iu
943 3489 1001 3529 se
1036 3474 1154 3527 solo
1189 3482 1431 3526 servatas
1462 3483 1583 3523 esse
1613 3466 1828 3535 pietatis
1863 3464 2127 3533 reliquias
2155 3463 2346 3517 existi-

780 3566 982 3618 muhat.
1010 3552 1133 3617 Non
1164 3570 1248 3616 est
1278 3575 1407 3630 ergo
1442 3574 1642 3613 novum
1681 3557 1762 3610 vel
1793 3555 2135 3616 incredibile,
2168 3554 2213 3608 si
2247 3569 2343 3611 vos

779 3670 999 3726 quoquc
1030 3652 1296 3723 ignoratis
1322 3665 1415 3705 eos
1447 3649 1537 3719 qui
1568 3664 1632 3704 ex
1665 3647 1820 3702 vobis
1848 3646 2127 3726 Servatori
2165 3645 2346 3700 credi-

775 3747 998 3809 derunt,
1035 3759 1177 3815 quos
1206 3742 1348 3797 Deus
1381 3742 1764 3795 universorum
1795 3738 2030 3808 appellat
2058 3737 2340 3808 populum.

776 3837 1093 3909 Opportune
1126 3842 1310 3889 autem
1357 3847 1613 3903 maguum
1644 3830 1830 3884 (Etiam
1872 3832 1928 3885 in
1962 3830 2198 3885 medium
2247 3829 2342 3882 ad-

777 3929 954 3991 duxit,
984 3928 1078 3997 qui
1105 3941 1205 3982 eos
1230 3924 1528 3988 accusavit,
1560 3922 1704 3993 quod
1743 3936 1851 3976 non
1894 3921 2069 3976 solum
2103 3918 2340 3988 prophe-

776 4032 861 4076 tas
891 4020 1292 4080 iuteremerint,
1326 4016 1420 4082 sed
1448 4016 1609 4070 etiam
1652 4013 1845 4066 altaria
1871 4028 1937 4066 ex
1972 4011 2110 4081 ipsis
2145 4009 2341 4064 funda-

777 4110 981 4166 mentis
1006 4107 1298 4162 dirucrint.
1335 4102 1534 4157 Demus
1562 4102 1705 4157 enim
1738 4115 1833 4156 eos
1860 4100 2029 4154 fuisse
2060 4098 2339 4169 prophetis

776 4200 1057 4263 infensos,
1108 4203 1170 4251 ut
1212 4195 1305 4266 qui
1352 4194 1529 4248 tristia
1578 4192 1689 4247 illis
1736 4191 2094 4261 praedicerent
2144 4207 2159 4244 :
2203 4187 2339 4257 quid

775 4292 950 4362 culpa:
981 4296 1235 4360 poterant
1264 4287 1321 4341 in
1352 4285 1538 4340 divina
1569 4284 1768 4337 altaria
1802 4280 2223 4337 conferre‘i’sed
2254 4288 2338 4333 ta-

777 4383 916 4436 libus
961 4379 1111 4434 ausis
1157 4377 1513 4432 declararunt
1548 4389 1608 4429 se
1662 4374 1859 4427 borum
1907 4371 2076 4425 Deum
2131 4371 2333 4426 odisse.

2434 3210 2631 3262 «ἐαυτὸν
2672 3209 2803 3261 Θεὸν
2830 3208 3256 3280 προσηγόρευσε,
3293 3207 3419 3269 ’τοὺς
3452 3206 3507 3259 δὲ
3538 3195 3727 3266 ἄλλους
3763 3204 4017 3257 ἀπεδοκί-

2447 3318 2614 3372 μασεν
2646 3300 2908 3360 ἅπαντας.
2940 3299 3277 3353 Κατέλιπον
3288 3299 3394 3367 γὰρ
3411 3295 3662 3365 ἐμαυτῷ,
3689 3295 3815 3365 ἔφη,
3839 3295 4018 3348 ἐπτα-

2444 3392 2783 3458 κισχιλιόυς
2804 3388 3044 3456 ἄνδρας.
3088 3389 3304 3453 οἵτινες
3335 3387 3379 3418 ⁶⁰
3407 3389 3518 3439 οὐκ
3548 3386 3829 3455 ἔκαμψαν
3860 3385 4014 3453 γόνυ

2442 3480 2516 3549 τῆ
2537 3480 2722 3534 Βάαλ.
2766 3480 2823 3533 ’0
2852 3479 3032 3549 μέντοι
3073 3480 3363 3550 Προφήτης
3389 3476 3659 3531 καὶτοῦτο
3682 3476 3886 3545 ἠγνόει,
3917 3476 4015 3527 καὶ⁵

2441 3573 2500 3625 ἐν
2532 3571 2679 3641 αὑτῷ
2705 3570 2846 3641 μόνῳ
2870 3570 2939 3623 τὰ
2978 3569 3205 3639 λείψανα
3257 3568 3522 3622 σεσῶσθαι
3580 3567 3680 3636 τῆς
3732 3566 4015 3629 εὐσεϐείας

2442 3663 2711 3733 ἐνόμιζεν.
2770 3663 2937 3716 Οὐδὲν
2978 3656 3072 3715 οὖν
3119 3661 3323 3725 καινὸν,
3372 3662 3406 3731 ἢ
3463 3659 3781 3730 παράδοξον,
3819 3660 3865 3711 εί
3915 3658 4013 3711 καὶ

2442 3756 2595 3825 ὑμεῖς
2626 3757 2872 3824 ἀγνοεῖτε
2903 3756 3029 3818 τοὺς
3073 3755 3132 3821 ἐξ
3164 3755 3316 3824 ὑμῶν
3363 3753 3439 3823 τῷ
3472 3754 3681 3822 Σωτῆρι
3722 3766 4013 3804 πεπιστευ-

2440 3844 2626 3907 κότας,
2660 3842 2755 3906 οὓς
2800 3843 2927 3896 λαὸν
2977 3845 3006 3896 ό
3048 3843 3157 3897 τῶν
3180 3844 3316 3897 ὅλων
3348 3842 3743 3914 προσαγορεύει
3768 3842 3897 3903 Θεός
3937 3842 4010 3896 ⁸³.

2440 3930 2537 3992 El;
2568 3930 2758 3999 καιρὸν
2790 3930 2846 3982 δὲ
2877 3930 2968 3983 τὸν
3020 3930 3194 4001 μέγαν
3242 3931 3423 3986 Ἠλίαν
3473 3934 3552 3995 είς
3608 3932 3769 4002 μέσον
3810 3932 4009 4001 ἧγαγε.

2440 4018 2537 4089 τὴν
2568 4021 2688 4073 κατ’
2714 4019 2936 4073 ἐκείνων
2975 4022 3341 4092 πεποιημένον
3374 4022 3612 4093 γραφὴν,
3647 4022 3719 4083 ὡς
3754 4023 3813 4073 οὐ
3848 4022 4009 4091 μόνον

2439 4108 2564 4171 τοὺς
2588 4111 2871 4179 προφήτας
2901 4110 3217 4176 ἀνελόντων,
3248 4113 3380 4166 ἀλλά
3416 4114 3509 4167 καὶ
3545 4112 3615 4166 τὰ
3639 4113 4007 4182 ουσιαστήρια

2439 4203 2504 4254 ἐκ
2538 4200 2752 4272 βάθρων
2792 4204 3242 4259 ἀνασπασάντων.
3268 4204 3457 4272 Δῶμεν
3479 4205 3586 4278 γάρ
3628 4206 3707 4257 ὅτι
3727 4202 4007 4274 δυσμενῶς

2439 4294 2566 4363 περὶ
2596 4295 2719 4357 τοὺς
2750 4297 3032 4365 προφήτας
3060 4295 3338 4363 διέκειντο,
3362 4300 3436 4361 ὡς
3454 4299 3521 4351 τὰ
3543 4297 3839 4369 σκυθρωπά
3867 4314 4006 4367 προ-

2436 4372 2816 4447 θεσπίζοντας·
2848 4384 2900 4438 τί
2922 4383 3043 4449 ⁷ιοῖς
3078 4386 3243 4450 θείοις
3264 4383 3407 4458 εἶχον
3437 4389 3685 4455 ἐγκαλεῖν
3709 4388 4006 4457 Θυσιαστη-

773 4474 945 4528 Porro
989 4478 1167 4526 autem
1204 4468 1423 4523 divinus
1450 4465 1749 4535 Apostolus
1780 4480 1808 4518 a
1847 4464 2151 4533 Scripturae
2177 4463 2337 4518 testi-

2441 4473 2575 4545 ρίοις
2600 4492 2614 4538 ;
2643 4474 2757 4527 ἀλλ’
2779 4475 3051 4544 ἐδήλωσαν
3080 4476 3147 4529 δι’
3190 4470 3264 4531 ὧν
3310 4480 3632 4549 ἐτόλμησαν,
3662 4481 3737 4541 ὼς
3765 4480 3854 4532 τὸν
3883 4480 4007 4532 τούο

776 4560 959 4615 monio
981 4558 1048 4613 ad
1078 4557 1355 4628 propriam
1384 4556 1583 4609 transit
1610 4553 1937 4616 orationem,
1963 4560 2018 4607 et
2046 4551 2181 4607 dicit
2213 4569 2227 4607 :

845 4838 1007 4892 Vnus.
1039 4836 1092 4901 5,
1129 4837 1183 4891 6.
1232 4834 1318 4890 Sic
1345 4852 1467 4906 ergo
1509 4845 1557 4889 et
1610 4836 1663 4889 in
1706 4834 1801 4888 hoc
1836 4843 2063 4903 tempore
2095 4837 2330 4905 reliquiae

770 4928 1053 4983 secundum
1097 4926 1398 4981 electionem
1447 4927 1637 4997 gratia!
1672 4926 1828 4998 facta:
1861 4937 2003 4979 sunt.
2054 4925 2117 4981 Si
2157 4938 2332 4982 autem

2441 4581 2550 4618 των
2574 4566 2795 4635 ἐμίσουν
2811 4566 2964 4620 Θεόν.
2995 4566 3055 4621 '0
3078 4569 3259 4637 μέντοι
3280 4571 3422 4632 θεῖος
3452 4572 3767 4632 Ἀπόστολος
3802 4572 3865 4623 ὲκ
3903 4571 4005 4639 τῆς

2442 4655 2720 4725 Γραφικῆς
2791 4658 3095 4728 μαρτυρίας
3160 4660 3250 4712 ἐπὶ
3292 4660 3384 4713 τὸν
3434 4663 3632 4714 οἰκεῖον
3690 4661 4007 4731 μεταϐαίνει

2439 4748 2614 4815 λόγον,
2649 4746 2742 4800 καί
2765 4765 2927 4817 φησιν
2949 4763 2964 4778 ·

2506 4844 2568 4903 ε’,
2604 4844 2669 4902 ς’.
2702 4838 2899 4903 Οὕτως
2934 4834 3048 4893 οὖν
3072 4840 3168 4892 καί
3189 4841 3233 4872 ⁸⁸
3259 4840 3329 4892 ὲν
3353 4838 3432 4905 τῷ
3454 4840 3569 4893 νῦν
3585 4841 3762 4907 καιρῷ
3785 4840 4007 4909 λεῖμμα

2438 4930 2563 4981 κατ’
2592 4927 2858 4998 ἐκλογὴν
2883 4927 3121 4998 χάριτος
3158 4929 3423 4999 γέγονεν.
3451 4932 3515 4983 Εί
3548 4930 3616 4982 δὲ
3628 4931 3838 4999 χάριτι,
3861 4934 4006 4985 οὐκ·

768 5017 963 5085 gratia,
982 5015 1099 5084 jam
1122 5031 1224 5068 non
1254 5029 1319 5067 ex
1345 5016 1582 5083 operibus
1613 5030 1631 5067 :
1663 5014 1859 5084 alioqui
1886 5016 2059 5084 gratia
2082 5016 2200 5083 jam
2230 5033 2334 5071 non

2434 5017 2521 5072 ἐτι
2556 5019 2625 5082 ἐξ
2651 5017 2870 5087 ἔργων’
2897 5019 3026 5072 ἐπεὶ
3046 5021 3085 5087 ἡ
3117 5020 3291 5088 χάρις
3319 5020 3525 5075 οὐκέτι
3547 5022 3677 5075 ἐστὶ
3713 5020 3900 5090 χάρις.
3934 5026 4007 5076 El

768 5116 845 5160 est
870 5107 1064 5176 gratia.
1097 5104 1157 5161 Si
1189 5114 1363 5158 autem
1385 5120 1450 5158 ex
1472 5106 1736 5173 operibus,
1771 5121 1875 5159 non
1901 5114 1979 5158 est
2010 5107 2188 5176 utique
2216 5123 2335 5176 gra-

770 5198 865 5259 tia,
893 5195 1305 5266 quandoquidem
1336 5211 1463 5263 opus
1480 5194 1598 5265 jam
1624 5211 1727 5251 non
1764 5205 1842 5249 est
1870 5212 2019 5264 opus.
2054 5196 2333 5262 Quemad-

835 5375 862 5414 4
903 5374 1029 5427 Aet.
1054 5388 1151 5426 ιιι
1176 5412 1191 5441 ,
1221 5372 1320 5429 9.0.

2434 5107 2504 5161 δὲ
2543 5108 2613 5173 ἐξ
2645 5108 2853 5179 ἔργων,
2919 5108 3117 5164 οὐκέτι
3163 5110 3294 5165 ἐστι
3332 5110 3522 5179 χάρις,
3552 5111 3682 5165 ἐπεὶ
3722 5112 3787 5166 τὸ
3824 5112 4009 5179 ἔργον

2438 5202 2640 5256 οὐκέτι
2669 5202 2843 5257 ἐστίν
2875 5201 3066 5272 ἔργον.
3123 5202 3391 5272 Καθάπερ
3416 5204 3462 5235 ⁸³
3500 5204 3640 5267 τότε,
3672 5204 3858 5273 φησὶν,
3890 5201 4005 5255 ἀπὸ

2022 5494 2258 5549 ΥΑΒΙΑΞ
2289 5493 2695 5552 LECTIONES.

837 5609 883 5679 ξε
905 5611 946 5661 Α
975 5607 1085 5661 τῶν
1139 5606 1423 5679 Ἰουδαίων.
1456 5677 1473 5679 A
1498 5606 1546 5679 ’ξ
1572 5606 1723 5677 αὐτῷ
1754 5605 1904 5679 (East
1935 5607 1987 5662 in
2016 5609 2075 5663 Β.
2154 5612 2198 5644 ⁸⁸
2239 5614 2293 5666 οῖ
2331 5630 2473 5679 τινες
2500 5646 2571 5655 -
2600 5613 2745 5667 Βάαλ
2797 5614 3145 5670 desideratur
3172 5614 3226 5671 in
3257 5618 3321 5673 Δ.
3400 5617 3443 5648 ⁸³
3474 5617 3517 5669 Α
3549 5616 3657 5669 τῶν
3691 5615 3943 5669 ἁπάντων
3970 5618 4004 5668 ό

768 5677 969 5747 Κύριος
1012 5692 1245 5747 προσαγ.
1297 5677 1388 5729 καὶ
1442 5677 1594 5738 Θεός.

766 5744 812 5777 ⁸⁸
842 5744 881 5801 Δ
911 5744 1096 5818 ὥσπερ
1124 5746 1251 5817 γάρ.

1695 5675 1739 5710 ⁸⁸
1767 5675 2177 5736 Theodoret-ad
2227 5682 2325 5737 Isa.
2362 5675 2473 5750 xu,
2509 5685 2576 5739 H
2617 5703 2629 5738 :
2666 5684 2806 5739 οὕτω
2841 5686 2936 5740 καὶ
2970 5688 3029 5739 ἐν
3064 5686 3158 5740 νῦν
3212 5685 3387 5756 καιρῷ
3416 5686 3465 5741 λ.
3500 5704 3553 5742 κ.
3595 5687 3640 5739 ἐ.
3684 5704 3734 5755 χ.
3782 5690 3999 5752 γέγονε.
