4210 6438
194 412 302 480 1ἷ3

1037 416 1638 479 INTERPRETATIO
1676 412 1907 473 EPIST.
1963 419 2061 477 AD
2091 419 2270 478 ΗΘΜ.
2325 421 2479 480 CAP.
2518 426 2619 483 XI.

3326 414 3425 482 17-5

196 529 484 604 μυριάδων
568 529 806 599 ἀπείρων
880 529 1269 598 ἑπτακισχίλιοι
1336 526 1836 593 κατελείφθησανΑ

1761 526 1836 578 Ἀ
1868 531 2082 580 modum
2133 540 2291 595 tunc,
2348 534 2555 602 inquit,
2602 550 2664 588 ex
2725 533 3060 603 myriadibus
3118 531 3423 584 innumeris

197 621 366 689 μόνον
392 621 492 688 τῆς
525 620 778 681 ἀσεϐείας
805 619 1073 687 ἐλεύθεροι
1097 635 1110 648 ·
1147 619 1288 670 οὕτω
1317 620 1411 670 καὶ
1431 617 1530 668 νῦν
1553 614 1763 674 πλείους

199 713 298 782 μὲν
328 715 377 764 οἱ
402 715 820 782 ἀπιστήσαντες,
874 710 1122 772 ἐλάττους
1175 711 1230 762 δὲ
1275 712 1322 761 ol
1356 707 1761 767 πιστεύσαντες,

195 780 291 855 καὶ
325 780 852 871 τῆςθείαςνχάριτος
879 800 1301 860 ἀπολαύσαντες.
1330 798 1402 849 Οὐ
1425 798 1531 865 γὰρ
1560 798 1593 864 ἡ
1627 794 1766 846 κατὰ

195 897 360 962 νόμον
389 895 586 955 αὐτοὺς
619 893 900 944 ἐδικαίωσε
956 892 1192 944 πολιτεία
1238 889 1415 958 (τοῦτο
1447 889 1553 955 γὰρ
1597 886 1762 952 λέγει,

194 985 264 1046 ἐξ
294 983 508 1051 ἔργων)
530 1024 544 1046 ,
563 983 849 1052 ’ἀλλήτού
871 983 1004 1035 Θεοῦ
1034 984 1254 1034 διέσωσε
1285 982 1459 1050 χάρις.
1495 980 1591 1031 Διά
1613 977 1767 1030 τοῦτο

195 1076 293 1126 καὶ
319 1075 483 1142 χάρις
542 1076 574 1142 ὴ
639 1074 880 1142 σωτηρία
909 1074 1182 1137 καλεῖται,
1227 1072 1409 1141 ἐπειδὴ
1436 1070 1575 1122 κατὰ
1619 1069 1768 1121 Θείαν

197 1165 516 1232 φιλοτιμίαν
537 1165 843 1232 γεγένηται.
890 1163 1060 1215 Τοῦτο
1103 1165 1194 1216 καὶ
1246 1165 1302 1215 ἐν
1344 1165 1456 1222 τοῖς
1501 1160 1639 1212 κατά
1676 1159 1766 1210 τὸν

198 1257 549 1322 πατριάρχην
598 1252 847 1322 Ἀϐραὰμ
883 1248 1035 1320 φησί·
1074 1271 1095 1302 1
1125 1252 1214 1320 Τῷ
1256 1252 1312 1302 δὲ
1348 1249 1696 1318 ἐργαζομένῳ
1740 1247 1769 1296 ὁ

200 1344 396 1413 μισθὸς
447 1346 509 1396 οὐ
558 1344 833 1410 λογίζεται
883 1343 1021 1395 κατά
1075 1341 1254 1412 χάριν,
1287 1341 1420 1394 ἀλλὰ
1451 1340 1588 1394 κατὰ
1622 1338 1768 1406 ὀφεί-

197 1449 372 1505 λημα.
417 1454 436 1486 ο

269 1613 335 1676 ζ’.
368 1614 432 1666 τί
463 1609 614 1676 cur;
659 1611 915 1663 Ἐνταῦθα
945 1612 1327 1663 ύποσ-τικτέον·
1358 1613 1474 1663 κατ’
1507 1611 1768 1679 ἐρώτησιν

195 1705 306 1772 γὰρ
339 1707 540 1764 κεῖται,
571 1704 690 1755 ἀντὶ
714 1703 806 1754 τοι]
834 1719 846 1732 ·
900 1702 962 1752 Τί
1017 1703 1194 1753 τοίνυν
1230 1703 1374 1753 ἔστιν
1404 1704 1610 1765 είπεῑν;
1639 1695 1769 1751 Εἶτα

196 1793 343 1843 κατὰ
406 1793 699 1861 ἀπόκρισιν
741 1792 811 1843 τὰ
842 1792 1037 1843 λοιπά·
1080 1795 1148 1843 '0
1197 1789 1449 1857 ἐπιζητεῖ
1495 1789 1766 1857 Ἰσραὴλ,

193 1886 420 1936 τούτου
466 1886 578 1935 οὐκ
623 1883 939 1949 ἐπέτυχεν·
997 1885 1034 1950 ἡ
1087 1882 1154 1934 δέ
1193 1881 1414 1950 ἐκλογὴ
1439 1881 1764 1948 ἐπέτυχεν·

195 1977 248 2027 οἱ
281 1974 351 2025 δὲ
380 1974 581 2027 λοιποί
633 1973 1031 2041 ἐπωρώθησαν
1061 2013 1074 2026 .
1109 2003 1178 2013 -
1211 1973 1508 2040 Ἐκλογνὴν
1552 1973 1672 2033 τοὺς
1713 1972 1770 2036 ἐξ

196 2067 380 2119 αὐτῶν
438 2065 870 2127 πεπιστευκότας
922 2065 1098 2118 καλεῖ.
1153 2065 1314 2132 Λέγει
1357 2065 1414 2116 δὲ
1463 2063 1654 2116 τοῦτο·
1715 2064 1771 2116 '0

207 2157 429 2226 Ἰσραὴλ
457 2156 536 2225 τῷ
561 2156 710 2224 νόμῳ
742 2155 1125 2224 προστετηκὼς
1151 2157 1414 2226 διήμαρτε
1434 2155 1525 2207 τοῦ
1548 2154 1766 2207 σκοποῦ·

197 2245 540 2313 παρανόμως
569 2246 678 2312 γὰρ
704 2243 796 2295 νῦν
830 2232 1085 2310 φυλάττει
1119 2245 1208 2296 ’σὺν
1237 2245 1416 2311 νόμον,
1456 2245 1546 2296 καὶ
1568 2244 1772 2295 δικαιο-

199 2338 367 2403 σύνην
395 2334 651 2402 οὐδεμίαν
705 2334 1028 2402 καρποῦται.
1066 2336 1127 2385 Οἱ
1173 2334 1228 2386 δὲ
1289 2334 1346 2397 ἐξ
1395 2334 1569 2384 αὐτῶν
1611 2351 1770 2384 πεπι-

198 2426 494 2487 στευκότες
515 2425 794 2493 ἐπέτυχον·
817 2429 868 2477 ol
898 2427 964 2476 δὲ
976 2426 1170 2476 λοιποὶ
1192 2423 1589 2490 ἐπωρώθησαν
1609 2441 1621 2452 ·
1655 2425 1772 2476 ἀντὶ

196 2517 317 2583 τοῦ,
379 2517 748 2587 σκληροτέραν
806 2519 838 2586 ὴ
900 2516 1120 2567 ἀπιστία
1174 2515 1270 2584 τὴν
1333 2513 1557 2582 καρδίαν
1598 2515 1772 2566 αὐτῶν

198 2610 579 2678 ἀπειργάσατο
612 2608 678 2661 ⁸³.
711 2609 962 2659 Δείκνυσι
992 2606 1046 2658 δὲ
1089 2608 1180 2658 καὶ
1223 2607 1376 2658 τοῦτο
1409 2603 1608 2660 ἄνωθεν
1645 2621 1773 2673 προ-

197 2718 404 2770 ηγορευ
414 2703 594 2770 μένον.

269 2792 343 2860 η’.
381 2791 590 2856 Καθὼς
653 2791 971 2858 τέτραπται
995 2805 1008 2817 ·
1038 2787 1297 2841 Ἔδωκεν
1339 2786 1540 2849 αὐτοῖς
1577 2789 1606 2838 ό
1631 2783 1774 2848 Θεὸς

199 2882 440 2949 πνεῦμα
468 2884 867 2945 κατανύξεως,
901 2879 1242 2948 ὀφθαλμοὺς
1264 2879 1367 2931 τοῦ
1392 2878 1474 2945 μὴ
1498 2875 1772 2940 βλέπειν,

201 2973 300 3026 καί
327 2969 451 3026 ὦτα
471 2974 578 3025 τοῦ
591 2973 675 3041 μὴ
705 2973 964 3029 ἀκούειν,
987 2971 1096 3033 ἕως
1124 2968 1230 3032 τῆς
1249 2967 1511 3034 σήμερον
1534 2965 1772 3033 ἡμέρας.

202 3065 274 3116 Τὸ
288 3065 538 3127 ἔδωκεν,
555 3065 624 3124 ὼς
642 3064 702 3114 τὸ
715 3060 1194 3128 παρέδωκεν,ἁντὶ
1218 3059 1311 3111 τοῦ
1329 3059 1771 3125 συνεχώρησεν·

1867 628 2072 685 septem
2107 623 2272 674 millia
2305 626 2492 678 relicta
2523 632 2649 679 sunt
2671 627 2786 678 sola
2817 627 2883 678 ab
2913 625 3191 693 impietate
3220 623 3424 676 libera:

1868 708 1941 759 ita
1972 716 2025 761 et
2056 726 2200 762 nunc
2231 715 2416 778 plures
2451 725 2579 768 sunt
2612 716 2704 784 qui
2749 730 2857 767 non
2894 715 3264 772 crediderunt,
3297 727 3428 780 pau-

1867 800 2044 854 ciores
2091 817 2221 856 vero
2268 806 2363 872 qu
2419 807 2790 869 crediderunt,
2832 815 2884 858 et
2915 807 3152 858 divinam
3197 803 3426 872 gratiam

1868 902 2246 958 perceperunt.
2277 893 2460 963 Neque
2485 898 2628 949 enim
2661 898 2782 950 illos
2803 910 2902 950 sua
2931 895 3230 948 secundum
3257 893 3428 960 legent

1869 983 2118 1036 instituta
2156 987 2264 1038 vita
2293 986 2617 1056 justiﬁcavit
2655 990 2780 1055 (hoc
2814 989 3013 1057 quippe
3037 996 3119 1040 est
3152 988 3296 1053 quod
3332 985 3426 1043 ait,

1867 1086 1931 1124 ea:
1961 1076 2241 1140 operibus),
2276 1079 2369 1130 sed
2407 1077 2496 1131 Dei
2530 1079 2704 1145 gratia
2737 1081 3008 1142 servavit;
3044 1087 3095 1130 et
3124 1077 3248 1129 ideo
3279 1075 3429 1129 salus

1869 1164 2043 1227 gratia
2072 1180 2287 1232 quoque
2314 1167 2638 1233 appellatur,
2672 1168 2930 1234 quoniam
2954 1182 3016 1218 ex
3042 1165 3224 1216 divina
3257 1162 3418 1213 muni

1870 1250 2087 1304 licentia
2120 1254 2360 1321 profecta
2394 1262 2496 1309 est.
2548 1254 2661 1308 Hoc
2693 1256 2870 1324 ipsqu
2913 1253 3069 1314 dixit,
3111 1252 3202 1304 ubi
3249 1263 3432 1304 sermo

1868 1351 1994 1402 erat
2037 1345 2196 1413 119
2243 1345 2310 1398 de
2347 1349 2654 1400 Abraliamo
2689 1346 2997 1416 patriarcha
3046 1364 3057 1396 :
3107 1362 3124 1393 ι
3160 1342 3216 1394 Ei
3248 1349 3428 1394 autem

1869 1433 1960 1500 qui
1988 1446 2265 1501 operatur.
2292 1452 2502 1490 merces
2534 1453 2639 1490 non
2658 1439 2953 1504 imputatur
2982 1435 3279 1490 secundum
3310 1449 3432 1504 gra-

1869 1525 2022 1585 tiam.
2048 1528 2141 1579 sed
2172 1528 2468 1580 secundum
2501 1527 2804 1580 debitume.
2837 1547 2854 1578 ι

1944 1613 2102 1668 Vens.
2139 1619 2189 1668 7.
2238 1617 2376 1681 Quid
2407 1619 2567 1686 ergo?
2613 1616 2713 1670 Hic
2743 1616 3292 1684 subdistinguendum
3323 1623 3429 1667 est.

1869 1703 2096 1758 Ponitur
2122 1709 2263 1760 enim
2292 1710 2698 1774 interrogative,
2737 1724 2832 1777 pro
2863 1724 2927 1761 eo
2957 1707 3101 1776 quod
3133 1717 3214 1760 est
3243 1723 3256 1758 :
3291 1705 3429 1769 Quid

1871 1811 2000 1865 ergo
2029 1797 2209 1851 dicere
2240 1800 2569 1864 possumus?
2600 1780 2808 1851 Deinde
2841 1809 3036 1851 caetera
3072 1813 3166 1866 per
3199 1810 3430 1864 respon-

1873 1887 2083 1939 sionem
2119 1904 2133 1940 :
2174 1887 2326 1951 Quod
2369 1889 2630 1955 quwrebat
2661 1887 2854 1948 Israel,
2886 1890 2978 1938 hoc
3021 1904 3121 1940 non
3151 1896 3226 1938 est
3256 1902 3432 1938 conse—

1872 1987 2020 2030 cutus
2058 1994 2074 2031 :
2110 1978 2290 2030 electio
2322 1989 2494 2031 autent
2525 1989 2798 2032 consecuta
2836 1989 2948 2042 est;
2982 1979 3154 2031 caeteri
3191 1994 3307 2030 vero
3335 1992 3429 2027 ea:—

1871 2075 2054 2123 ctecati
2104 2081 2243 2125 sunt.
2289 2101 2361 2112 —
2403 2071 2720 2124 Electionem
2762 2087 2857 2124 eos
2887 2078 3042 2124 vocat
3074 2071 3168 2139 qui
3203 2085 3266 2123 ex
3302 2070 3434 2137 ipsis

1872 2163 2241 2215 crediderunt.
2294 2161 2404 2215 lloc
2457 2172 2634 2215 autem
2670 2163 2803 2215 dicit
2837 2180 2850 2214 :
2886 2162 3052 2216 Israel
3089 2163 3189 2228 legi
3242 2160 3434 2212 allixus

1873 2267 1901 2304 a
1944 2268 2110 2321 scopo
2140 2253 2431 2306 aberravit.
2466 2253 2671 2305 Contra
2706 2253 2871 2319 legem
2901 2251 3046 2305 enim
3081 2265 3227 2303 nunc
3260 2251 3431 2318 legem

1872 2354 2075 2407 servat,
2123 2355 2177 2398 et
2232 2347 2439 2398 nullam
2481 2345 2749 2411 justitiam
2800 2343 3037 2410 percipit
3082 2343 3216 2409 :qui
3253 2350 3430 2393 autem

1872 2449 1936 2487 ex
1973 2435 2051 2487 eis
2086 2435 2453 2495 crediderunt,
2485 2448 2602 2484 eam
2649 2432 2882 2485 assecuti
2914 2438 3063 2484 sunt.
3108 2428 3312 2497 Reliqui
3340 2446 3436 2480 au-

1874 2532 1973 2572 tem
2001 2523 2250 2574 exca’cati
2280 2521 2439 2588 fuere,
2481 2522 2582 2573 hoc
2611 2531 2694 2574 est
2728 2539 2738 2572 :
2777 2521 3074 2573 lnlidelitas
3104 2534 3198 2572 cor
3240 2534 3431 2571 eorum

1874 2613 2065 2666 durius
2113 2613 2366 2665 reddidit.
2419 2613 2663 2665 Ostendit
2713 2622 2893 2666 autem
2953 2612 3056 2665 hoc
3095 2626 3315 2681 quoque
3355 2611 3435 2664 eis

1873 2707 2001 2758 olim
2036 2705 2201 2757 fuisse
2228 2705 2563 2772 praedictum.

1949 2794 2111 2848 Vens.
2153 2795 2206 2848 8.
2266 2795 2412 2847 Sicut
2458 2797 2706 2861 scriptum
2759 2806 2834 2848 est
2872 2811 2890 2848 :
2936 2794 3092 2848 Dedit
3143 2795 3250 2847 illis
3297 2794 3434 2846 Deus

1875 2888 2116 2953 spiritum
2154 2889 2606 2954 compunctionis:
2640 2889 2814 2940 oculos
2861 2899 2916 2940 ut
2963 2905 3064 2940 non
3113 2889 3342 2949 uideant,
3389 2898 3436 2940 et

1877 2995 2030 3031 aures
2070 2987 2124 3029 ut
2168 2995 2268 3030 non
2318 2979 2570 3041 audiant,
2619 2994 2779 3047 usque
2822 2980 2874 3031 iu
2919 2979 3225 3031 hodiernum
3275 2979 3431 3031 diem.

1877 3066 2009 3122 Illud
2040 3068 2203 3129 dedit,
2239 3069 2380 3121 sicut
2412 3077 2466 3122 et
2501 3070 2743 3133 tradidit,
2787 3070 3024 3138 positum
3066 3079 3150 3122 est
3188 3084 3285 3136 pro
3318 3085 3435 3136 pcr-

202 3159 259 3209 οὑ
300 3157 410 3226 γὰρ
463 3157 492 3206 ὁ
544 3156 672 3217 Θεὸς
727 3155 922 3215 αὐτοὺς
983 3152 1391 3221 παρεσκεύασεν
1439 3151 1768 3218 ἀπιστῆσαι·
1801 3195 1842 3252 C

1801 3195 1842 3252 ϐ
1881 3163 2042 3216 misit.
2077 3161 2256 3230 Neque
2282 3161 2423 3213 enim
2457 3160 2599 3248 Detis
2630 3159 2859 3229 perfecit
2887 3168 2944 3212 ut
2971 3161 3071 3228 ipsi
3105 3176 3215 3212 non
3249 3161 3437 3216 crede-

203 3250 318 3312 πῶς
342 3250 453 3318 γὰρ
485 3243 600 3299 οἷόν
635 3264 693 3298 τε
727 3247 819 3298 καὶ
853 3245 1012 3297 αὑτὸν
1056 3245 1235 3304 αὐτοῖς
1270 3243 1501 3295 ἐνθεῖναι
1526 3242 1623 3310 τὴν
1650 3243 1775 3293 ἀπι-

206 3341 374 3400 στίαν,
411 3340 508 3390 καὶ
536 3338 697 3388 αὑτὸν
717 3337 868 3397 δίκας
887 3337 1023 3406 ὑπὲρ
1042 3337 1241 3403 ταύτης
1266 3333 1586 3404 εἰσπρᾶξαι;
1613 3333 1778 3384 Τοῦτο

205 3432 298 3481 καὶ
330 3432 358 3481 ὁ
392 3431 687 3497 Προφήτης
721 3427 1048 3494 σαφέστερον
1087 3425 1318 3488 ἐδίδαξεν
1343 3441 1356 3454 ·
1400 3443 1416 3473 ι
1474 3421 1777 3490 Ἐπαχύνθη

204 3523 314 3588 γὰρ
340 3523 372 3588 ἡ
401 3520 599 3588 καρδία
623 3517 715 3568 τοῦ
750 3517 878 3568 λαοῦ
910 3515 1118 3578 τούτου,
1161 3515 1386 3574 καὶτοῖς
1418 3514 1519 3564 ὠσὶ
1569 3512 1776 3580 βαρέως

207 3613 469 3677 ἥκουσαν,
514 3610 604 3658 καὶ
637 3605 761 3668 τοὺς
804 3603 1108 3673 ὀφθαλμοὺς
1147 3603 1324 3655 αὐτῶν
1365 3604 1709 3671 ἐκάμμυσαν.
1755 3621 1770 3651 ι

208 3702 320 3751 Οὔκ
356 3699 516 3761 ἄλλος
549 3698 726 3748 τοίνυν
757 3697 951 3758 αὐτοὺς
983 3695 1310 3762 ἐτύφλωσεν,
1339 3693 1454 3746 ἀλλ’
1479 3694 1630 3745 αὐτοὶ
1655 3693 1776 3754 τοὺς

208 3789 522 3857 ὸξθαλμοὺς
545 3787 770 3855 ἔμυσαν,
806 3789 899 3837 καὶ
930 3785 990 3837 τὸ
1025 3785 1138 3851 φῶς
1191 3785 1314 3836 ἰδεῖν
1360 3785 1458 3835 οὐκ
1486 3783 1774 3852 ἠθέλησαν.

212 3878 438 3946 Πνεῦμα
467 3878 524 3928 δὲ
552 3875 895 3939 κατανύξεως
921 3875 1017 3943 τὴν
1053 3873 1425 3945 ἀμετάϐλητον
1480 3872 1704 3924 ἐκάλεσε
1735 3872 1778 3901 ⁵⁸

210 3968 674 4038 γνώμην.Ὧσπερ
695 3967 804 4034 γὰρ
849 3967 876 4016 ὁ
906 3966 1003 4032 τὴν
1029 3965 1422 4033 ἐπαινουμένην
1454 3962 1587 4030 έχων
1613 3963 1779 4015 κατά-

211 4061 386 4123 νυξιν,
421 4060 522 4129 τὴν
558 4057 650 4110 ἐπὶ
715 4058 775 4109 τὸ
813 4059 989 4125 χεῖρον
1036 4054 1239 4124 τροπὴν
1299 4056 1397 4106 οὐκ
1451 4055 1776 4123 εἰσδέχεται·

211 4150 382 4210 οὕτως
411 4151 440 4201 ὁ
468 4147 744 4208 παντελῶς
769 4147 958 4199 ἑαυτὸν
977 4147 1164 4209 ἐκδοὺς
1192 4150 1257 4216 τῇ
1281 4147 1533 4216 πονηρίᾳ,
1559 4147 1654 4214 τὴν
1689 4147 1780 4198 ἐπὶ

211 4243 269 4294 τὸ
303 4245 556 4309 κρεῖττον
584 4242 684 4310 οὐχ
711 4241 944 4309 αἱρεῖται
971 4239 1289 4309 μεταϐολήν.

279 4427 344 4488 θ’,
389 4433 442 4478 ι’.
472 4424 583 4477 Καὶ
631 4422 808 4475 Δασὶδ
843 4421 998 4490 λέγει
1024 4437 1038 4450 ⁶
1092 4420 1404 4486 Γενηθήτω
1455 4422 1492 4486 ἡ
1534 4417 1782 4484 τράπεζα

1877 3263 2014 3308 rent.
2048 3252 2329 3317 Quomodo
2359 3241 2503 3304 enini
2536 3251 2648 3304 lieri
2694 3260 2898 3319 posset,
2928 3258 2984 3303 ut
3016 3259 3068 3303 et
3100 3252 3215 3318 ipse
3245 3251 3322 3304 eis
3357 3253 3436 3304 in-

1877 3345 2188 3398 ﬁdelitatem
2238 3342 2588 3405 immitteret,
2633 3352 2686 3395 et
2730 3357 2830 3411 pro
2878 3357 2941 3395 ea
2993 3357 3182 3409 poenas
3228 3343 3343 3410 ipse
3374 3345 3439 3396 de

1879 3435 1986 3487 illis
2021 3432 2292 3487 sumeret?
2341 3431 2451 3484 Hoc
2498 3445 2676 3485 autem
2725 3434 2841 3499 ipse
2891 3436 3152 3501 propheta
3199 3434 3438 3501 apertius

1877 3526 2064 3579 docuit
2092 3541 2104 3576 :
2147 3545 2164 3574 ι
2197 3523 2558 3576 lncrassatum
2589 3531 2670 3575 est
2697 3538 2791 3575 cor
2826 3523 3006 3590 pepuli
3043 3523 3229 3590 hujus,
3265 3532 3317 3576 et
3344 3539 3440 3575 au-

1880 3616 2028 3668 ribus
2059 3615 2296 3683 graviter
2331 3608 2643 3674 audierunt,
2676 3623 2728 3665 et
2760 3615 2972 3666 oculos'
3004 3629 3132 3666 suos
3160 3629 3438 3682 compres-

1879 3704 2132 3759 seruntf.
2173 3725 2190 3755 ι
2242 3703 2356 3757 Non
2391 3719 2522 3772 ergo
2550 3706 2692 3758 alius
2730 3721 2824 3758 eos
2863 3707 3176 3770 exc-tecaiit,
3209 3707 3303 3759 sed
3337 3708 3437 3774 ipsi

1879 3802 2066 3853 oculos
2091 3815 2220 3854 suos
2252 3802 2587 3861 clauserunt,
2619 3811 2672 3853 ct
2699 3803 2868 3854 lucem
2903 3802 3100 3854 intueri
3130 3803 3437 3855 noluerunt.

1880 3888 2135 3955 Spiritum
2171 3899 2351 3941 autem
2390 3891 2803 3962 compunctionis
2856 3889 3148 3958 appellavit
3203 3902 3437 3945 tuentem

1880 3979 2296 4032 immutabilem.
2359 3979 2514 4032 Sicut
2567 3981 2711 4033 enim
2758 3981 2848 4047 qui
2905 3981 3231 4036 laudabilem
3281 3983 3442 4037 liabt't

1879 4069 2352 4139 compunctionem
2386 4070 2705 4138 (soporem),
2753 4086 2872 4124 eam
2909 4055 3029 4138 qual
3058 4083 3144 4126 est
3179 4074 3244 4126 ad
3288 4075 3442 4127 dete-

1881 4162 1997 4215 rius
2026 4162 2440 4215 conversionem
2487 4177 2596 4215 non
2632 4163 2866 4231 suscipit
2900 4183 2913 4218 :
2951 4165 3024 4217 ita
3069 4166 3159 4233 qui
3198 4167 3438 4235 Seipsum

1883 4254 2014 4305 vitio
2046 4255 2272 4321 penitus-
2298 4253 2541 4317 tradidit,
2589 4255 2942 4309 mutationem
2990 4257 3044 4309 in
3091 4258 3286 4312 melius
3333 4275 3440 4313 non

1881 4343 2032 4410 eligit

1953 4434 2118 4489 Vatis.
2157 4437 2208 4498 9,
2248 4435 2327 4487 l0.
2392 4435 2458 4487 Et
2497 4435 2662 4487 Darid
2693 4437 2818 4488 dicit
2863 4436 3020 4505 120
3063 4452 3081 4488 :
3113 4435 3238 4488 Fiat
3268 4455 3444 4491 mensa

210 4515 408 4570 αὐτῶν
445 4514 700 4566 ἐνώπιον
725 4510 921 4564 αὐτῶν
947 4514 1033 4576 είς
1062 4511 1298 4580 παγίδα,
1333 4511 1428 4562 καὶ
1461 4512 1546 4573 εις
1570 4509 1776 4574 θήραν,
1811 4524 1854 4577 ι)

1811 4524 1854 4577 1)
1883 4545 2057 4581 eorttm
2083 4543 2258 4579 coram
2281 4529 2406 4596 ipsis
2431 4529 2483 4580 in
2515 4529 2774 4594 laqueum,
2805 4538 2851 4578 et
2890 4529 2940 4578 in
2965 4531 3272 4597 captionem,
3307 4531 3441 4582 et'in

213 4609 305 4660 καὶ
335 4609 419 4670 εὶς
460 4602 828 4664 σκάνδαλον,
876 4603 972 4654 καὶ
1006 4604 1092 4667 είς
1131 4599 1512 4668 ἀνταπόδομα
1555 4597 1776 4661 αὐτοῖς.

214 4694 719 4760 Σκοτισθήτωσαν
751 4695 804 4745 οι
842 4692 1133 4760 ὀφθαλμοὶ
1175 4690 1369 4744 αὐτῶν
1397 4690 1503 4743 τοῦ
1525 4689 1612 4758 μὴ
1633 4691 1778 4753 βλέ-

211 4805 366 4850 πειν,
410 4785 512 4838 καὶ
569 4784 676 4836 τὸν
703 4783 894 4835 νῶτον
920 4777 1226 4836 αὐτῶνδιὰ
1255 4784 1478 4847 παντὸς
1513 4785 1779 4851 σύγκαμ-

209 4885 350 4947 ιᾷὋν.
381 4877 674 4946 Τράπεζαν
695 4876 751 4928 δὲ
769 4876 866 4945 τὴν
887 4873 1094 4944 τρυφὴν
1121 4875 1573 4944 προσηγόρευσεν,
1605 4873 1670 4942 ἢν
1701 4875 1778 4935 είς

207 4969 523 5023 τούναντίον
555 4967 1059 5037 μεταϐληθήσεσθαι
1086 4965 1461 5035 προεθέσπισε.

279 5071 369 5115 ια’.
402 5063 571 5129 Λέγω
602 5056 744 5113 οὖν·
771 5059 867 5123 Μὴ
913 5059 1204 5111 ἔπταισαν
1248 5058 1347 5110 ἵνα
1379 5055 1643 5121 πέσωσι;
1679 5055 1772 5122 Μὴ

211 5154 460 5222 γένοιτο.
515 5152 703 5205 Ἀλλὰ
729 5149 808 5214 τῷ
837 5148 1035 5202 αὐτῶν
1060 5149 1478 5217 παραπτώματι
1506 5132 1550 5215 ἦ
1581 5164 1775 5216 σωτη-

203 5243 304 5308 pla
361 5239 490 5304 τοῖς
527 5240 786 5299 ἔθνεσιν,
829 5243 916 5303 εις
966 5239 1032 5290 τὸ
1075 5237 1489 5306 παραζηλῶσαι
1535 5240 1774 5304 αὐτούς.

212 5331 441 5393 Τούτοις
496 5333 604 5400 γὰρ
653 5329 888 5400 πρώτοις
932 5329 984 5381 oi
1029 5327 1090 5393 ἐξ
1141 5329 1317 5382 αὐτῶν
1351 5329 1776 5393 πεπιστευκότες

291 5522 317 5552 α
361 5513 524 5566 Rom.
561 5525 635 5572 tv,
666 5509 732 5565 ι.
837 5513 856 5553 ί
898 5511 1002 5564 lsa.
1037 5527 1110 5576 νι,
1139 5510 1226 5564 10.

1884 4617 2230 4678 scandalum,
2278 4626 2326 4668 et
2373 4617 2423 4668 in
2476 4617 2858 4667 retributionem
2906 4615 3038 4670 illis.
3087 4615 3444 4670 Obscurentur

1884 4709 2023 4761 oculi
2051 4724 2238 4760 eorum
2258 4723 2318 4760 ne
2345 4705 2568 4768 videant,
2599 4717 2646 4758 et
2675 4705 2889 4758 dorsum
2924 4722 3104 4758 eorum
3133 4723 3332 4774 semper
3366 4711 3444 4761 in-

1885 4815 2060 4853 curva.
2104 4797 2342 4850 Mensam
2375 4805 2552 4850 an'em
2590 4798 2814 4850 delicias
2861 4797 3177 4865 appellavit,
3219 4813 3355 4867 quas
3388 4801 3441 4852 in

1885 4892 2218 4944 contrarium
2253 4889 2543 4942 mutandas
2574 4889 2841 4958 praedixit.

1951 5057 2116 5112 Vsus.
2150 5058 2234 5109 ll.
2279 5055 2408 5108 Dico
2433 5070 2594 5122 ergo:
2632 5052 2881 5122 Nunquid
2915 5055 3241 5122 o/fenderunt
3266 5066 3322 5110 ut
3356 5074 3446 5110 ca-

1881 5149 2098 5203 derent?
2126 5147 2292 5201 Absit.
2327 5145 2428 5199 Sed
2460 5146 2673 5197 illorum
2702 5145 2890 5198 delicto
2917 5146 3062 5199 salus
3084 5156 3159 5199 est
3183 5148 3440 5215 gentibus.

1884 5250 1940 5292 ut
1975 5241 2094 5292 illos
2129 5237 2460 5292 cumulentur.
2509 5237 2606 5289 liis
2637 5237 2784 5289 enim
2821 5237 3010 5304 primis
3044 5236 3078 5289 ii
3112 5238 3204 5304 qui
3239 5253 3300 5291 ex
3360 5239 3443 5292 eis

1883 5331 2228 5387 crediderant
2290 5329 2582 5384 salutarem
2632 5329 3070 5398 pradicationem
3123 5329 3442 5387 attulerunt.

1513 5667 1743 5724 VARUS
1784 5663 2180 5722 LECTIONES.

315 5782 362 5814 “
388 5782 436 5838 Δ
453 5779 763 5852 ιίρτάσατο.
843 5781 887 5813 ⁸⁸
923 5779 964 5832 Β
988 5780 1192 5834 ἐκάλει.
