4210 6438
809 393 912 457 175

1722 387 2208 448 THEODORETI
2242 385 2580 446 EPISCOPI
2617 389 2980 451 CYRENSIS
3933 389 4026 455 Πθ

804 509 936 556 (lum
973 510 1151 556 autem
1188 501 1287 569 ipsi
1320 497 1798 561 contradixissent,
1829 507 1883 552 et
1914 497 2221 552 doctrinam
2253 511 2360 548 non
2391 501 2436 554 Α
2465 523 2466 527 η

2391 501 2436 554 Α
2465 499 2842 568 προσήνεγκαν
2873 503 2933 554 τὸ
2964 504 3228 573 σωτήριον
3252 504 3541 573 κήρυγμα·
3589 502 3951 555 ἀντειπόντων
3973 501 4025 554 δὲ

802 595 1170 655 admisissent,
1223 591 1468 644 divinum
1518 590 1768 657 gentibus
1833 587 2183 657 Evangelium
2231 601 2358 655 pro-

801 688 1138 758 mulgarunt,
1162 691 1210 736 et
1245 683 1336 752 qui
1373 697 1439 736 ex
1470 682 1554 734 his
1586 680 1936 734 crediderunt
1967 679 2198 735 salutem
2230 692 2363 731 con-

799 779 970 833 secuti
1005 784 1153 832 sunt.
1191 774 1308 830 lloc
1340 781 1519 830 autem
1553 773 1687 828 satis
1719 780 1802 827 est
1831 771 1897 825 ad
1927 772 2365 826 contradicentes

791 869 1013 925 Judaeos
1041 869 1432 932 stimulandos,
1457 873 1512 920 et
1536 864 1603 919 ad
1631 864 2030 919 aemulationem
2065 879 2366 933 provocan-

797 963 916 1024 dos,
948 963 1250 1030 salutisque
1280 959 1750 1029 participationem
1784 957 1919 1027 ipsis
1945 956 2364 1011 conciliandam.

803 1048 997 1104 Vident
1028 1051 1169 1103 enim
1197 1064 1294 1103 eos
1322 1049 1570 1102 evasisse
1602 1047 1808 1115 primos
1841 1044 1932 1114 qui
1967 1054 2123 1098 erant
2167 1043 2362 1097 ultimi.

871 1221 1035 1272 Vens.
1107 1220 1192 1273 12.
1247 1219 1403 1283 Quod
1456 1235 1499 1271 si
1549 1217 1799 1269 delictum
1868 1218 2083 1268 illorum
2164 1217 2362 1268 divitia:

796 1324 914 1365 sunt
958 1315 1168 1375 mundi,
1213 1322 1261 1365 et
1315 1311 1594 1362 diminutio
1636 1325 1817 1361 eorum
1869 1309 2067 1360 divitia:
2112 1310 2363 1377 gentium,

793 1418 988 1468 quanto
1018 1406 1182 1473 magis
1209 1401 1478 1471 plenitudo
1498 1403 1720 1454 eorum?
1758 1399 1812 1452 Si
1838 1401 2003 1461 enim,
2029 1415 2148 1450 eum
2184 1379 2365 1467 plures

797 1513 902 1550 non
935 1495 1239 1557 crederent,
1269 1493 1361 1560 qui
1390 1507 1453 1542 ex
1483 1491 1561 1544 eis
1583 1489 1925 1543 crediderant
1956 1488 2152 1540 divina:
2181 1487 2366 1555 cogni—

795 1589 960 1640 tionis
982 1585 1202 1638 divitias
1227 1583 1481 1652 gentibus
1506 1581 1826 1640 attulerunt,
1855 1579 2064 1631 clarum
2089 1579 2362 1647 estquod,

2464 587 2688 652 τούτων,
2743 592 2838 643 καὶ
2891 592 2988 662 τὴν
3047 591 3394 646 διδασκαλίαν
3439 592 3500 643 οὐ
3539 591 3866 660 δεξαμένων,
3916 593 4027 653 τοῖς

2465 678 2640 732 ἔθνεσι
2667 682 2727 732 τὸ
2758 682 2899 735 θεῖον
2947 678 3326 753 προσήνεγκαν
3361 682 3691 750 Εὑαγγὲλιον
3713 697 3724 708 ·
3758 682 3809 733 ol
3851 682 3908 734 δὲ
3944 699 4026 733 πι-

2466 772 2808 836 στεύσαντες,
2842 774 2940 843 τῆς
2984 774 3257 844 σωτηρίας
3317 765 3673 842 ἀπήλαυσαν.’
3720 771 3927 826 Ἱκανὸν
3974 770 4029 822 δὲ

2452 861 2620 916 τοῦτο
2642 865 2970 933 παρακνίσαι
2995 863 3118 916 τῶν·
3157 863 3425 916 Ἰουδαίων
3456 864 3582 926 τοὺς
3628 861 4028 928 ἀντιλέγοντας,

2467 955 2559 1006 καὶ
2579 956 2658 1016 εἰς
2687 954 2848 1022 ζῆλον
2876 955 3138 1025 ἐρεθίσαι,
3169 956 3262 1008 καὶ
3284 953 3610 1025 προξενῆσαι
3639 953 3736 1024 τῆς
3763 951 4030 1020 σωτηρίας

2465 1047 2563 1114 τὴν
2594 1047 2897 1115 μετουσίαν.
2939 1047 3135 1116 ὐρῶσι
3163 1046 3270 1116 γὰρ
3323 1045 3449 1108 τοὺς
3481 1044 3748 1113 ἐσχάτους
3781 1040 4028 1111 πρώτους

2467 1153 2662 1204 γεγενη
2673 1136 2884 1203 μένους.

2539 1227 2622 1296 ιβ’.
2656 1229 2724 1279 Et
2752 1227 2818 1278 δὲ
2867 1227 2932 1278 τὸ
2979 1225 3342 1292 παράπτωμα
3377 1223 3578 1278 αὐτῶν
3619 1221 3880 1285 πλοῦτος
3929 1221 4029 1272 κόν

2465 1335 2644 1387 σμου,
2681 1317 2777 1369 καί
2797 1315 2860 1369 τὸ
2885 1317 3112 1384 ἥττημα
3138 1315 3335 1368 αὐτῶν
3360 1316 3620 1378 πλοῦτος
3631 1310 3840 1384 ἐθνῶν,
3864 1313 4032 1374 πόσῳ

2460 1409 2698 1477 μᾶλλον
2727 1407 2790 1459 τὸ
2815 1407 3104 1473 πλήρωμα
3136 1405 3370 1468 anno)“;
3411 1407 3470 1457 Εἰ
3503 1405 3609 1474 γὰρ
3635 1404 3743 1454 τῶν
3772 1402 4032 1454 πλειόνων

2465 1501 2897 1568 ἀπιστησάντων,
2922 1499 2969 1550 οἱ
2997 1497 3054 1560 ἐξ
3073 1496 3250 1549 αὐτῶν
3275 1497 3698 1556 πεπιστευκότες
3712 1497 3823 1554 τοῖς
3853 1492 4032 1544 ἔθνεσι

2465 1592 2562 1660 τῆς
2591 1590 2916 1657 θεογνωσίας
2940 1589 3030 1641 τὸν
3069 1588 3294 1640 πλοῦτον
3339 1589 3741 1657 προσήνεγκαν,
3789 1583 4033 1654 δηλονότι

795 1679 838 1732 si
895 1691 1086 1731 onmes
1140 1673 1539 1735 credidissent,
1591 1671 1800 1739 majora
1857 1670 2171 1722 hominibus
2222 1670 2366 1722 bona

2466 1684 2662 1744 πάντες
2693 1680 3082 1741 πιστεύσαντες
3116 1679 3377 1749 μειζόνων
3389 1678 3622 1745 ,ἀγαθῶν
3647 1681 3810 1729 πᾶσιν
3825 1674 4033 1742 ἀνθρώ-

793 1771 1199 1825 conciliassent.
1231 1769 1428 1819 Omnes
1459 1766 1605 1818 enim
1636 1763 1849 1818 facilius
1887 1763 2192 1825 crederent,
2225 1764 2269 1815 si
2308 1760 2361 1815 hi

2467 1789 2586 1834 ποις
2609 1770 2856 1838 ἐγένοντο
2889 1768 2953 1820 ἂν
2984 1767 3253 1836 πρόξενοι.
3287 1766 3442 1834 Ῥᾷον
3463 1763 3570 1834 γὰρ
3587 1763 3869 1815 ἐπίστευον
3900 1759 4032 1810 πάν-

791 1877 897 1915 ηοη
934 1861 1166 1929 amplius
1197 1857 1677 1919 contradicerent,
1719 1854 1815 1908 sed
1845 1855 2127 1908 veritatem
2176 1854 2361 1907 nobis;
2396 1831 2437 1884 Β

2396 1831 2437 1884 Β
2467 1831 2580 1927 τες,
2612 1831 2794 1914 οῦκέτι
2856 1831 3059 1911 τούτων
3114 1831 3693 1922 ἀντιλεγόντωνίάλλά
3735 1852 3848 1922 μεθ’
3873 1849 4031 1919 ἡμῶν

789 1969 912 2009 cum
948 1951 1325 2022 praedicarent.
1358 1947 1495 2002 Hinc
1527 1963 1622 2002 eos
1651 1946 1977 2000 adhortatur
2005 1946 2097 2016 qui
2127 1962 2188 1999 ex
2227 1961 2358 2014 gen-

791 2046 938 2099 tibus
975 2043 1346 2104 crediderunt,
1376 2040 1588 2094 modice
1632 2037 1870 2093 suadens
1904 2037 1970 2091 de
2005 2037 2200 2106 seipsis
2235 2052 2360 2090 sen—

789 2141 912 2202 tire,
959 2137 1068 2191 duo
1109 2133 1270 2190 simul
1313 2140 1567 2202 satagens
1603 2149 1614 2184 :
1645 2139 1759 2184 tum
1814 2137 1871 2182 ut
1913 2130 1993 2183 eis
2031 2129 2225 2183 fastum
2265 2128 2359 2183 de-

791 2229 985 2289 trahat,
1017 2234 1131 2278 tum
1166 2234 1224 2277 ut
1253 2224 1501 2275 timorem
1537 2221 1774 2289 ingerat,
1804 2217 2132 2284 Judzeosque
2164 2219 2228 2269 ad
2263 2231 2357 2284 pa-

791 2330 954 2372 terna:
985 2317 1136 2384 121
1180 2310 1510 2366 haareditatis
1550 2309 2019 2378 participationem
2052 2314 2352 2359 convertat.

791 2408 880 2462 Sic
908 2416 1089 2462 autem
1119 2405 1314 2474 incipit
1349 2419 1361 2454 :

864 2580 1024 2634 Vsus.
1052 2581 1136 2645 15,
1167 2580 1250 2633 14.
1296 2578 1446 2632 Vobis
1471 2578 1606 2631 enint
1637 2576 1752 2629 dico
1785 2577 2061 2646 gentibus:
2085 2575 2356 2641 Quatenus

787 2673 993 2741 quidem
1042 2688 1134 2739 ego
1185 2688 1300 2724 sum
1349 2671 1577 2739 gentium
1631 2669 1944 2737 Apostolus,
2004 2667 2354 2720 ministerium

792 2783 959 2820 meum
978 2765 1286 2832 honoriﬁco.
1317 2762 1373 2816 Si
1397 2779 1496 2830 quo
1522 2761 1675 2814 modo
1703 2759 1768 2812 ad
1797 2759 2150 2813 cumulandum
2171 2773 2355 2826 provo-

791 2874 897 2910 cem
922 2873 1129 2909 carnem
1155 2871 1343 2917 nteant,
1376 2863 1423 2906 et
1450 2852 1622 2906 salvos
1656 2853 1850 2917 faciam
1877 2852 2079 2919 aliquos
2131 2864 2195 2902 ea:
2227 2849 2352 2901 illis.

790 2946 1242 3016 Quandoquidem
1299 2945 1441 2998 Deus
1508 2960 1592 2997 tne
1647 2944 1886 3011 gentium
1943 2940 2355 3010 praedicatorem

789 3039 1091 3099 constituit,
1115 3037 1355 3105 gentium
1376 3039 1391 3057 ⁶
1421 3034 1652 3086 salutem
1685 3030 1996 3084 necessario
2032 3042 2285 3098 procuro,
2303 3035 2357 3081 et

791 3145 888 3197 pro
935 3130 1015 3182 cis
1065 3128 1227 3180 verba
1275 3125 1438 3188 facio,
1474 3135 1528 3178 et
1564 3123 1779 3178 divinos
1832 3121 2124 3191 prophetas
2168 3119 2355 3171 multis

788 3229 934 3275 retro
960 3218 1173 3272 smculis
1210 3218 1322 3270 haec
1355 3216 1672 3285 prmdixisse
1694 3214 1932 3268 'ostendo
1954 3251 1967 3274 ,
2012 3218 2070 3265 ut
2110 3211 2211 3264 hac
2243 3211 2352 3264 uti-

789 3327 893 3380 que
927 3311 1136 3364 ratione
1176 3308 1394 3362 Judwos
1429 3307 1494 3360 ad
1524 3306 1923 3361 aemulationem
1957 3318 2269 3373 provocem,
2299 3309 2353 3355 et

788 3400 1015 3454 alliciam
1067 3409 1126 3452 ut
1159 3399 1326 3467 aliqui
1362 3413 1424 3452 ex
1461 3399 1570 3450 illis
1619 3397 1683 3450 ad
1733 3396 1965 3450 salutem
2009 3395 2349 3462 perveniant.

790 3491 951 3545 Suam
978 3491 1121 3543 enim
1164 3505 1378 3542 carnem
1410 3489 1542 3543 dicit
1598 3486 1836 3552 Judaeos,
1870 3495 1928 3539 ut
1959 3487 2072 3554 qui,
2109 3486 2252 3553 quod
2287 3483 2354 3537 ad

788 3583 949 3635 :mitni
979 3583 1302 3636 sententiam
1334 3581 1544 3642 attinet,
1573 3581 1640 3632 ab
1673 3594 1737 3631 eo
1767 3588 1947 3632 essent
1974 3577 2158 3637 alieni,
2181 3576 2350 3629 solam

788 3683 968 3728 autem
996 3673 1209 3742 generis
1235 3671 1614 3742 cognationem
1649 3671 1910 3726 haberent
1938 3686 2060 3724 cum
2087 3671 2178 3723 illo
2203 3685 2352 3723 com-

788 3780 1030 3820 munem.

857 3855 1022 3914 Vens.
1061 3856 1147 3909 15.
1181 3854 1240 3909 Si
1267 3856 1404 3908 enim
1434 3855 1650 3908 amissio
1679 3871 1859 3908 eorum
1892 3854 2253 3907 reconciliatio
2273 3862 2352 3907 est

786 3947 988 4010 mundi,
1012 3962 1129 4015 qua:
1149 3947 1457 4011 assumptio,
1486 3946 1588 3998 nisi
1612 3946 1719 3999 vita
1740 3960 1804 3998 ex
1825 3945 2088 3997 mortuis?
2123 3942 2178 3997 Si
2206 3944 2349 3996 enim

787 4040 888 4103 his,
924 4038 1121 4107 inquit,
1160 4053 1268 4090 non
1301 4035 1674 4096 credentibus,
1723 4041 1912 4102 gentes
1949 4041 2266 4101 assumpta,
2297 4041 2352 4087 et

786 4151 814 4184 τι
865 4132 1048 4201 priore
1103 4130 1408 4200 ignorantia
1480 4128 1720 4181 liberata:
1773 4135 1921 4192 sunt,
1990 4127 2198 4180 clarum
2269 4133 2354 4181 est

784 4221 951 4293 quod,
997 4223 1044 4276 si
1091 4236 1282 4275 omnes
1319 4220 1408 4272 isti
1442 4220 1666 4273 credere
1697 4219 1988 4282 voluerint,
2034 4218 2168 4271 nihil
2201 4217 2350 4271 aliud

788 4317 1056 4383 reliquum
1101 4315 1192 4375 sit,
1238 4313 1345 4367 nisi
1397 4319 1457 4365 ut
1491 4312 1583 4365 ﬁat
1619 4311 1949 4366 resurrectio
1983 4319 2346 4365 mortuorum.

785 4405 896 4459 Iloc
926 4414 1104 4458 autem
1154 4401 1286 4456 dicit
1318 4402 1484 4454 etiam
1520 4399 1784 4453 Dominus
1834 4418 1846 4452 :
1897 4416 1918 4449 ‹
1955 4397 2350 4452 Praedicabitur

2461 1955 2557 2024 τὴν
2589 1951 2846 2021 ἀλήθειαν
2875 1949 3274 2020 κηρυττόντων.
3317 1946 3596 2000 Ἐντεῦθεν
3635 1948 3747 2004 τοῖς
3773 1943 3832 2006 ἐξ
3857 1940 4031 1992 ὲθνών

2461 2045 2846 2100 πεπιστευκόσι
2871 2041 3166 2113 προσφέρει
3203 2040 3544 2110 παραίνεσιν,
3589 2036 3794 2107 μετρίῳ
3837 2033 4032 2103 κεχρῆ-

2461 2140 2582 2191 σθαι
2618 2134 2999 2205 συμϐουλεύων
3020 2135 3065 2164 ⁸⁸
3101 2133 3439 2203 φρονήματι·
3490 2129 3584 2181 δύο
3641 2128 3782 2180 κατὰ
3825 2125 4018 2178 ταυτὸν

2466 2227 2856 2300 μηχανώμενος
2881 2243 2895 2255 ο
2934 2223 3267 2278 καὶ-τούτων
3298 2218 4027 2292 τὴνόφρῦνκαταστέλλων,

2459 2323 2551 2372 καὶ
2577 2319 2872 2372 δεδοικέναι
2903 2318 2945 2348 ⁸⁷
2974 2313 3417 2386 παρασκευάζων
3440 2327 3452 2340 ³
3503 2310 3598 2365 καὶ
3628 2309 3910 2372 Ἰουδαίους
3949 2309 4029 2369 εἰς

2457 2410 2554 2480 τὴν
2574 2411 2670 2479 τῆς
2695 2407 2950 2476 πατρῴας
2981 2404 3348 2476 κληρονομίας
3391 2401 3676 2456 κοινωνίαν
3705 2402 3919 2472 τρέπων
3957 2400 4001 2429 ⁸⁸

2462 2506 2722 2573 Ἀρχεται
2747 2501 2802 2553 δὲ
2824 2500 2996 2562 οὓτως
3019 2518 3028 2528 ⁸

2531 2601 2619 2662 ιγ’,
2645 2593 2723 2649 ιδ’.
2777 2592 2936 2660 Ὑμῖν
2973 2591 3084 2660 γὰρ
3110 2593 3170 2631 -δθ
3221 2591 3374 2658 ,ιέγω
3416 2588 3541 2651 τοῖς
3572 2589 3814 2641 ἔθνεσιν
3836 2603 3848 2614 ·
3901 2587 4029 2652 ’Eg’

2458 2685 2609 2737 ὅσον
2632 2684 2744 2756 μέν
2782 2687 2898 2752 ειμι
2931 2682 3046 2750 ἐγὼ
3064 2684 3109 2713 '°
3138 2680 3329 2735 ἐθνῶν
3357 2681 3721 2756 ἀπόστολος,
3755 2678 3868 2745 τὴν
3899 2680 4029 2731 διαε-

2457 2754 2668 2830 κονίανέ
2693 2793 2810 2846 μου
2836 2774 3058 2838 δοξάζω
3090 2775 3155 2826 "'.
3207 2775 3278 2825 Et
3310 2754 3434 2839 πως
3477 2770 3881 2840 παραζηλώσω
3907 2789 4029 2839 μου

2458 2869 2572 2936 τὴν
2600 2867 2817 2933 σάρκα,
2854 2867 2949 2919 καὶ
2993 2865 3172 2918 σώσω
3215 2866 3383 2930 τινὰς
3425 2864 3493 2928 ἐξ
3539 2863 3756 2916 αὐτῶν.
3808 2863 4027 2931 Ἐπειδὴ

2462 2978 2526 3028 με
2561 2959 2667 3011 τῶν
2695 2957 2865 3011 ἐθνῶν
2897 2959 2925 3008 ό
2956 2957 3088 3018 Θεὸς
3113 2956 3446 3026 προύϐάλετο
3464 2956 3698 3025 κήρυκα,
3719 2955 4031 3020 ἀναγκαίως

2457 3052 2554 3119 τὴν
2580 3049 2851 3118 σωτηρίαν
2880 3047 2988 3100 τῶν
3042 3047 3211 3099 ἐθνῶν
3263 3046 3748 3118 πραγματεύομαι,
3780 3048 3874 3098 καὶ
3903 3045 4033 3105 τοὺς

2381 3156 2424 3216 c
2459 3142 2596 3211 ὑπὲρ
2621 3137 2824 3190 τούτων
2863 3135 3122 3206 ποιοῦμαι
3177 3135 3386 3204 λόγους,
3429 3136 3667 3198 καὶτοὺς
3698 3135 3872 3197 θείους
3897 3152 4034 3204 προ·

2458 3235 2631 3301 φήτας
2658 3230 2862 3285 ἄνωθεν
2905 3229 3078 3283 ταῦτα
3108 3227 3354 3298 δείκνυμι
3393 3227 3888 3298 προθεσπίσαντας·
3941 3229 4028 3279 ἵνα

2455 3321 2628 3390 ταύτῃ
2653 3319 2783 3386 γοῦν
2815 3318 3104 3380 Ἰουδαίους
3136 3319 3211 3379 εἰς
3249 3317 3412 3386 ζῆλον
3472 3317 3718 3387 ὲρεθίσω,
3754 3316 3844 3370 καί
3876 3334 4030 3379 τινας

2454 3411 2513 3474 ἐξ
2558 3410 2733 3463 αὐτῶν
2777 3409 3098 3478 μεταλαχείν
3138 3409 3544 3478 παρασκευάσω
3595 3409 3693 3478 τῆς
3727 3410 4025 3478 σωτηρίας.

2455 3503 2658 3568 Σάρκα
2707 3502 2816 3572 γὰρ
2843 3501 3030 3554 αὑτοῦ
3056 3501 3182 3562 τσὺς
3227 3501 3510 3562 Ἰουδαίους
3545 3501 3726 3568 λέγει’
3768 3501 3842 3562 ώς
3884 3504 4028 3553 κατά

2457 3592 2556 3661 μὲν
2602 3591 2661 3643 τὸ
2719 3592 2972 3660 φρόνημα
3024 3590 3338 3660 ἀλλοτρίους
3374 3592 3552 3655 ὄντας,
3587 3593 3750 3661 μόνης
3790 3592 3843 3646 δὲ
3878 3593 4027 3659 αὐτῷ

2453 3683 2845 3745 κοινωνοῦντας
2864 3683 2965 3751 τῆς
2999 3682 3337 3750 συγγενείας.

2525 3864 2603 3911 ιε’.
2639 3860 2705 3910 Et
2736 3857 2846 3927 γὰρ
2901 3860 2940 3924 ή
2992 3858 3265 3925 ἀποϐολὴ
3313 3858 3510 3912 αὐτῶν
3539 3860 3888 3926 καταλλαγὴ
3920 3862 4026 3912 κό-

2452 3965 2630 4017 σμου,
2659 3951 2750 4015 τίς
2787 3949 2826 4017 ἠ
2857 3953 3223 4018 πρόσληψις,
3261 3954 3311 4004 εὶ
3346 3951 3431 4020 μὴ
3480 3951 3590 4019 ζωὴ
3637 3953 3707 4006 ἐκ
3755 3952 4026 4024 νεκρῶνξ

2453 4041 2515 4092 El
2543 4040 2652 4109 γὰρ
2679 4039 2882 4092 τούτων
2911 4041 3348 4111 ἀπιστησάντων,
3385 4043 3539 4112 φησὶ,
3569 4044 3915 4114 προσελήφθη
3957 4047 4028 4097 τὰ

2451 4130 2600 4198 ἔθνη,
2635 4131 2731 4182 καὶ
2763 4133 2860 4201 τῆς
2890 4133 3160 4204 προτέρας
3209 4133 3430 4210 ἀγνοίας
3475 4134 3844 4204 ἠλευθερώθη,
3865 4137 4026 4204 δῆλον

2449 4219 2525 4282 ώς
2546 4221 2592 4271 εί
2626 4221 2826 4282 πάντες
2850 4216 2993 4273 οὗτοι
3015 4221 3302 4272 πιστεῦσαι
3329 4219 3631 4288 θελήσαιεν,
3661 4222 3811 4273 οὐδὲν
3836 4223 4026 4290 ἕτερον

2454 4309 2825 4371 ὑπολείπεται,
2851 4309 2884 4378 ἢ
2917 4309 2978 4361 τὸ
3001 4308 3252 4377 γενέσθαι
3290 4309 3399 4360 τῶν
3431 4310 3638 4378 νεκρῶν
3665 4309 3761 4379 τὴν
3789 4311 4028 4363 ἀνάστα-

2452 4418 2556 4453 σιν.
2581 4401 2752 4452 Τοῦτο
2782 4400 2838 4452 δὲ
2871 4401 2964 4452 καὶ
2993 4398 3249 4469 ὁ·Κύριος
3285 4400 3410 4469 ἔφη·
3453 4419 3470 4450 ι
3501 4401 3917 4470 Κηρυχθήσεται
3963 4403 4027 4453 τὸ

782 4494 1132 4564 Evangelium
1160 4492 1262 4546 hoc
1289 4493 1443 4562 regni
1471 4492 1527 4545 in
1561 4506 1748 4546 omnes
1779 4499 1966 4559 gentes
1998 4489 2050 4542 in
2096 4489 2346 4542 testimo-
2377 4495 2419 4549 D

2377 4495 2419 4549 D
2451 4489 2782 4557 Εὑαγγέλιον
2820 4489 2976 4540 τοῦτο
3025 4489 3124 4557 τῆς
3157 4490 3431 4556 βασιλείας
3461 4493 3538 4552 εἰς
3579 4492 3752 4542 πάντα
3783 4491 3848 4542 τὰ
3893 4491 4025 4560 ἔθνη

783 4584 933 4637 nium
978 4583 1134 4652 ipsis,
1170 4589 1223 4635 et
1255 4589 1385 4635 tunc
1428 4580 1610 4635 veniet
1657 4579 1781 4634 linis
1801 4588 1846 4630 8.
1892 4597 1911 4630 ι
1968 4577 2121 4632 Scire
2165 4585 2345 4632 autem

2446 4583 2526 4643 είς
2555 4580 2850 4650 μαρτύριον
2869 4580 3071 4643 αὐτοῖς,
3101 4582 3193 4634 καὶ
3209 4581 3327 4633 τότε
3352 4582 3470 4650 ἥξει
3491 4581 3550 4633 τὸ
3578 4581 3745 4643 τέλος.
3772 4601 3790 4632 ι
3811 4580 4025 4635 Εξδέναι

779 4681 1011 4744 oportet,
1048 4671 1190 4741 quod
1219 4671 1438 4726 divinus
1481 4671 1597 4726 haec
1626 4671 1824 4725 dixerit
1864 4669 2183 4740 Apostolus,
2215 4684 2347 4738 pru-

777 4765 927 4820 denti
962 4765 1192 4819 consilio
1225 4765 1530 4817 orationem
1571 4777 1907 4831 componens
1941 4779 1956 4815 :
1985 4773 2095 4815 tum
2129 4777 2224 4816 eos
2253 4761 2348 4830 qui

779 4854 1127 4910 crediderunt
1155 4869 1262 4907 non
1295 4854 1458 4908 nimis
1485 4862 1803 4922 arroganter
1829 4853 1894 4908 de
1925 4868 1985 4908 se
2011 4854 2215 4909 sentire
2246 4853 2348 4908 do-

779 4963 928 5011 cens,
954 4957 1068 4999 tum
1090 4943 1293 4998 Judaeis
1318 4959 1425 4997 non
1455 4944 1804 4998 credentibus
1830 4958 2049 4996 manum
2074 4944 2348 5012 praebens,

779 5051 842 5090 ac
886 5035 1124 5090 salutem
1162 5051 1238 5089 ex
1285 5037 1605 5104 pcenitentia
1657 5033 1954 5104 parandam
2007 5035 2348 5107 signiﬁcans.

777 5125 935 5191 Quod
971 5125 1263 5195 sequentia
1293 5126 1490 5180 docent
1523 5127 1786 5195 apertius.

846 5216 1010 5270 Vsus.
1041 5217 1216 5271 16-18.
1250 5215 1406 5281 Quod
1445 5218 1492 5269 si
1523 5215 1774 5270 delibatio
1802 5226 2010 5282 sancta,
2043 5225 2093 5271 et
2122 5233 2299 5272 massa
2331 5237 2348 5272 :

851 5374 875 5410 ε
916 5371 1104 5424 Matth.
1133 5386 1277 5433 sxw,
1316 5371 1399 5427 14.

2452 4672 2636 4742 μέντοι
2683 4671 2809 4741 χρὴ,
2840 4671 2914 4732 ώς
2941 4669 3114 4723 ταῦτα
3163 4672 3190 4724 ὸ
3240 4671 3379 4732 θεῖος
3414 4671 3731 4734 Ἀπόστολος
3765 4673 3986 4740 εἴρηκεν
4009 4713 4024 4730 ,

2449 4759 2808 4829 οἰκονομικῶς
2864 4759 3284 4822 κατασκευάζων
3332 4763 3422 4812 τὸν
3466 4761 3652 4829 λόγον·
3683 4763 3775 4814 καὶ
3801 4763 3924 4825 τούς
3959 4780 4026 4816 τε

2449 4851 2508 4914 ἐξ
2533 4849 2699 4903 ἐθνῶν
2731 4851 3162 4913 πεπιστευκότας
3208 4857 3616 4921 μετριοφρονεῖν
3658 4855 4023 4916 ὲκπαιδεύων,

2451 4943 2673 5002 καὶτοῖς
2704 4941 2992 4994 ἀπιστοῦσι
3019 4941 3124 4994 τῶν
3160 4943 3426 4996 Ἰουδαίων
3482 4946 3639 5014 χεῖρα
3668 4944 3894 5014 ὀρέγων.
3922 4939 4028 5000 κάι

2447 5036 2545 5106 τὴν
2575 5035 2639 5088 ὲκ
2657 5027 2758 5102 τῆς
2811 5036 3172 5106 μεταμελείας
3205 5038 3522 5102 ὑποδεικνὺς
3561 5040 3851 5110 σωτηρίαν.
3906 5043 4026 5095 Καὶ

2447 5125 2606 5179 τοῦτο
2631 5125 2700 5178 τὰ
2728 5124 2856 5193 ἑξῆς
2877 5125 3114 5180 διδάσκει
3151 5127 3505 5199 σαφέστερον.

2521 5221 2718 5286 ις’-ιη’.
2747 5219 2814 5270 El
2852 5217 2921 5270 δὲ
2953 5219 2990 5286 ή
3025 5220 3267 5289 ἀπαρχὴ
3303 5221 3462 5291 ἁγία,
3489 5221 3588 5274 καί
3636 5218 3703 5273 τὸ
3737 5221 3980 5288 φύραμα
4003 5237 4021 5250 ·

2074 5507 2304 5562 νΛΒΙᾹΞ
2342 5509 2742 5568 LECTIONES.

829 5649 873 5680 ιε
898 5649 1059 5717 συμ6.
1090 5648 1240 5702 deest
1262 5650 1320 5703 in
1346 5654 1412 5712 Α.
1488 5651 1532 5681 ⁸⁷
1566 5652 1608 5702 Δ
1645 5660 1698 5704 et
1731 5650 1769 5702 Β
1797 5651 2027 5704 δεδιέναι
2072 5651 2150 5706 lta
2181 5653 2343 5707 etiam
2377 5661 2560 5709 textus
2595 5655 2761 5710 Sirm.
2789 5657 2853 5709 ad
2889 5672 3033 5710 vers.
3067 5657 3155 5709 2|.

771 5719 817 5748 ὀ
847 5719 956 5785 ἑγὼ
996 5719 1148 5770 deest
1182 5719 1232 5769 in
1266 5719 1325 5772 Β.

770 5788 1059 5844 lectionem
1098 5797 1295 5842 servat.

3235 5658 3280 5689 ⁸⁸
3302 5657 3718 5728 ᾼΑπροτρέπων.
3797 5659 3841 5691 ⁶⁹
3869 5657 3912 5712 Β
3936 5660 4028 5716 δέ.

1419 5719 1460 5751 ⁷¹
1497 5720 1703 5787 δοξάσω
1734 5721 1862 5792 tegit
1905 5721 2044 5778 infra
2077 5724 2128 5777 in
2164 5735 2484 5794 argumento
2515 5725 2666 5796 Epist
2720 5727 2784 5781 ad
2819 5726 3096 5796 Hebrzeos,
3131 5728 3224 5782 sed
3253 5725 3321 5781 ad
3353 5725 3371 5780 l
3403 5719 3528 5784 Cor:
3564 5744 3657 5794 xu,
3691 5728 3740 5795 6,
3773 5743 4029 5787 nostram
