  <div class='ocr_page' id='page_1' title='image "/cluster/home/n/w/nwhite01/storage/ocr_20150623/82/nnc1.0046979700/107.png"; bbox 0 0 4210 6438; ppageno 0'>
   <div class='ocr_carea' id='block_1_1' title="bbox 812 376 911 439">
    <p class='ocr_par' dir='ltr' id='par_1_1' title="bbox 812 376 911 439">
     <span class='ocr_line' id='line_1_1' title="bbox 812 376 911 439; baseline 0.03 -4"><span class='ocrx_word' id='word_1_1' title='bbox 812 376 911 439; x_wconf 83' lang='grc'><strong>183</strong></span> 
     </span>
    </p>
   </div>
   <div class='ocr_carea' id='block_1_2' title="bbox 1781 380 3028 441">
    <p class='ocr_par' dir='ltr' id='par_1_2' title="bbox 1781 380 3028 441">
     <span class='ocr_line' id='line_1_2' title="bbox 1781 380 3028 441; baseline -0.002 -4"><span class='ocrx_word' id='word_1_2' title='bbox 1781 380 2263 440; x_wconf 80' lang='lat' dir='ltr'><strong>&#39;I‘IIEODORETI</strong></span> <span class='ocrx_word' id='word_1_3' title='bbox 2298 380 2635 440; x_wconf 86' lang='lat' dir='ltr'><strong>EPISCOPI</strong></span> <span class='ocrx_word' id='word_1_4' title='bbox 2664 380 3028 441; x_wconf 78' lang='lat' dir='ltr'><strong>CYRENSIS</strong></span> 
     </span>
    </p>
   </div>
   <div class='ocr_carea' id='block_1_3' title="bbox 3939 383 4036 447">
    <p class='ocr_par' dir='ltr' id='par_1_3' title="bbox 3939 383 4036 447">
     <span class='ocr_line' id='line_1_3' title="bbox 3939 383 4036 447; baseline 0.021 -2"><span class='ocrx_word' id='word_1_5' title='bbox 3939 383 4036 447; x_wconf 78' lang='grc'><strong>184</strong></span> 
     </span>
    </p>
   </div>
   <div class='ocr_carea' id='block_1_4' title="bbox 807 483 2414 561">
    <p class='ocr_par' dir='ltr' id='par_1_4' title="bbox 807 483 2414 557">
     <span class='ocr_line' id='line_1_4' title="bbox 807 483 2414 557; baseline 0.004 -21"><span class='ocrx_word' id='word_1_6' title='bbox 807 487 895 537; x_wconf 73' lang='lat' dir='ltr'><strong>tia:</strong></span> <span class='ocrx_word' id='word_1_7' title='bbox 936 484 1052 539; x_wconf 89' lang='lat' dir='ltr'><strong>Dei.</strong></span> <span class='ocrx_word' id='word_1_8' title='bbox 1092 483 1233 538; x_wconf 88' lang='lat' dir='ltr'><strong>Olnn</strong></span> <span class='ocrx_word' id='word_1_9' title='bbox 1288 497 1432 537; x_wconf 78' lang='lat' dir='ltr'><strong>enim</strong></span> <span class='ocrx_word' id='word_1_10' title='bbox 1466 496 1495 534; x_wconf 89' lang='lat' dir='ltr'><strong>a</strong></span> <span class='ocrx_word' id='word_1_11' title='bbox 1524 498 1791 553; x_wconf 79' lang='lat' dir='ltr'><strong>pI&#39;mCIpIO</strong></span> <span class='ocrx_word' id='word_1_12' title='bbox 1818 483 1934 538; x_wconf 73' lang='lat' dir='ltr'><strong>haec</strong></span> <span class='ocrx_word' id='word_1_13' title='bbox 1964 486 2119 556; x_wconf 74' lang='grc'><strong>127</strong></span> <span class='ocrx_word' id='word_1_14' title='bbox 2152 488 2368 557; x_wconf 72' lang='grc' dir='ltr'>ριίεεεί-</span> <span class='ocrx_word' id='word_1_15' title='bbox 2397 489 2414 542; x_wconf 82' lang='lat' dir='ltr'><strong>l</strong></span> 
     </span>
    </p>
   </div>
   <div class='ocr_carea' id='block_1_5' title="bbox 2449 483 4031 561">
    <p class='ocr_par' dir='ltr' id='par_1_5' title="bbox 2472 484 4031 561">
     <span class='ocr_line' id='line_1_5' title="bbox 2472 484 4031 561; baseline 0.001 -20"><span class='ocrx_word' id='word_1_16' title='bbox 2472 489 2614 541; x_wconf 79' lang='grc' dir='ltr'>Θεοῦ</span> <span class='ocrx_word' id='word_1_17' title='bbox 2632 487 2652 537; x_wconf 89' lang='lat'><strong>.&#39;</strong></span> <span class='ocrx_word' id='word_1_18' title='bbox 2691 487 2928 540; x_wconf 78' lang='grc' dir='ltr'>Ἀνωθεν</span> <span class='ocrx_word' id='word_1_19' title='bbox 2970 484 3081 555; x_wconf 75' lang='grc' dir='ltr'><strong>γὰρ</strong></span> <span class='ocrx_word' id='word_1_20' title='bbox 3107 487 3199 538; x_wconf 82' lang='grc' dir='ltr'>καὶ</span> <span class='ocrx_word' id='word_1_21' title='bbox 3229 487 3289 551; x_wconf 79' lang='grc' dir='ltr'>ἐξ</span> <span class='ocrx_word' id='word_1_22' title='bbox 3324 488 3497 559; x_wconf 82' lang='grc' dir='ltr'>ἀρχῆς</span> <span class='ocrx_word' id='word_1_23' title='bbox 3539 493 3711 547; x_wconf 81' lang='grc' dir='ltr'>ταῦτα</span> <span class='ocrx_word' id='word_1_24' title='bbox 3763 493 4031 561; x_wconf 73' lang='grc' dir='ltr'>προέγι.ωι</span> 
     </span>
    </p>
   </div>
   <div class='ocr_carea' id='block_1_6' title="bbox 807 575 2371 644">
    <p class='ocr_par' dir='ltr' id='par_1_6' title="bbox 807 575 2371 644">
     <span class='ocr_line' id='line_1_6' title="bbox 807 575 2371 644; baseline 0.003 -17"><span class='ocrx_word' id='word_1_25' title='bbox 807 578 917 640; x_wconf 88' lang='lat' dir='ltr'><strong>vit;</strong></span> <span class='ocrx_word' id='word_1_26' title='bbox 947 584 1145 629; x_wconf 90' lang='lat' dir='ltr'><strong>etcum</strong></span> <span class='ocrx_word' id='word_1_27' title='bbox 1186 575 1572 641; x_wconf 76' lang='lat' dir='ltr'><strong>praeseirisset,</strong></span> <span class='ocrx_word' id='word_1_28' title='bbox 1609 575 1888 644; x_wconf 74' lang='lat' dir='ltr'><strong>sapienter</strong></span> <span class='ocrx_word' id='word_1_29' title='bbox 1937 579 2269 644; x_wconf 83' lang='lat' dir='ltr'><strong>constituit;</strong></span> <span class='ocrx_word' id='word_1_30' title='bbox 2314 585 2371 632; x_wconf 90' lang='lat' dir='ltr'><strong>et</strong></span> 
     </span>
    </p>
   </div>
   <div class='ocr_carea' id='block_1_7' title="bbox 808 663 2370 732">
    <p class='ocr_par' dir='ltr' id='par_1_7' title="bbox 808 663 2370 732">
     <span class='ocr_line' id='line_1_7' title="bbox 808 663 2370 732; baseline 0.001 -15"><span class='ocrx_word' id='word_1_31' title='bbox 808 666 1168 727; x_wconf 83' lang='lat' dir='ltr'><strong>constituens,</strong></span> <span class='ocrx_word' id='word_1_32' title='bbox 1222 679 1335 717; x_wconf 65' lang='lat' dir='ltr'><strong>sua:</strong></span> <span class='ocrx_word' id='word_1_33' title='bbox 1385 663 1743 732; x_wconf 81' lang='lat' dir='ltr'><strong>benignitatis</strong></span> <span class='ocrx_word' id='word_1_34' title='bbox 1814 663 2037 720; x_wconf 82' lang='lat' dir='ltr'><strong>divitias</strong></span> <span class='ocrx_word' id='word_1_35' title='bbox 2111 666 2370 721; x_wconf 73' lang='lat' dir='ltr'><strong>ostendit.</strong></span> 
     </span>
    </p>
   </div>
   <div class='ocr_carea' id='block_1_8' title="bbox 808 744 2375 825">
    <p class='ocr_par' dir='ltr' id='par_1_8' title="bbox 808 744 2375 825">
     <span class='ocr_line' id='line_1_8' title="bbox 808 744 2375 825; baseline 0.003 -18"><span class='ocrx_word' id='word_1_36' title='bbox 808 756 978 819; x_wconf 74' lang='lat' dir='ltr'><strong>Quam</strong></span> <span class='ocrx_word' id='word_1_37' title='bbox 995 756 1531 823; x_wconf 76' lang='lat' dir='ltr'><strong>incomprehensibilia</strong></span> <span class='ocrx_word' id='word_1_38' title='bbox 1553 744 1675 809; x_wconf 73' lang='lat' dir='ltr'><strong>sunt</strong></span> <span class='ocrx_word' id='word_1_39' title='bbox 1694 754 1904 824; x_wconf 86' lang='lat' dir='ltr'><strong>judicia</strong></span> <span class='ocrx_word' id='word_1_40' title='bbox 1934 760 2068 825; x_wconf 82' lang='lat' dir='ltr'><strong>ejus,</strong></span> <span class='ocrx_word' id='word_1_41' title='bbox 2091 767 2140 810; x_wconf 89' lang='lat' dir='ltr'><strong>et</strong></span> <span class='ocrx_word' id='word_1_42' title='bbox 2166 759 2375 811; x_wconf 77' lang='lat' dir='ltr'><strong>investi~</strong></span> 
     </span>
    </p>
   </div>
   <div class='ocr_carea' id='block_1_9' title="bbox 808 846 2371 918">
    <p class='ocr_par' dir='ltr' id='par_1_9' title="bbox 808 846 2371 918">
     <span class='ocr_line' id='line_1_9' title="bbox 808 846 2371 918; baseline 0.003 -19"><span class='ocrx_word' id='word_1_43' title='bbox 808 846 1006 915; x_wconf 83' lang='lat' dir='ltr'><strong>gabiles</strong></span> <span class='ocrx_word' id='word_1_44' title='bbox 1031 849 1128 902; x_wconf 74' lang='lat' dir='ltr'><strong>cite</strong></span> <span class='ocrx_word' id='word_1_45' title='bbox 1161 849 1309 917; x_wconf 86' lang='lat' dir='ltr'><strong>ejus!</strong></span> <span class='ocrx_word' id='word_1_46' title='bbox 1340 847 1658 902; x_wconf 88' lang='lat' dir='ltr'><strong>Divinarum</strong></span> <span class='ocrx_word' id='word_1_47' title='bbox 1711 848 2187 918; x_wconf 88' lang='lat' dir='ltr'><strong>dispensationum</strong></span> <span class='ocrx_word' id='word_1_48' title='bbox 2229 852 2371 904; x_wconf 84' lang='lat' dir='ltr'><strong>ratio</strong></span> 
     </span>
    </p>
   </div>
   <div class='ocr_carea' id='block_1_10' title="bbox 808 935 2372 1005">
    <p class='ocr_par' dir='ltr' id='par_1_10' title="bbox 808 935 2372 1005">
     <span class='ocr_line' id='line_1_10' title="bbox 808 935 2372 1005; baseline 0 -16"><span class='ocrx_word' id='word_1_49' title='bbox 808 939 1009 991; x_wconf 89' lang='lat' dir='ltr'><strong>mentis</strong></span> <span class='ocrx_word' id='word_1_50' title='bbox 1072 937 1317 990; x_wconf 70' lang='lat' dir='ltr'><strong>humana:</strong></span> <span class='ocrx_word' id='word_1_51' title='bbox 1370 944 1590 1005; x_wconf 86' lang='lat' dir='ltr'><strong>captum</strong></span> <span class='ocrx_word' id='word_1_52' title='bbox 1644 944 1908 1005; x_wconf 84' lang='lat' dir='ltr'><strong>superat:</strong></span> <span class='ocrx_word' id='word_1_53' title='bbox 1965 946 2016 989; x_wconf 89' lang='lat' dir='ltr'><strong>et</strong></span> <span class='ocrx_word' id='word_1_54' title='bbox 2071 935 2372 989; x_wconf 90' lang='lat' dir='ltr'><strong>invisibiles</strong></span> 
     </span>
    </p>
   </div>
   <div class='ocr_carea' id='block_1_11' title="bbox 808 1026 2367 1098">
    <p class='ocr_par' dir='ltr' id='par_1_11' title="bbox 808 1026 2367 1098">
     <span class='ocr_line' id='line_1_11' title="bbox 808 1026 2367 1098; baseline 0.005 -20"><span class='ocrx_word' id='word_1_55' title='bbox 808 1028 941 1095; x_wconf 65' lang='lat' dir='ltr'><strong>ipsa:</strong></span> <span class='ocrx_word' id='word_1_56' title='bbox 964 1035 1263 1096; x_wconf 85' lang='lat' dir='ltr'><strong>potestates</strong></span> <span class='ocrx_word' id='word_1_57' title='bbox 1298 1026 1394 1081; x_wconf 86' lang='lat' dir='ltr'><strong>Dei</strong></span> <span class='ocrx_word' id='word_1_58' title='bbox 1428 1028 1811 1092; x_wconf 75' lang='lat' dir='ltr'><strong>universorum</strong></span> <span class='ocrx_word' id='word_1_59' title='bbox 1842 1029 2241 1098; x_wconf 82' lang='lat' dir='ltr'><strong>providentiam</strong></span> <span class='ocrx_word' id='word_1_60' title='bbox 2279 1046 2367 1086; x_wconf 79' lang='lat' dir='ltr'><strong>as-</strong></span> 
     </span>
    </p>
   </div>
   <div class='ocr_carea' id='block_1_12' title="bbox 807 1118 1387 1185">
    <p class='ocr_par' dir='ltr' id='par_1_12' title="bbox 807 1118 1387 1185">
     <span class='ocr_line' id='line_1_12' title="bbox 807 1118 1387 1185; baseline 0 -16"><span class='ocrx_word' id='word_1_61' title='bbox 807 1118 959 1185; x_wconf 84' lang='lat' dir='ltr'><strong>sequi</strong></span> <span class='ocrx_word' id='word_1_62' title='bbox 996 1132 1099 1169; x_wconf 89' lang='lat' dir='ltr'><strong>non</strong></span> <span class='ocrx_word' id='word_1_63' title='bbox 1139 1125 1387 1185; x_wconf 86' lang='lat' dir='ltr'><strong>possunt.</strong></span> 
     </span>
    </p>
   </div>
   <div class='ocr_carea' id='block_1_13' title="bbox 879 1206 2369 1276">
    <p class='ocr_par' dir='ltr' id='par_1_13' title="bbox 879 1206 2369 1276">
     <span class='ocr_line' id='line_1_13' title="bbox 879 1206 2369 1276; baseline 0.005 -17"><span class='ocrx_word' id='word_1_64' title='bbox 879 1207 1041 1260; x_wconf 66' lang='lat' dir='ltr'><strong>Vens.</strong></span> <span class='ocrx_word' id='word_1_65' title='bbox 1070 1208 1160 1272; x_wconf 70' lang='grc'>54,</span> <span class='ocrx_word' id='word_1_66' title='bbox 1189 1208 1275 1262; x_wconf 81' lang='grc'><strong>55.</strong></span> <span class='ocrx_word' id='word_1_67' title='bbox 1303 1208 1432 1273; x_wconf 86' lang='lat' dir='ltr'><strong>Quis</strong></span> <span class='ocrx_word' id='word_1_68' title='bbox 1458 1210 1594 1260; x_wconf 85' lang='lat' dir='ltr'><strong>enim</strong></span> <span class='ocrx_word' id='word_1_69' title='bbox 1620 1211 1855 1276; x_wconf 77' lang='lat' dir='ltr'><strong>cognovit</strong></span> <span class='ocrx_word' id='word_1_70' title='bbox 1884 1228 2091 1264; x_wconf 83' lang='lat' dir='ltr'><strong>sensum</strong></span> <span class='ocrx_word' id='word_1_71' title='bbox 2121 1206 2369 1266; x_wconf 84' lang='lat' dir='ltr'><strong>Domini?</strong></span> 
     </span>
    </p>
   </div>
   <div class='ocr_carea' id='block_1_14' title="bbox 806 1298 2369 1371">
    <p class='ocr_par' dir='ltr' id='par_1_14' title="bbox 806 1298 2369 1371">
     <span class='ocr_line' id='line_1_14' title="bbox 806 1298 2369 1371; baseline 0.004 -22"><span class='ocrx_word' id='word_1_72' title='bbox 806 1308 895 1349; x_wconf 77' lang='lat' dir='ltr'><strong>aut</strong></span> <span class='ocrx_word' id='word_1_73' title='bbox 930 1301 1045 1367; x_wconf 86' lang='lat' dir='ltr'><strong>quis</strong></span> <span class='ocrx_word' id='word_1_74' title='bbox 1086 1298 1420 1352; x_wconf 77' lang='lat' dir='ltr'><strong>consiliarius</strong></span> <span class='ocrx_word' id='word_1_75' title='bbox 1460 1299 1572 1366; x_wconf 86' lang='lat' dir='ltr'><strong>ejus</strong></span> <span class='ocrx_word' id='word_1_76' title='bbox 1599 1298 1746 1367; x_wconf 78' lang='lat' dir='ltr'><strong>fuit?</strong></span> <span class='ocrx_word' id='word_1_77' title='bbox 1788 1299 1881 1353; x_wconf 86' lang='lat' dir='ltr'><strong>Vel</strong></span> <span class='ocrx_word' id='word_1_78' title='bbox 1932 1305 2046 1371; x_wconf 82' lang='lat' dir='ltr'><strong>quis</strong></span> <span class='ocrx_word' id='word_1_79' title='bbox 2097 1304 2243 1370; x_wconf 85' lang='lat' dir='ltr'><strong>prior</strong></span> <span class='ocrx_word' id='word_1_80' title='bbox 2285 1304 2369 1355; x_wconf 88' lang='lat' dir='ltr'><strong>illi</strong></span> 
     </span>
    </p>
   </div>
   <div class='ocr_carea' id='block_1_15' title="bbox 803 1390 2366 1462">
    <p class='ocr_par' dir='ltr' id='par_1_15' title="bbox 803 1390 2366 1462">
     <span class='ocr_line' id='line_1_15' title="bbox 803 1390 2366 1462; baseline 0.005 -22"><span class='ocrx_word' id='word_1_81' title='bbox 803 1391 970 1453; x_wconf 60' lang='lat' dir='ltr'><strong>dedit,</strong></span> <span class='ocrx_word' id='word_1_82' title='bbox 1013 1402 1060 1443; x_wconf 87' lang='lat' dir='ltr'><strong>et</strong></span> <span class='ocrx_word' id='word_1_83' title='bbox 1100 1392 1415 1442; x_wconf 77' lang='lat' dir='ltr'><strong>retribuetur</strong></span> <span class='ocrx_word' id='word_1_84' title='bbox 1442 1390 1531 1444; x_wconf 85' lang='lat' dir='ltr'><strong>ei?</strong></span> <span class='ocrx_word' id='word_1_85' title='bbox 1565 1390 1689 1443; x_wconf 80' lang='lat' dir='ltr'><strong>Ilaec</strong></span> <span class='ocrx_word' id='word_1_86' title='bbox 1733 1391 1837 1443; x_wconf 87' lang='lat' dir='ltr'><strong>tria</strong></span> <span class='ocrx_word' id='word_1_87' title='bbox 1884 1394 2060 1445; x_wconf 88' lang='lat' dir='ltr'><strong>tribus</strong></span> <span class='ocrx_word' id='word_1_88' title='bbox 2090 1395 2366 1462; x_wconf 80' lang='lat' dir='ltr'><strong>opposuit,</strong></span> 
     </span>
    </p>
   </div>
   <div class='ocr_carea' id='block_1_16' title="bbox 805 1478 2367 1548">
    <p class='ocr_par' dir='ltr' id='par_1_16' title="bbox 805 1478 2367 1548">
     <span class='ocr_line' id='line_1_16' title="bbox 805 1478 2367 1548; baseline 0.004 -19"><span class='ocrx_word' id='word_1_89' title='bbox 805 1480 1030 1540; x_wconf 84' lang='lat' dir='ltr'><strong>divitiis,</strong></span> <span class='ocrx_word' id='word_1_90' title='bbox 1056 1478 1355 1546; x_wconf 72' lang='lat' dir='ltr'><strong>sapientize,</strong></span> <span class='ocrx_word' id='word_1_91' title='bbox 1399 1488 1450 1532; x_wconf 93' lang='lat' dir='ltr'><strong>et</strong></span> <span class='ocrx_word' id='word_1_92' title='bbox 1476 1479 1739 1531; x_wconf 65' lang='lat' dir='ltr'><strong>scientiae.</strong></span> <span class='ocrx_word' id='word_1_93' title='bbox 1769 1479 1902 1531; x_wconf 91' lang='lat' dir='ltr'><strong>Illud</strong></span> <span class='ocrx_word' id='word_1_94' title='bbox 1935 1480 2153 1546; x_wconf 85' lang='lat' dir='ltr'><strong>quidem</strong></span> <span class='ocrx_word' id='word_1_95' title='bbox 2185 1501 2196 1535; x_wconf 92' lang='lat'>:</span> <span class='ocrx_word' id='word_1_96' title='bbox 2236 1484 2367 1548; x_wconf 83' lang='lat' dir='ltr'><strong>Quis</strong></span> 
     </span>
    </p>
   </div>
   <div class='ocr_carea' id='block_1_17' title="bbox 804 1560 2367 1638">
    <p class='ocr_par' dir='ltr' id='par_1_17' title="bbox 804 1560 2367 1638">
     <span class='ocr_line' id='line_1_17' title="bbox 804 1560 2367 1638; baseline 0.008 -21"><span class='ocrx_word' id='word_1_97' title='bbox 804 1569 945 1619; x_wconf 80' lang='lat' dir='ltr'><strong>novit</strong></span> <span class='ocrx_word' id='word_1_98' title='bbox 996 1584 1205 1620; x_wconf 81' lang='lat' dir='ltr'><strong>sensum</strong></span> <span class='ocrx_word' id='word_1_99' title='bbox 1238 1568 1500 1620; x_wconf 84' lang='lat' dir='ltr'><strong>Domini?</strong></span> <span class='ocrx_word' id='word_1_100' title='bbox 1530 1569 1789 1623; x_wconf 62' lang='lat' dir='ltr'><strong>scientiae.</strong></span> <span class='ocrx_word' id='word_1_101' title='bbox 1827 1569 1939 1626; x_wconf 86' lang='lat' dir='ltr'><strong>Hoc</strong></span> <span class='ocrx_word' id='word_1_102' title='bbox 1973 1582 2150 1628; x_wconf 89' lang='lat' dir='ltr'><strong>autem</strong></span> <span class='ocrx_word' id='word_1_103' title='bbox 2189 1595 2201 1629; x_wconf 89' lang='lat'><strong>:</strong></span> <span class='ocrx_word' id='word_1_104' title='bbox 2239 1560 2367 1638; x_wconf 82' lang='lat' dir='ltr'><strong>Quis</strong></span> 
     </span>
    </p>
   </div>
   <div class='ocr_carea' id='block_1_18' title="bbox 803 1654 2367 1727">
    <p class='ocr_par' dir='ltr' id='par_1_18' title="bbox 803 1654 2367 1727">
     <span class='ocr_line' id='line_1_18' title="bbox 803 1654 2367 1727; baseline 0.006 -20"><span class='ocrx_word' id='word_1_105' title='bbox 803 1654 1141 1709; x_wconf 86' lang='lat' dir='ltr'><strong>consiliarius</strong></span> <span class='ocrx_word' id='word_1_106' title='bbox 1174 1656 1286 1723; x_wconf 86' lang='lat' dir='ltr'><strong>ejus</strong></span> <span class='ocrx_word' id='word_1_107' title='bbox 1332 1656 1481 1723; x_wconf 82' lang='lat' dir='ltr'><strong>fuit?</strong></span> <span class='ocrx_word' id='word_1_108' title='bbox 1517 1656 1820 1724; x_wconf 78' lang='lat' dir='ltr'><strong>sapientiae.</strong></span> <span class='ocrx_word' id='word_1_109' title='bbox 1855 1657 1985 1723; x_wconf 72' lang='lat' dir='ltr'><strong>Quis</strong></span> <span class='ocrx_word' id='word_1_110' title='bbox 2019 1670 2195 1714; x_wconf 88' lang='lat' dir='ltr'><strong>autem</strong></span> <span class='ocrx_word' id='word_1_111' title='bbox 2219 1665 2367 1727; x_wconf 82' lang='lat' dir='ltr'><strong>prior</strong></span> 
     </span>
    </p>
   </div>
   <div class='ocr_carea' id='block_1_19' title="bbox 802 1730 2363 1805">
    <p class='ocr_par' dir='ltr' id='par_1_19' title="bbox 802 1730 2363 1805">
     <span class='ocr_line' id='line_1_19' title="bbox 802 1730 2363 1805; baseline 0.004 -12"><span class='ocrx_word' id='word_1_112' title='bbox 802 1744 966 1805; x_wconf 79' lang='lat' dir='ltr'><strong>dedit,</strong></span> <span class='ocrx_word' id='word_1_113' title='bbox 1016 1752 1065 1805; x_wconf 86' lang='lat' dir='ltr'><strong>et</strong></span> <span class='ocrx_word' id='word_1_114' title='bbox 1120 1742 1434 1795; x_wconf 82' lang='lat' dir='ltr'><strong>retribuetur</strong></span> <span class='ocrx_word' id='word_1_115' title='bbox 1484 1744 1573 1798; x_wconf 85' lang='lat' dir='ltr'><strong>ei?</strong></span> <span class='ocrx_word' id='word_1_116' title='bbox 1605 1730 1833 1798; x_wconf 79' lang='lat' dir='ltr'><strong>divitiis.</strong></span> <span class='ocrx_word' id='word_1_117' title='bbox 1862 1744 2013 1799; x_wconf 85' lang='lat' dir='ltr'><strong>Adeo</strong></span> <span class='ocrx_word' id='word_1_118' title='bbox 2061 1748 2205 1799; x_wconf 90' lang='lat' dir='ltr'><strong>enim</strong></span> <span class='ocrx_word' id='word_1_119' title='bbox 2260 1749 2363 1800; x_wconf 89' lang='lat' dir='ltr'><strong>im—</strong></span> 
     </span>
    </p>
   </div>
   <div class='ocr_carea' id='block_1_20' title="bbox 2474 574 4037 653">
    <p class='ocr_par' dir='ltr' id='par_1_20' title="bbox 2474 574 4037 653">
     <span class='ocr_line' id='line_1_20' title="bbox 2474 574 4037 653; baseline 0.005 -24"><span class='ocrx_word' id='word_1_120' title='bbox 2474 578 2567 629; x_wconf 67' lang='lat' dir='ltr'><strong>itat</strong></span> <span class='ocrx_word' id='word_1_121' title='bbox 2595 578 2860 646; x_wconf 82' lang='grc' dir='ltr'><strong>προγνοὺς</strong></span> <span class='ocrx_word' id='word_1_122' title='bbox 2896 574 3075 644; x_wconf 76' lang='grc' dir='ltr'>σοφῶς</span> <span class='ocrx_word' id='word_1_123' title='bbox 3107 575 3443 647; x_wconf 80' lang='grc' dir='ltr'>ᾠκονόμησε,</span> <span class='ocrx_word' id='word_1_124' title='bbox 3494 579 3586 631; x_wconf 72' lang='grc' dir='ltr'>καὶ</span> <span class='ocrx_word' id='word_1_125' title='bbox 3614 574 3911 652; x_wconf 82' lang='grc' dir='ltr'>οίκονομῶν</span> <span class='ocrx_word' id='word_1_126' title='bbox 3938 585 4037 653; x_wconf 71' lang='grc' dir='ltr'>τῆς</span> 
     </span>
    </p>
   </div>
   <div class='ocr_carea' id='block_1_21' title="bbox 2473 662 4037 737">
    <p class='ocr_par' dir='ltr' id='par_1_21' title="bbox 2473 662 4037 737">
     <span class='ocr_line' id='line_1_21' title="bbox 2473 662 4037 737; baseline 0 -21"><span class='ocrx_word' id='word_1_127' title='bbox 2473 664 2882 733; x_wconf 77' lang='grc' dir='ltr'><strong>φιλανθρωπίας</strong></span> <span class='ocrx_word' id='word_1_128' title='bbox 2940 664 3033 715; x_wconf 85' lang='grc' dir='ltr'>τὸν</span> <span class='ocrx_word' id='word_1_129' title='bbox 3080 662 3306 717; x_wconf 86' lang='grc' dir='ltr'>πλοῦτον</span> <span class='ocrx_word' id='word_1_130' title='bbox 3362 666 3655 732; x_wconf 81' lang='grc' dir='ltr'>ὑπέδειξεν.</span> <span class='ocrx_word' id='word_1_131' title='bbox 3717 670 3813 735; x_wconf 79' lang='grc' dir='ltr'>Ὠς</span> <span class='ocrx_word' id='word_1_132' title='bbox 3858 673 4037 737; x_wconf 79' lang='grc' dir='ltr'><strong>ἀνεξ-</strong></span> 
     </span>
    </p>
   </div>
   <div class='ocr_carea' id='block_1_22' title="bbox 2472 754 4037 835">
    <p class='ocr_par' dir='ltr' id='par_1_22' title="bbox 2472 754 4037 835">
     <span class='ocr_line' id='line_1_22' title="bbox 2472 754 4037 835; baseline 0.006 -28"><span class='ocrx_word' id='word_1_133' title='bbox 2472 756 2759 822; x_wconf 75' lang='grc' dir='ltr'>ερεύνητα</span> <span class='ocrx_word' id='word_1_134' title='bbox 2801 754 2873 807; x_wconf 83' lang='grc' dir='ltr'>τὰ</span> <span class='ocrx_word' id='word_1_135' title='bbox 2906 754 3156 824; x_wconf 70' lang='grc' dir='ltr'>κρίματα</span> <span class='ocrx_word' id='word_1_136' title='bbox 3192 756 3399 817; x_wconf 82' lang='grc' dir='ltr'>αὑτοῦ,</span> <span class='ocrx_word' id='word_1_137' title='bbox 3442 757 3541 810; x_wconf 76' lang='grc' dir='ltr'>καὶ</span> <span class='ocrx_word' id='word_1_138' title='bbox 3590 758 4037 835; x_wconf 78' lang='grc' dir='ltr'><strong>ἀνεξιχνίαστοι</strong></span> 
     </span>
    </p>
   </div>
   <div class='ocr_carea' id='block_1_23' title="bbox 2472 842 4036 921">
    <p class='ocr_par' dir='ltr' id='par_1_23' title="bbox 2472 842 4036 921">
     <span class='ocr_line' id='line_1_23' title="bbox 2472 842 4036 921; baseline 0.005 -26"><span class='ocrx_word' id='word_1_139' title='bbox 2472 846 2529 895; x_wconf 86' lang='lat' dir='ltr'><strong>al</strong></span> <span class='ocrx_word' id='word_1_140' title='bbox 2561 843 2685 896; x_wconf 76' lang='grc' dir='ltr'>ὁδοί</span> <span class='ocrx_word' id='word_1_141' title='bbox 2708 842 2918 895; x_wconf 69' lang='grc' dir='ltr'><strong>αὑτοῦ.ί</strong></span> <span class='ocrx_word' id='word_1_142' title='bbox 2968 842 3309 913; x_wconf 82' lang='grc' dir='ltr'>’Υπερϐαίνει</span> <span class='ocrx_word' id='word_1_143' title='bbox 3335 845 3391 897; x_wconf 77' lang='grc' dir='ltr'>δὲ</span> <span class='ocrx_word' id='word_1_144' title='bbox 3418 847 3510 899; x_wconf 79' lang='grc' dir='ltr'>τὸν</span> <span class='ocrx_word' id='word_1_145' title='bbox 3539 848 3663 899; x_wconf 92' lang='grc' dir='ltr'>νοῦν</span> <span class='ocrx_word' id='word_1_146' title='bbox 3699 849 3790 901; x_wconf 78' lang='grc' dir='ltr'><strong>τὸν</strong></span> <span class='ocrx_word' id='word_1_147' title='bbox 3823 851 4036 921; x_wconf 86' lang='grc' dir='ltr'>ἀνθρὼ-</span> 
     </span>
    </p>
   </div>
   <div class='ocr_carea' id='block_1_24' title="bbox 2472 934 4037 1006">
    <p class='ocr_par' dir='ltr' id='par_1_24' title="bbox 2472 934 4037 1006">
     <span class='ocr_line' id='line_1_24' title="bbox 2472 934 4037 1006; baseline 0.006 -20"><span class='ocrx_word' id='word_1_148' title='bbox 2472 952 2628 987; x_wconf 76' lang='grc' dir='ltr'>πινον</span> <span class='ocrx_word' id='word_1_149' title='bbox 2660 934 2768 987; x_wconf 90' lang='grc' dir='ltr'><strong>τῶν</strong></span> <span class='ocrx_word' id='word_1_150' title='bbox 2805 934 2963 987; x_wconf 90' lang='grc' dir='ltr'>θείων</span> <span class='ocrx_word' id='word_1_151' title='bbox 2999 935 3318 1005; x_wconf 82' lang='grc' dir='ltr'><strong>οἰκονομιῶν</strong></span> <span class='ocrx_word' id='word_1_152' title='bbox 3359 939 3387 989; x_wconf 87' lang='grc' dir='ltr'><strong>ό</strong></span> <span class='ocrx_word' id='word_1_153' title='bbox 3414 937 3589 1006; x_wconf 84' lang='grc' dir='ltr'>λόγος,</span> <span class='ocrx_word' id='word_1_154' title='bbox 3620 940 3740 993; x_wconf 81' lang='grc' dir='ltr'>οὐδὲ</span> <span class='ocrx_word' id='word_1_155' title='bbox 3784 945 3905 1004; x_wconf 87' lang='grc' dir='ltr'>ταῖς</span> <span class='ocrx_word' id='word_1_156' title='bbox 3945 944 4037 997; x_wconf 84' lang='grc' dir='ltr'><strong>ἀο-</strong></span> 
     </span>
    </p>
   </div>
   <div class='ocr_carea' id='block_1_25' title="bbox 2476 1025 4039 1103">
    <p class='ocr_par' dir='ltr' id='par_1_25' title="bbox 2476 1025 4039 1103">
     <span class='ocr_line' id='line_1_25' title="bbox 2476 1025 4039 1103; baseline 0.005 -24"><span class='ocrx_word' id='word_1_157' title='bbox 2476 1026 2658 1095; x_wconf 83' lang='grc' dir='ltr'>ράτοις</span> <span class='ocrx_word' id='word_1_158' title='bbox 2685 1026 2974 1097; x_wconf 83' lang='grc' dir='ltr'>δυνάμεσιν</span> <span class='ocrx_word' id='word_1_159' title='bbox 3014 1025 3210 1096; x_wconf 78' lang='grc' dir='ltr'><strong>ἐφικτὴ</strong></span> <span class='ocrx_word' id='word_1_160' title='bbox 3245 1028 3337 1080; x_wconf 86' lang='grc' dir='ltr'><strong>τοῦ</strong></span> <span class='ocrx_word' id='word_1_161' title='bbox 3368 1028 3502 1082; x_wconf 83' lang='grc' dir='ltr'>Θεοῦ</span> <span class='ocrx_word' id='word_1_162' title='bbox 3532 1028 3637 1082; x_wconf 85' lang='grc' dir='ltr'><strong>τῶν</strong></span> <span class='ocrx_word' id='word_1_163' title='bbox 3664 1031 3801 1086; x_wconf 78' lang='grc' dir='ltr'>ὅλων</span> <span class='ocrx_word' id='word_1_164' title='bbox 3839 1035 3872 1102; x_wconf 84' lang='grc' dir='ltr'>ή</span> <span class='ocrx_word' id='word_1_165' title='bbox 3905 1049 4039 1103; x_wconf 88' lang='grc' dir='ltr'>προ-</span> 
     </span>
    </p>
   </div>
   <div class='ocr_carea' id='block_1_26' title="bbox 2474 1105 2725 1187">
    <p class='ocr_par' dir='ltr' id='par_1_26' title="bbox 2474 1105 2725 1187">
     <span class='ocr_line' id='line_1_26' title="bbox 2474 1105 2725 1187; baseline 0.004 -19"><span class='ocrx_word' id='word_1_166' title='bbox 2474 1105 2725 1187; x_wconf 54' lang='lat' dir='ltr'><strong>piﬁcith</strong></span> 
     </span>
    </p>
   </div>
   <div class='ocr_carea' id='block_1_27' title="bbox 2535 1206 4036 1281">
    <p class='ocr_par' dir='ltr' id='par_1_27' title="bbox 2535 1206 4036 1281">
     <span class='ocr_line' id='line_1_27' title="bbox 2535 1206 4036 1281; baseline 0.003 -22"><span class='ocrx_word' id='word_1_167' title='bbox 2535 1208 2627 1271; x_wconf 84' lang='grc' dir='ltr'>λδ’,</span> <span class='ocrx_word' id='word_1_168' title='bbox 2662 1207 2755 1259; x_wconf 83' lang='grc' dir='ltr'>λε’.</span> <span class='ocrx_word' id='word_1_169' title='bbox 2800 1206 2899 1272; x_wconf 79' lang='grc' dir='ltr'>Τίς</span> <span class='ocrx_word' id='word_1_170' title='bbox 2927 1207 3037 1276; x_wconf 76' lang='grc' dir='ltr'>γὰρ</span> <span class='ocrx_word' id='word_1_171' title='bbox 3064 1207 3216 1277; x_wconf 73' lang='grc' dir='ltr'>ἔγνω</span> <span class='ocrx_word' id='word_1_172' title='bbox 3243 1207 3394 1261; x_wconf 79' lang='grc' dir='ltr'>νοῦν</span> <span class='ocrx_word' id='word_1_173' title='bbox 3419 1209 3637 1277; x_wconf 80' lang='grc' dir='ltr'>Κυρίου</span> <span class='ocrx_word' id='word_1_174' title='bbox 3654 1226 3675 1273; x_wconf 89' lang='grc'><em>;</em></span> <span class='ocrx_word' id='word_1_175' title='bbox 3715 1211 3752 1278; x_wconf 83' lang='grc' dir='ltr'><em>ἢ</em></span> <span class='ocrx_word' id='word_1_176' title='bbox 3781 1212 3871 1277; x_wconf 82' lang='grc' dir='ltr'><strong>τίς</strong></span> <span class='ocrx_word' id='word_1_177' title='bbox 3892 1214 4036 1281; x_wconf 77' lang='grc' dir='ltr'>σύμ-</span> 
     </span>
    </p>
   </div>
   <div class='ocr_carea' id='block_1_28' title="bbox 2473 1297 4037 1367">
    <p class='ocr_par' dir='ltr' id='par_1_28' title="bbox 2473 1297 4037 1367">
     <span class='ocr_line' id='line_1_28' title="bbox 2473 1297 4037 1367; baseline 0.003 -16"><span class='ocrx_word' id='word_1_178' title='bbox 2473 1301 2688 1364; x_wconf 77' lang='grc' dir='ltr'>ϐουλος</span> <span class='ocrx_word' id='word_1_179' title='bbox 2713 1299 2897 1351; x_wconf 87' lang='grc' dir='ltr'><strong>αὺτοῦ</strong></span> <span class='ocrx_word' id='word_1_180' title='bbox 2920 1297 3186 1364; x_wconf 76' lang='grc' dir='ltr'>ἐγένετο;</span> <span class='ocrx_word' id='word_1_181' title='bbox 3211 1298 3248 1365; x_wconf 78' lang='grc' dir='ltr'>ἢ</span> <span class='ocrx_word' id='word_1_182' title='bbox 3276 1300 3331 1351; x_wconf 78' lang='grc' dir='ltr'><strong>τί</strong></span> <span class='ocrx_word' id='word_1_183' title='bbox 3335 1317 3365 1362; x_wconf 88' lang='grc' dir='ltr'><strong>ς</strong></span> <span class='ocrx_word' id='word_1_184' title='bbox 3384 1299 3715 1366; x_wconf 71' lang='grc' dir='ltr'><strong>προέδωκεν</strong></span> <span class='ocrx_word' id='word_1_185' title='bbox 3737 1304 3916 1367; x_wconf 82' lang='grc' dir='ltr'>αὐτῷ,</span> <span class='ocrx_word' id='word_1_186' title='bbox 3937 1305 4037 1356; x_wconf 76' lang='grc' dir='ltr'>καὶ</span> 
     </span>
    </p>
   </div>
   <div class='ocr_carea' id='block_1_29' title="bbox 2471 1388 4037 1466">
    <p class='ocr_par' dir='ltr' id='par_1_29' title="bbox 2471 1388 4037 1466">
     <span class='ocr_line' id='line_1_29' title="bbox 2471 1388 4037 1466; baseline 0.003 -25"><span class='ocrx_word' id='word_1_187' title='bbox 2471 1388 3019 1453; x_wconf 63' lang='grc' dir='ltr'><strong>ἀνταποδοθήσεται</strong></span> <span class='ocrx_word' id='word_1_188' title='bbox 3047 1389 3243 1452; x_wconf 84' lang='grc' dir='ltr'><strong>αὐτῷ;</strong></span> <span class='ocrx_word' id='word_1_189' title='bbox 3290 1389 3370 1442; x_wconf 82' lang='grc' dir='ltr'>Τὰ</span> <span class='ocrx_word' id='word_1_190' title='bbox 3412 1390 3537 1458; x_wconf 87' lang='grc' dir='ltr'>τρία</span> <span class='ocrx_word' id='word_1_191' title='bbox 3575 1391 3744 1466; x_wconf 77' lang='grc' dir='ltr'>ταῦτα</span> <span class='ocrx_word' id='word_1_192' title='bbox 3789 1393 3924 1462; x_wconf 84' lang='grc' dir='ltr'>πρὸς</span> <span class='ocrx_word' id='word_1_193' title='bbox 3966 1394 4037 1446; x_wconf 74' lang='grc' dir='ltr'><strong>τὰ</strong></span> 
     </span>
    </p>
   </div>
   <div class='ocr_carea' id='block_1_30' title="bbox 2469 1476 4035 1552">
    <p class='ocr_par' dir='ltr' id='par_1_30' title="bbox 2469 1476 4035 1552">
     <span class='ocr_line' id='line_1_30' title="bbox 2469 1476 4035 1552; baseline 0.006 -25"><span class='ocrx_word' id='word_1_194' title='bbox 2469 1476 2595 1547; x_wconf 81' lang='grc' dir='ltr'>τρία</span> <span class='ocrx_word' id='word_1_195' title='bbox 2636 1477 2864 1539; x_wconf 82' lang='grc' dir='ltr'><strong>τέθεικε,</strong></span> <span class='ocrx_word' id='word_1_196' title='bbox 2905 1477 2995 1528; x_wconf 81' lang='grc' dir='ltr'>τὸν</span> <span class='ocrx_word' id='word_1_197' title='bbox 3026 1476 3273 1541; x_wconf 77' lang='grc' dir='ltr'>πλοῦτον,</span> <span class='ocrx_word' id='word_1_198' title='bbox 3307 1479 3399 1529; x_wconf 80' lang='grc' dir='ltr'>καὶ</span> <span class='ocrx_word' id='word_1_199' title='bbox 3428 1480 3526 1549; x_wconf 76' lang='grc' dir='ltr'>τὴν</span> <span class='ocrx_word' id='word_1_200' title='bbox 3560 1481 3769 1547; x_wconf 71' lang='grc' dir='ltr'>σοφίαν,</span> <span class='ocrx_word' id='word_1_201' title='bbox 3813 1484 3905 1535; x_wconf 77' lang='grc' dir='ltr'>καὶ</span> <span class='ocrx_word' id='word_1_202' title='bbox 3936 1483 4035 1552; x_wconf 70' lang='grc' dir='ltr'>τὴν</span> 
     </span>
    </p>
   </div>
   <div class='ocr_carea' id='block_1_31' title="bbox 2469 1551 4035 1645">
    <p class='ocr_par' dir='ltr' id='par_1_31' title="bbox 2469 1551 4035 1645">
     <span class='ocr_line' id='line_1_31' title="bbox 2469 1551 4035 1645; baseline 0.006 -29"><span class='ocrx_word' id='word_1_203' title='bbox 2469 1566 2667 1633; x_wconf 87' lang='grc' dir='ltr'>γνῶσιν</span> <span class='ocrx_word' id='word_1_204' title='bbox 2694 1582 2707 1594; x_wconf 80' lang='grc'><em>’</em></span> <span class='ocrx_word' id='word_1_205' title='bbox 2756 1565 2816 1617; x_wconf 84' lang='grc' dir='ltr'>τὸ</span> <span class='ocrx_word' id='word_1_206' title='bbox 2856 1568 2972 1634; x_wconf 76' lang='grc' dir='ltr'>μὲν,</span> <span class='ocrx_word' id='word_1_207' title='bbox 3005 1565 3103 1631; x_wconf 83' lang='grc' dir='ltr'>Τίς</span> <span class='ocrx_word' id='word_1_208' title='bbox 3129 1567 3279 1635; x_wconf 69' lang='grc' dir='ltr'>ἔγνω</span> <span class='ocrx_word' id='word_1_209' title='bbox 3309 1569 3461 1622; x_wconf 78' lang='grc' dir='ltr'>νοῦν</span> <span class='ocrx_word' id='word_1_210' title='bbox 3487 1551 3728 1637; x_wconf 67' lang='grc' dir='ltr'>Κιιρίου,</span> <span class='ocrx_word' id='word_1_211' title='bbox 3770 1573 3904 1641; x_wconf 79' lang='grc' dir='ltr'>πρὸς</span> <span class='ocrx_word' id='word_1_212' title='bbox 3934 1551 4035 1645; x_wconf 64' lang='grc' dir='ltr'>τὴν</span> 
     </span>
    </p>
   </div>
   <div class='ocr_carea' id='block_1_32' title="bbox 2468 1656 4060 1732">
    <p class='ocr_par' dir='ltr' id='par_1_32' title="bbox 2468 1656 4060 1732">
     <span class='ocr_line' id='line_1_32' title="bbox 2468 1656 4060 1732; baseline 0.006 -24"><span class='ocrx_word' id='word_1_213' title='bbox 2468 1656 2666 1724; x_wconf 77' lang='grc' dir='ltr'>γνῶσιν</span> <span class='ocrx_word' id='word_1_214' title='bbox 2697 1674 2708 1686; x_wconf 76' lang='grc' dir='ltr'><strong>ο</strong></span> <span class='ocrx_word' id='word_1_215' title='bbox 2771 1657 2831 1708; x_wconf 83' lang='grc' dir='ltr'>τὸ</span> <span class='ocrx_word' id='word_1_216' title='bbox 2876 1658 2953 1719; x_wconf 85' lang='grc' dir='ltr'>δὲ,</span> <span class='ocrx_word' id='word_1_217' title='bbox 3011 1658 3105 1722; x_wconf 84' lang='grc' dir='ltr'>Τίς</span> <span class='ocrx_word' id='word_1_218' title='bbox 3152 1660 3494 1726; x_wconf 78' lang='grc' dir='ltr'>σύμϐουλος</span> <span class='ocrx_word' id='word_1_219' title='bbox 3543 1661 3729 1715; x_wconf 79' lang='grc' dir='ltr'>αὑτοῦ</span> <span class='ocrx_word' id='word_1_220' title='bbox 3775 1658 4060 1732; x_wconf 62' lang='grc' dir='ltr'><strong>ἐγένετο,Δ</strong></span> 
     </span>
    </p>
   </div>
   <div class='ocr_carea' id='block_1_33' title="bbox 2470 1746 4034 1819">
    <p class='ocr_par' dir='ltr' id='par_1_33' title="bbox 2470 1746 4034 1819">
     <span class='ocr_line' id='line_1_33' title="bbox 2470 1746 4034 1819; baseline 0.005 -19"><span class='ocrx_word' id='word_1_221' title='bbox 2470 1750 2605 1819; x_wconf 78' lang='grc' dir='ltr'>πρὸς</span> <span class='ocrx_word' id='word_1_222' title='bbox 2628 1748 2727 1818; x_wconf 86' lang='grc' dir='ltr'><strong>τὴν</strong></span> <span class='ocrx_word' id='word_1_223' title='bbox 2759 1748 2988 1819; x_wconf 60' lang='grc' dir='ltr'>σοφίανς</span> <span class='ocrx_word' id='word_1_224' title='bbox 3039 1747 3099 1799; x_wconf 86' lang='grc' dir='ltr'>τὸ</span> <span class='ocrx_word' id='word_1_225' title='bbox 3122 1748 3199 1813; x_wconf 85' lang='grc' dir='ltr'>δὲ,</span> <span class='ocrx_word' id='word_1_226' title='bbox 3232 1746 3329 1813; x_wconf 84' lang='grc' dir='ltr'>Τίς</span> <span class='ocrx_word' id='word_1_227' title='bbox 3360 1748 3693 1815; x_wconf 81' lang='grc' dir='ltr'><strong>προέδωκεν</strong></span> <span class='ocrx_word' id='word_1_228' title='bbox 3717 1753 3895 1819; x_wconf 84' lang='grc' dir='ltr'>αὐτῷ,</span> <span class='ocrx_word' id='word_1_229' title='bbox 3934 1756 4034 1808; x_wconf 75' lang='grc' dir='ltr'>καὶ</span> 
     </span>
    </p>
   </div>
   <div class='ocr_carea' id='block_1_34' title="bbox 801 1832 2414 1910">
    <p class='ocr_par' dir='ltr' id='par_1_34' title="bbox 801 1832 2414 1906">
     <span class='ocr_line' id='line_1_34' title="bbox 801 1832 2414 1906; baseline 0.001 -20"><span class='ocrx_word' id='word_1_230' title='bbox 801 1850 1003 1889; x_wconf 74' lang='lat' dir='ltr'><strong>mensa:</strong></span> <span class='ocrx_word' id='word_1_231' title='bbox 1052 1843 1178 1888; x_wconf 88' lang='lat' dir='ltr'><strong>sunt</strong></span> <span class='ocrx_word' id='word_1_232' title='bbox 1230 1832 1350 1902; x_wconf 81' lang='lat' dir='ltr'><strong>ejus</strong></span> <span class='ocrx_word' id='word_1_233' title='bbox 1386 1833 1647 1889; x_wconf 86' lang='lat' dir='ltr'><strong>bonitatis</strong></span> <span class='ocrx_word' id='word_1_234' title='bbox 1679 1834 1898 1895; x_wconf 58' lang='lat' dir='ltr'><strong>divitias.</strong></span> <span class='ocrx_word' id='word_1_235' title='bbox 1937 1843 1995 1888; x_wconf 92' lang='lat' dir='ltr'><strong>ut</strong></span> <span class='ocrx_word' id='word_1_236' title='bbox 2034 1845 2086 1889; x_wconf 91' lang='lat' dir='ltr'><strong>et</strong></span> <span class='ocrx_word' id='word_1_237' title='bbox 2142 1837 2211 1891; x_wconf 90' lang='lat' dir='ltr'><strong>iis</strong></span> <span class='ocrx_word' id='word_1_238' title='bbox 2236 1852 2366 1906; x_wconf 61' lang='lat' dir='ltr'><strong>quae</strong></span> <span class='ocrx_word' id='word_1_239' title='bbox 2398 1834 2414 1887; x_wconf 94' lang='lat' dir='ltr'><strong>I</strong></span> 
     </span>
    </p>
   </div>
   <div class='ocr_carea' id='block_1_35' title="bbox 2449 1832 4037 1910">
    <p class='ocr_par' dir='ltr' id='par_1_35' title="bbox 2467 1839 4037 1910">
     <span class='ocr_line' id='line_1_35' title="bbox 2467 1839 4037 1910; baseline 0.003 -17"><span class='ocrx_word' id='word_1_240' title='bbox 2467 1839 3014 1906; x_wconf 81' lang='grc' dir='ltr'>ἀνταποδοθήσεται</span> <span class='ocrx_word' id='word_1_241' title='bbox 3033 1840 3191 1905; x_wconf 83' lang='grc' dir='ltr'>αὐτῷ</span> <span class='ocrx_word' id='word_1_242' title='bbox 3208 1842 3282 1903; x_wconf 76' lang='grc'><strong>⁸⁸,</strong></span> <span class='ocrx_word' id='word_1_243' title='bbox 3315 1841 3449 1910; x_wconf 82' lang='grc' dir='ltr'>πρὸς</span> <span class='ocrx_word' id='word_1_244' title='bbox 3478 1842 3566 1894; x_wconf 76' lang='grc' dir='ltr'><strong>τὸν</strong></span> <span class='ocrx_word' id='word_1_245' title='bbox 3601 1843 3844 1896; x_wconf 85' lang='grc' dir='ltr'>πλοῦτον.</span> <span class='ocrx_word' id='word_1_246' title='bbox 3879 1844 4037 1898; x_wconf 75' lang='grc' dir='ltr'>Οὕτω</span> 
     </span>
    </p>
   </div>
   <div class='ocr_carea' id='block_1_36' title="bbox 800 1924 2366 1993">
    <p class='ocr_par' dir='ltr' id='par_1_36' title="bbox 800 1924 2366 1993">
     <span class='ocr_line' id='line_1_36' title="bbox 800 1924 2366 1993; baseline 0.003 -15"><span class='ocrx_word' id='word_1_247' title='bbox 800 1940 909 1978; x_wconf 86' lang='lat' dir='ltr'><strong>non</strong></span> <span class='ocrx_word' id='word_1_248' title='bbox 936 1932 1067 1979; x_wconf 73' lang='lat' dir='ltr'><strong>sunt</strong></span> <span class='ocrx_word' id='word_1_249' title='bbox 1091 1939 1214 1981; x_wconf 87' lang='lat' dir='ltr'><strong>esse</strong></span> <span class='ocrx_word' id='word_1_250' title='bbox 1240 1924 1471 1987; x_wconf 85' lang='lat' dir='ltr'><strong>dederit,</strong></span> <span class='ocrx_word' id='word_1_251' title='bbox 1497 1933 1551 1978; x_wconf 89' lang='lat' dir='ltr'><strong>et</strong></span> <span class='ocrx_word' id='word_1_252' title='bbox 1576 1924 1644 1978; x_wconf 91' lang='lat' dir='ltr'><strong>iis</strong></span> <span class='ocrx_word' id='word_1_253' title='bbox 1678 1940 1798 1993; x_wconf 73' lang='lat' dir='ltr'><strong>qua:</strong></span> <span class='ocrx_word' id='word_1_254' title='bbox 1830 1924 1970 1980; x_wconf 80' lang='lat' dir='ltr'><strong>facta</strong></span> <span class='ocrx_word' id='word_1_255' title='bbox 2003 1936 2205 1982; x_wconf 87' lang='lat' dir='ltr'><strong>suntut</strong></span> <span class='ocrx_word' id='word_1_256' title='bbox 2229 1929 2366 1984; x_wconf 89' lang='lat' dir='ltr'><strong>bene</strong></span> 
     </span>
    </p>
   </div>
   <div class='ocr_carea' id='block_1_37' title="bbox 801 2015 2361 2087">
    <p class='ocr_par' dir='ltr' id='par_1_37' title="bbox 801 2015 2361 2087">
     <span class='ocr_line' id='line_1_37' title="bbox 801 2015 2361 2087; baseline 0.002 -16"><span class='ocrx_word' id='word_1_257' title='bbox 801 2016 912 2071; x_wconf 80' lang='lat' dir='ltr'><strong>sint</strong></span> <span class='ocrx_word' id='word_1_258' title='bbox 959 2017 1227 2087; x_wconf 81' lang='lat' dir='ltr'><strong>largiatur</strong></span> <span class='ocrx_word' id='word_1_259' title='bbox 1287 2035 1299 2070; x_wconf 90' lang='lat'><strong>:</strong></span> <span class='ocrx_word' id='word_1_260' title='bbox 1344 2023 1398 2071; x_wconf 90' lang='lat' dir='ltr'><strong>et</strong></span> <span class='ocrx_word' id='word_1_261' title='bbox 1444 2030 1553 2069; x_wconf 90' lang='lat' dir='ltr'><strong>non</strong></span> <span class='ocrx_word' id='word_1_262' title='bbox 1623 2015 1841 2081; x_wconf 84' lang='lat' dir='ltr'><strong>reddat,</strong></span> <span class='ocrx_word' id='word_1_263' title='bbox 1905 2017 2001 2073; x_wconf 86' lang='lat' dir='ltr'><strong>sed</strong></span> <span class='ocrx_word' id='word_1_264' title='bbox 2056 2017 2144 2072; x_wconf 86' lang='lat' dir='ltr'><strong>det</strong></span> <span class='ocrx_word' id='word_1_265' title='bbox 2181 2019 2361 2074; x_wconf 78' lang='lat' dir='ltr'><strong>bona.</strong></span> 
     </span>
    </p>
   </div>
   <div class='ocr_carea' id='block_1_38' title="bbox 802 2108 2362 2178">
    <p class='ocr_par' dir='ltr' id='par_1_38' title="bbox 802 2108 2362 2178">
     <span class='ocr_line' id='line_1_38' title="bbox 802 2108 2362 2178; baseline 0.003 -18"><span class='ocrx_word' id='word_1_266' title='bbox 802 2108 905 2163; x_wconf 82' lang='lat' dir='ltr'><strong>Sed</strong></span> <span class='ocrx_word' id='word_1_267' title='bbox 940 2125 1063 2163; x_wconf 89' lang='lat' dir='ltr'><strong>cum</strong></span> <span class='ocrx_word' id='word_1_268' title='bbox 1128 2108 1198 2163; x_wconf 90' lang='lat' dir='ltr'><strong>sit</strong></span> <span class='ocrx_word' id='word_1_269' title='bbox 1253 2108 1540 2177; x_wconf 81' lang='lat' dir='ltr'><strong>benignus,</strong></span> <span class='ocrx_word' id='word_1_270' title='bbox 1572 2109 1914 2178; x_wconf 70' lang='lat' dir='ltr'><strong>largitionem</strong></span> <span class='ocrx_word' id='word_1_271' title='bbox 1952 2111 2362 2166; x_wconf 80' lang='lat' dir='ltr'><strong>retributionem</strong></span> 
     </span>
    </p>
   </div>
   <div class='ocr_carea' id='block_1_39' title="bbox 799 2200 1054 2270">
    <p class='ocr_par' dir='ltr' id='par_1_39' title="bbox 799 2200 1054 2270">
     <span class='ocr_line' id='line_1_39' title="bbox 799 2200 1054 2270; baseline 0.008 -18"><span class='ocrx_word' id='word_1_272' title='bbox 799 2200 1054 2270; x_wconf 65' lang='lat' dir='ltr'><strong>appellat.</strong></span> 
     </span>
    </p>
   </div>
   <div class='ocr_carea' id='block_1_40' title="bbox 870 2371 2363 2446">
    <p class='ocr_par' dir='ltr' id='par_1_40' title="bbox 870 2371 2363 2446">
     <span class='ocr_line' id='line_1_40' title="bbox 870 2371 2363 2446; baseline 0.007 -23"><span class='ocrx_word' id='word_1_273' title='bbox 870 2371 1035 2427; x_wconf 71' lang='lat' dir='ltr'><strong>Vens.</strong></span> <span class='ocrx_word' id='word_1_274' title='bbox 1074 2374 1164 2429; x_wconf 80' lang='grc'><strong>56.</strong></span> <span class='ocrx_word' id='word_1_275' title='bbox 1191 2375 1451 2441; x_wconf 85' lang='lat' dir='ltr'><strong>Quoniam</strong></span> <span class='ocrx_word' id='word_1_276' title='bbox 1503 2392 1567 2429; x_wconf 77' lang='lat' dir='ltr'><strong>ex</strong></span> <span class='ocrx_word' id='word_1_277' title='bbox 1600 2380 1733 2444; x_wconf 84' lang='lat' dir='ltr'><strong>ipso,</strong></span> <span class='ocrx_word' id='word_1_278' title='bbox 1783 2388 1832 2431; x_wconf 89' lang='lat' dir='ltr'><strong>et</strong></span> <span class='ocrx_word' id='word_1_279' title='bbox 1880 2390 1971 2446; x_wconf 81' lang='lat' dir='ltr'><strong>per</strong></span> <span class='ocrx_word' id='word_1_280' title='bbox 2004 2380 2193 2446; x_wconf 84' lang='lat' dir='ltr'><strong>ipsum,</strong></span> <span class='ocrx_word' id='word_1_281' title='bbox 2222 2389 2269 2432; x_wconf 85' lang='lat' dir='ltr'><strong>et</strong></span> <span class='ocrx_word' id='word_1_282' title='bbox 2310 2380 2363 2433; x_wconf 86' lang='lat' dir='ltr'><strong>in</strong></span> 
     </span>
    </p>
   </div>
   <div class='ocr_carea' id='block_1_41' title="bbox 797 2466 2364 2545">
    <p class='ocr_par' dir='ltr' id='par_1_41' title="bbox 797 2466 2364 2545">
     <span class='ocr_line' id='line_1_41' title="bbox 797 2466 2364 2545; baseline 0.006 -29"><span class='ocrx_word' id='word_1_283' title='bbox 797 2469 911 2534; x_wconf 85' lang='lat' dir='ltr'><strong>ipso</strong></span> <span class='ocrx_word' id='word_1_284' title='bbox 952 2476 1077 2521; x_wconf 82' lang='lat' dir='ltr'><strong>sunt</strong></span> <span class='ocrx_word' id='word_1_285' title='bbox 1106 2468 1302 2521; x_wconf 79' lang='lat' dir='ltr'><strong>omnia.</strong></span> <span class='ocrx_word' id='word_1_286' title='bbox 1341 2466 1454 2532; x_wconf 85' lang='lat' dir='ltr'><strong>Ipsi</strong></span> <span class='ocrx_word' id='word_1_287' title='bbox 1484 2468 1653 2537; x_wconf 89' lang='lat' dir='ltr'><strong>gloria</strong></span> <span class='ocrx_word' id='word_1_288' title='bbox 1685 2470 1738 2522; x_wconf 85' lang='lat' dir='ltr'><strong>in</strong></span> <span class='ocrx_word' id='word_1_289' title='bbox 1768 2470 1987 2523; x_wconf 69' lang='lat' dir='ltr'><strong>sarcula.</strong></span> <span class='ocrx_word' id='word_1_290' title='bbox 2017 2471 2201 2545; x_wconf 83' lang='lat' dir='ltr'><strong>Amen.</strong></span> <span class='ocrx_word' id='word_1_291' title='bbox 2243 2469 2364 2540; x_wconf 83' lang='lat' dir='ltr'><strong>Ipse</strong></span> 
     </span>
    </p>
   </div>
   <div class='ocr_carea' id='block_1_42' title="bbox 796 2559 2362 2631">
    <p class='ocr_par' dir='ltr' id='par_1_42' title="bbox 796 2559 2362 2631">
     <span class='ocr_line' id='line_1_42' title="bbox 796 2559 2362 2631; baseline 0 -17"><span class='ocrx_word' id='word_1_292' title='bbox 796 2560 943 2614; x_wconf 79' lang='lat' dir='ltr'><strong>enim</strong></span> <span class='ocrx_word' id='word_1_293' title='bbox 974 2559 1156 2614; x_wconf 89' lang='lat' dir='ltr'><strong>omnia</strong></span> <span class='ocrx_word' id='word_1_294' title='bbox 1191 2559 1340 2624; x_wconf 80' lang='lat' dir='ltr'><strong>fecit,</strong></span> <span class='ocrx_word' id='word_1_295' title='bbox 1366 2561 1483 2630; x_wconf 89' lang='lat' dir='ltr'><strong>ipse</strong></span> <span class='ocrx_word' id='word_1_296' title='bbox 1515 2562 1700 2614; x_wconf 86' lang='lat' dir='ltr'><strong>omnia</strong></span> <span class='ocrx_word' id='word_1_297' title='bbox 1740 2577 1861 2631; x_wconf 68' lang='lat' dir='ltr'><strong>quse</strong></span> <span class='ocrx_word' id='word_1_298' title='bbox 1894 2560 2040 2615; x_wconf 81' lang='lat' dir='ltr'><strong>facta</strong></span> <span class='ocrx_word' id='word_1_299' title='bbox 2076 2570 2202 2616; x_wconf 91' lang='lat' dir='ltr'><strong>sunt</strong></span> <span class='ocrx_word' id='word_1_300' title='bbox 2237 2576 2362 2631; x_wconf 88' lang='lat' dir='ltr'><strong>per-</strong></span> 
     </span>
    </p>
   </div>
   <div class='ocr_carea' id='block_1_43' title="bbox 800 2649 2363 2723">
    <p class='ocr_par' dir='ltr' id='par_1_43' title="bbox 800 2649 2363 2723">
     <span class='ocr_line' id='line_1_43' title="bbox 800 2649 2363 2723; baseline 0.004 -22"><span class='ocrx_word' id='word_1_301' title='bbox 800 2660 960 2718; x_wconf 67' lang='lat' dir='ltr'><strong>petuo</strong></span> <span class='ocrx_word' id='word_1_302' title='bbox 993 2651 1154 2722; x_wconf 55' lang='lat' dir='ltr'><strong>regis.</strong></span> <span class='ocrx_word' id='word_1_303' title='bbox 1184 2649 1384 2706; x_wconf 81' lang='lat' dir='ltr'><strong>Omnes</strong></span> <span class='ocrx_word' id='word_1_304' title='bbox 1414 2651 1481 2705; x_wconf 90' lang='lat' dir='ltr'><strong>ad</strong></span> <span class='ocrx_word' id='word_1_305' title='bbox 1503 2652 1679 2722; x_wconf 89' lang='lat' dir='ltr'><strong>ipsum</strong></span> <span class='ocrx_word' id='word_1_306' title='bbox 1705 2654 1978 2723; x_wconf 86' lang='lat' dir='ltr'><strong>respicere</strong></span> <span class='ocrx_word' id='word_1_307' title='bbox 2001 2660 2235 2722; x_wconf 86' lang='lat' dir='ltr'><strong>oportet,</strong></span> <span class='ocrx_word' id='word_1_308' title='bbox 2265 2667 2363 2721; x_wconf 91' lang='lat' dir='ltr'><strong>pro</strong></span> 
     </span>
    </p>
   </div>
   <div class='ocr_carea' id='block_1_44' title="bbox 797 2741 2360 2812">
    <p class='ocr_par' dir='ltr' id='par_1_44' title="bbox 797 2741 2360 2812">
     <span class='ocr_line' id='line_1_44' title="bbox 797 2741 2360 2812; baseline 0.003 -21"><span class='ocrx_word' id='word_1_309' title='bbox 797 2742 864 2799; x_wconf 70' lang='lat' dir='ltr'><strong>iis</strong></span> <span class='ocrx_word' id='word_1_310' title='bbox 914 2753 1041 2807; x_wconf 63' lang='lat' dir='ltr'><strong>quae</strong></span> <span class='ocrx_word' id='word_1_311' title='bbox 1085 2748 1381 2809; x_wconf 87' lang='lat' dir='ltr'><strong>suppetunt</strong></span> <span class='ocrx_word' id='word_1_312' title='bbox 1436 2741 1645 2810; x_wconf 75' lang='lat' dir='ltr'><strong>gratias</strong></span> <span class='ocrx_word' id='word_1_313' title='bbox 1692 2752 1934 2812; x_wconf 79' lang='lat' dir='ltr'><strong>agentes,</strong></span> <span class='ocrx_word' id='word_1_314' title='bbox 1985 2743 2103 2811; x_wconf 83' lang='lat' dir='ltr'><strong>ejus</strong></span> <span class='ocrx_word' id='word_1_315' title='bbox 2152 2758 2279 2798; x_wconf 84' lang='lat' dir='ltr'><strong>vero</strong></span> <span class='ocrx_word' id='word_1_316' title='bbox 2308 2743 2360 2797; x_wconf 89' lang='lat' dir='ltr'><strong>in</strong></span> 
     </span>
    </p>
   </div>
   <div class='ocr_carea' id='block_1_45' title="bbox 797 2829 2364 2905">
    <p class='ocr_par' dir='ltr' id='par_1_45' title="bbox 797 2829 2364 2905">
     <span class='ocr_line' id='line_1_45' title="bbox 797 2829 2364 2905; baseline 0.004 -23"><span class='ocrx_word' id='word_1_317' title='bbox 797 2839 1073 2898; x_wconf 84' lang='lat' dir='ltr'><strong>posterum</strong></span> <span class='ocrx_word' id='word_1_318' title='bbox 1112 2829 1510 2897; x_wconf 78' lang='lat' dir='ltr'><strong>providentiam</strong></span> <span class='ocrx_word' id='word_1_319' title='bbox 1560 2833 1923 2902; x_wconf 82' lang='lat' dir='ltr'><strong>postulantes.</strong></span> <span class='ocrx_word' id='word_1_320' title='bbox 1978 2835 2086 2904; x_wconf 87' lang='lat' dir='ltr'><strong>Ipsi</strong></span> <span class='ocrx_word' id='word_1_321' title='bbox 2147 2849 2364 2905; x_wconf 88' lang='lat' dir='ltr'><strong>quoque</strong></span> 
     </span>
    </p>
   </div>
   <div class='ocr_carea' id='block_1_46' title="bbox 794 2922 2359 2980">
    <p class='ocr_par' dir='ltr' id='par_1_46' title="bbox 794 2922 2359 2980">
     <span class='ocr_line' id='line_1_46' title="bbox 794 2922 2359 2980; baseline 0.004 -8"><span class='ocrx_word' id='word_1_322' title='bbox 794 2923 953 2975; x_wconf 83' lang='lat' dir='ltr'><strong>decet</strong></span> <span class='ocrx_word' id='word_1_323' title='bbox 1008 2922 1423 2977; x_wconf 83' lang='lat' dir='ltr'><strong>convenientem</strong></span> <span class='ocrx_word' id='word_1_324' title='bbox 1468 2923 1709 2979; x_wconf 89' lang='lat' dir='ltr'><strong>tribuere</strong></span> <span class='ocrx_word' id='word_1_325' title='bbox 1760 2925 2048 2978; x_wconf 81' lang='lat' dir='ltr'><strong>honorem.</strong></span> <span class='ocrx_word' id='word_1_326' title='bbox 2088 2924 2192 2980; x_wconf 87' lang='lat' dir='ltr'><strong>Per</strong></span> <span class='ocrx_word' id='word_1_327' title='bbox 2246 2927 2359 2979; x_wconf 56' lang='lat' dir='ltr'><strong>haec</strong></span> 
     </span>
    </p>
   </div>
   <div class='ocr_carea' id='block_1_47' title="bbox 796 3014 2356 3087">
    <p class='ocr_par' dir='ltr' id='par_1_47' title="bbox 796 3014 2356 3087">
     <span class='ocr_line' id='line_1_47' title="bbox 796 3014 2356 3087; baseline 0.007 -22"><span class='ocrx_word' id='word_1_328' title='bbox 796 3022 976 3067; x_wconf 76' lang='lat' dir='ltr'><strong>autem</strong></span> <span class='ocrx_word' id='word_1_329' title='bbox 1009 3015 1246 3069; x_wconf 81' lang='lat' dir='ltr'><strong>ostendit</strong></span> <span class='ocrx_word' id='word_1_330' title='bbox 1275 3014 1491 3070; x_wconf 85' lang='lat' dir='ltr'><strong>divinus</strong></span> <span class='ocrx_word' id='word_1_331' title='bbox 1514 3018 1831 3086; x_wconf 79' lang='lat' dir='ltr'><strong>Apostolus,</strong></span> <span class='ocrx_word' id='word_1_332' title='bbox 1857 3033 1914 3071; x_wconf 89' lang='lat' dir='ltr'><strong>se</strong></span> <span class='ocrx_word' id='word_1_333' title='bbox 1956 3019 2356 3087; x_wconf 83' lang='lat' dir='ltr'><strong>praepositionis</strong></span> 
     </span>
    </p>
   </div>
   <div class='ocr_carea' id='block_1_48' title="bbox 795 3108 2358 3177">
    <p class='ocr_par' dir='ltr' id='par_1_48' title="bbox 795 3108 2358 3177">
     <span class='ocr_line' id='line_1_48' title="bbox 795 3108 2358 3177; baseline 0.007 -22"><span class='ocrx_word' id='word_1_334' title='bbox 795 3120 861 3155; x_wconf 74' lang='lat' dir='ltr'><strong>ea:</strong></span> <span class='ocrx_word' id='word_1_335' title='bbox 902 3122 1025 3175; x_wconf 75' lang='lat' dir='ltr'><strong>quo,</strong></span> <span class='ocrx_word' id='word_1_336' title='bbox 1066 3114 1119 3159; x_wconf 88' lang='lat' dir='ltr'><strong>et</strong></span> <span class='ocrx_word' id='word_1_337' title='bbox 1163 3122 1253 3174; x_wconf 85' lang='lat' dir='ltr'><strong>per</strong></span> <span class='ocrx_word' id='word_1_338' title='bbox 1296 3124 1443 3175; x_wconf 76' lang='lat' dir='ltr'><strong>quem</strong></span> <span class='ocrx_word' id='word_1_339' title='bbox 1497 3108 1854 3161; x_wconf 70' lang='lat' dir='ltr'><strong>diderentiam</strong></span> <span class='ocrx_word' id='word_1_340' title='bbox 1909 3124 2016 3162; x_wconf 91' lang='lat' dir='ltr'><strong>non</strong></span> <span class='ocrx_word' id='word_1_341' title='bbox 2061 3126 2245 3177; x_wconf 85' lang='lat' dir='ltr'><strong>nosse,</strong></span> <span class='ocrx_word' id='word_1_342' title='bbox 2295 3129 2358 3166; x_wconf 85' lang='lat' dir='ltr'><strong>ac</strong></span> 
     </span>
    </p>
   </div>
   <div class='ocr_carea' id='block_1_49' title="bbox 796 3198 2358 3269">
    <p class='ocr_par' dir='ltr' id='par_1_49' title="bbox 796 3198 2358 3269">
     <span class='ocr_line' id='line_1_49' title="bbox 796 3198 2358 3269; baseline 0.004 -22"><span class='ocrx_word' id='word_1_343' title='bbox 796 3198 943 3250; x_wconf 85' lang='lat' dir='ltr'><strong>iilam</strong></span> <span class='ocrx_word' id='word_1_344' title='bbox 974 3198 1212 3265; x_wconf 72' lang='lat' dir='ltr'><strong>quidem,</strong></span> <span class='ocrx_word' id='word_1_345' title='bbox 1247 3207 1305 3250; x_wconf 92' lang='lat' dir='ltr'><strong>ut</strong></span> <span class='ocrx_word' id='word_1_346' title='bbox 1337 3215 1458 3268; x_wconf 74' lang='lat' dir='ltr'><strong>quze</strong></span> <span class='ocrx_word' id='word_1_347' title='bbox 1494 3200 1698 3269; x_wconf 85' lang='lat' dir='ltr'><strong>aliquid</strong></span> <span class='ocrx_word' id='word_1_348' title='bbox 1731 3201 1909 3268; x_wconf 83' lang='lat' dir='ltr'><strong>majus</strong></span> <span class='ocrx_word' id='word_1_349' title='bbox 1943 3201 2228 3269; x_wconf 79' lang='lat' dir='ltr'><strong>signiticet,</strong></span> <span class='ocrx_word' id='word_1_350' title='bbox 2253 3201 2358 3253; x_wconf 81' lang='lat' dir='ltr'><strong>Pa-</strong></span> 
     </span>
    </p>
   </div>
   <div class='ocr_carea' id='block_1_50' title="bbox 793 3291 2358 3363">
    <p class='ocr_par' dir='ltr' id='par_1_50' title="bbox 793 3291 2358 3363">
     <span class='ocr_line' id='line_1_50' title="bbox 793 3291 2358 3363; baseline 0.004 -21"><span class='ocrx_word' id='word_1_351' title='bbox 793 3291 863 3342; x_wconf 80' lang='lat' dir='ltr'><strong>tri</strong></span> <span class='ocrx_word' id='word_1_352' title='bbox 928 3291 1247 3363; x_wconf 82' lang='lat' dir='ltr'><strong>convenire;</strong></span> <span class='ocrx_word' id='word_1_353' title='bbox 1290 3292 1428 3344; x_wconf 82' lang='lat' dir='ltr'><strong>hanc</strong></span> <span class='ocrx_word' id='word_1_354' title='bbox 1486 3308 1631 3357; x_wconf 77' lang='lat' dir='ltr'><strong>vero,</strong></span> <span class='ocrx_word' id='word_1_355' title='bbox 1666 3301 1724 3344; x_wconf 88' lang='lat' dir='ltr'><strong>ut</strong></span> <span class='ocrx_word' id='word_1_356' title='bbox 1756 3308 1876 3361; x_wconf 64' lang='lat' dir='ltr'><strong>quae</strong></span> <span class='ocrx_word' id='word_1_357' title='bbox 1921 3294 2129 3362; x_wconf 73' lang='lat' dir='ltr'><strong>aliquid</strong></span> <span class='ocrx_word' id='word_1_358' title='bbox 2179 3294 2358 3348; x_wconf 85' lang='lat' dir='ltr'><strong>minus</strong></span> 
     </span>
    </p>
   </div>
   <div class='ocr_carea' id='block_1_51' title="bbox 795 3376 2357 3455">
    <p class='ocr_par' dir='ltr' id='par_1_51' title="bbox 795 3376 2357 3455">
     <span class='ocr_line' id='line_1_51' title="bbox 795 3376 2357 3455; baseline 0.002 -18"><span class='ocrx_word' id='word_1_359' title='bbox 795 3384 1012 3447; x_wconf 86' lang='lat' dir='ltr'><strong>doceat,</strong></span> <span class='ocrx_word' id='word_1_360' title='bbox 1079 3382 1236 3436; x_wconf 80' lang='lat' dir='ltr'><strong>Filio.</strong></span> <span class='ocrx_word' id='word_1_361' title='bbox 1284 3384 1488 3437; x_wconf 70' lang='lat' dir='ltr'><strong>Audias</strong></span> <span class='ocrx_word' id='word_1_362' title='bbox 1534 3385 1679 3437; x_wconf 90' lang='lat' dir='ltr'><strong>enim</strong></span> <span class='ocrx_word' id='word_1_363' title='bbox 1741 3385 1795 3438; x_wconf 91' lang='lat' dir='ltr'><strong>in</strong></span> <span class='ocrx_word' id='word_1_364' title='bbox 1838 3395 2067 3454; x_wconf 89' lang='lat' dir='ltr'><strong>utraque</strong></span> <span class='ocrx_word' id='word_1_365' title='bbox 2125 3376 2357 3455; x_wconf 85' lang='lat' dir='ltr'><strong>persona</strong></span> 
     </span>
    </p>
   </div>
   <div class='ocr_carea' id='block_1_52' title="bbox 794 3475 2355 3550">
    <p class='ocr_par' dir='ltr' id='par_1_52' title="bbox 794 3475 2355 3550">
     <span class='ocr_line' id='line_1_52' title="bbox 794 3475 2355 3550; baseline 0.003 -21"><span class='ocrx_word' id='word_1_366' title='bbox 794 3476 999 3543; x_wconf 86' lang='lat' dir='ltr'><strong>posuit.</strong></span> <span class='ocrx_word' id='word_1_367' title='bbox 1043 3476 1202 3545; x_wconf 75' lang='lat'><strong>123</strong></span> <span class='ocrx_word' id='word_1_368' title='bbox 1232 3475 1404 3541; x_wconf 84' lang='lat' dir='ltr'><strong>Quam</strong></span> <span class='ocrx_word' id='word_1_369' title='bbox 1433 3478 1547 3531; x_wconf 88' lang='lat' dir='ltr'><strong>sive</strong></span> <span class='ocrx_word' id='word_1_370' title='bbox 1588 3476 1766 3531; x_wconf 85' lang='lat' dir='ltr'><strong>Patris</strong></span> <span class='ocrx_word' id='word_1_371' title='bbox 1819 3494 1941 3533; x_wconf 87' lang='lat' dir='ltr'><strong>esse</strong></span> <span class='ocrx_word' id='word_1_372' title='bbox 2000 3480 2235 3535; x_wconf 77' lang='lat' dir='ltr'><strong>dixerint</strong></span> <span class='ocrx_word' id='word_1_373' title='bbox 2265 3482 2355 3550; x_wconf 92' lang='lat' dir='ltr'><strong>qui</strong></span> 
     </span>
    </p>
   </div>
   <div class='ocr_carea' id='block_1_53' title="bbox 797 3566 2357 3642">
    <p class='ocr_par' dir='ltr' id='par_1_53' title="bbox 797 3566 2357 3642">
     <span class='ocr_line' id='line_1_53' title="bbox 797 3566 2357 3642; baseline 0.006 -24"><span class='ocrx_word' id='word_1_374' title='bbox 797 3580 921 3618; x_wconf 86' lang='lat' dir='ltr'><strong>cum</strong></span> <span class='ocrx_word' id='word_1_375' title='bbox 971 3566 1110 3619; x_wconf 83' lang='lat' dir='ltr'><strong>Ario</strong></span> <span class='ocrx_word' id='word_1_376' title='bbox 1159 3575 1212 3619; x_wconf 85' lang='lat' dir='ltr'><strong>et</strong></span> <span class='ocrx_word' id='word_1_377' title='bbox 1264 3566 1531 3620; x_wconf 84' lang='lat' dir='ltr'><strong>Eunomio</strong></span> <span class='ocrx_word' id='word_1_378' title='bbox 1584 3568 1847 3631; x_wconf 88' lang='lat' dir='ltr'><strong>.sentiunt,</strong></span> <span class='ocrx_word' id='word_1_379' title='bbox 1894 3571 2166 3625; x_wconf 82' lang='lat' dir='ltr'><strong>invenient</strong></span> <span class='ocrx_word' id='word_1_380' title='bbox 2220 3590 2357 3642; x_wconf 66' lang='lat' dir='ltr'><strong>pra?-</strong></span> 
     </span>
    </p>
   </div>
   <div class='ocr_carea' id='block_1_54' title="bbox 796 3658 2358 3732">
    <p class='ocr_par' dir='ltr' id='par_1_54' title="bbox 796 3658 2358 3732">
     <span class='ocr_line' id='line_1_54' title="bbox 796 3658 2358 3732; baseline 0.005 -22"><span class='ocrx_word' id='word_1_381' title='bbox 796 3658 1053 3725; x_wconf 84' lang='lat' dir='ltr'><strong>positioni</strong></span> <span class='ocrx_word' id='word_1_382' title='bbox 1115 3674 1180 3711; x_wconf 80' lang='lat' dir='ltr'><strong>ex</strong></span> <span class='ocrx_word' id='word_1_383' title='bbox 1223 3675 1323 3727; x_wconf 85' lang='lat' dir='ltr'><strong>quo</strong></span> <span class='ocrx_word' id='word_1_384' title='bbox 1377 3660 1813 3728; x_wconf 72' lang='lat' dir='ltr'><strong>praepositionem</strong></span> <span class='ocrx_word' id='word_1_385' title='bbox 1866 3677 1957 3730; x_wconf 80' lang='lat' dir='ltr'><strong>per</strong></span> <span class='ocrx_word' id='word_1_386' title='bbox 2015 3679 2165 3732; x_wconf 83' lang='lat' dir='ltr'><strong>quem</strong></span> <span class='ocrx_word' id='word_1_387' title='bbox 2235 3681 2358 3718; x_wconf 82' lang='lat' dir='ltr'><strong>esse</strong></span> 
     </span>
    </p>
   </div>
   <div class='ocr_carea' id='block_1_55' title="bbox 797 3749 2357 3819">
    <p class='ocr_par' dir='ltr' id='par_1_55' title="bbox 797 3749 2357 3819">
     <span class='ocr_line' id='line_1_55' title="bbox 797 3749 2357 3819; baseline 0.006 -20"><span class='ocrx_word' id='word_1_388' title='bbox 797 3749 1147 3816; x_wconf 70' lang='lat' dir='ltr'><strong>conjunctam</strong></span> <span class='ocrx_word' id='word_1_389' title='bbox 1203 3770 1215 3803; x_wconf 92' lang='lat'>:</span> <span class='ocrx_word' id='word_1_390' title='bbox 1276 3751 1388 3804; x_wconf 81' lang='lat' dir='ltr'><strong>sive</strong></span> <span class='ocrx_word' id='word_1_391' title='bbox 1443 3749 1581 3803; x_wconf 78' lang='lat' dir='ltr'><strong>Fiiio</strong></span> <span class='ocrx_word' id='word_1_392' title='bbox 1636 3750 2025 3819; x_wconf 75' lang='lat' dir='ltr'><strong>adaptaverint,</strong></span> <span class='ocrx_word' id='word_1_393' title='bbox 2092 3754 2357 3810; x_wconf 79' lang='lat' dir='ltr'><strong>videbunt</strong></span> 
     </span>
    </p>
   </div>
   <div class='ocr_carea' id='block_1_56' title="bbox 799 3842 2358 3916">
    <p class='ocr_par' dir='ltr' id='par_1_56' title="bbox 799 3842 2358 3916">
     <span class='ocr_line' id='line_1_56' title="bbox 799 3842 2358 3916; baseline 0.005 -25"><span class='ocrx_word' id='word_1_394' title='bbox 799 3842 1164 3909; x_wconf 67' lang='lat' dir='ltr'><strong>praepositioni</strong></span> <span class='ocrx_word' id='word_1_395' title='bbox 1216 3858 1306 3909; x_wconf 77' lang='lat' dir='ltr'><strong>per</strong></span> <span class='ocrx_word' id='word_1_396' title='bbox 1345 3858 1494 3910; x_wconf 85' lang='lat' dir='ltr'><strong>quem</strong></span> <span class='ocrx_word' id='word_1_397' title='bbox 1548 3843 1985 3912; x_wconf 53' lang='lat' dir='ltr'><strong>praepositionem</strong></span> <span class='ocrx_word' id='word_1_398' title='bbox 2026 3862 2247 3916; x_wconf 85' lang='lat' dir='ltr'><strong>quoque</strong></span> <span class='ocrx_word' id='word_1_399' title='bbox 2292 3864 2358 3901; x_wconf 76' lang='lat' dir='ltr'><strong>ea:</strong></span> 
     </span>
    </p>
   </div>
   <div class='ocr_carea' id='block_1_57' title="bbox 793 3932 2356 4009">
    <p class='ocr_par' dir='ltr' id='par_1_57' title="bbox 793 3932 2356 4009">
     <span class='ocr_line' id='line_1_57' title="bbox 793 3932 2356 4009; baseline 0.006 -28"><span class='ocrx_word' id='word_1_400' title='bbox 793 3947 895 3999; x_wconf 71' lang='lat' dir='ltr'><strong>quo</strong></span> <span class='ocrx_word' id='word_1_401' title='bbox 925 3946 1047 3986; x_wconf 86' lang='lat' dir='ltr'><strong>esse</strong></span> <span class='ocrx_word' id='word_1_402' title='bbox 1075 3932 1441 3998; x_wconf 83' lang='lat' dir='ltr'><strong>conjunctam.</strong></span> <span class='ocrx_word' id='word_1_403' title='bbox 1476 3932 1532 3986; x_wconf 84' lang='lat' dir='ltr'><strong>Si</strong></span> <span class='ocrx_word' id='word_1_404' title='bbox 1574 3943 1753 3988; x_wconf 84' lang='lat' dir='ltr'><strong>autem</strong></span> <span class='ocrx_word' id='word_1_405' title='bbox 1787 3938 2102 4005; x_wconf 67' lang='lat' dir='ltr'><strong>praepositio</strong></span> <span class='ocrx_word' id='word_1_406' title='bbox 2142 3954 2209 3991; x_wconf 77' lang='lat' dir='ltr'><strong>ex</strong></span> <span class='ocrx_word' id='word_1_407' title='bbox 2256 3956 2356 4009; x_wconf 84' lang='lat' dir='ltr'><strong>quo</strong></span> 
     </span>
    </p>
   </div>
   <div class='ocr_carea' id='block_1_58' title="bbox 795 4020 2357 4095">
    <p class='ocr_par' dir='ltr' id='par_1_58' title="bbox 795 4020 2357 4095">
     <span class='ocr_line' id='line_1_58' title="bbox 795 4020 2357 4095; baseline 0.006 -22"><span class='ocrx_word' id='word_1_408' title='bbox 795 4020 1001 4091; x_wconf 80' lang='lat' dir='ltr'><strong>aliquid</strong></span> <span class='ocrx_word' id='word_1_409' title='bbox 1052 4022 1227 4089; x_wconf 86' lang='lat' dir='ltr'><strong>majus</strong></span> <span class='ocrx_word' id='word_1_410' title='bbox 1278 4022 1569 4091; x_wconf 75' lang='lat' dir='ltr'><strong>signiﬁcat,</strong></span> <span class='ocrx_word' id='word_1_411' title='bbox 1602 4032 1621 4046; x_wconf 55' lang='grc' dir='ltr'><strong>ν</strong></span> <span class='ocrx_word' id='word_1_412' title='bbox 1669 4041 1759 4093; x_wconf 83' lang='lat' dir='ltr'><strong>per</strong></span> <span class='ocrx_word' id='word_1_413' title='bbox 1793 4043 1945 4095; x_wconf 85' lang='lat' dir='ltr'><strong>quem</strong></span> <span class='ocrx_word' id='word_1_414' title='bbox 2007 4035 2187 4082; x_wconf 89' lang='lat' dir='ltr'><strong>autem</strong></span> <span class='ocrx_word' id='word_1_415' title='bbox 2252 4029 2357 4081; x_wconf 89' lang='lat' dir='ltr'><strong>mi-</strong></span> 
     </span>
    </p>
   </div>
   <div class='ocr_carea' id='block_1_59' title="bbox 794 4112 2354 4189">
    <p class='ocr_par' dir='ltr' id='par_1_59' title="bbox 794 4112 2354 4189">
     <span class='ocr_line' id='line_1_59' title="bbox 794 4112 2354 4189; baseline 0.003 -23"><span class='ocrx_word' id='word_1_416' title='bbox 794 4128 920 4174; x_wconf 89' lang='lat' dir='ltr'><strong>nus,</strong></span> <span class='ocrx_word' id='word_1_417' title='bbox 952 4122 1006 4166; x_wconf 78' lang='lat' dir='ltr'><strong>et</strong></span> <span class='ocrx_word' id='word_1_418' title='bbox 1046 4112 1218 4165; x_wconf 66' lang='lat' dir='ltr'><strong>amba:</strong></span> <span class='ocrx_word' id='word_1_419' title='bbox 1265 4113 1318 4164; x_wconf 91' lang='lat' dir='ltr'><strong>in</strong></span> <span class='ocrx_word' id='word_1_420' title='bbox 1367 4129 1472 4166; x_wconf 87' lang='lat' dir='ltr'><strong>una</strong></span> <span class='ocrx_word' id='word_1_421' title='bbox 1511 4129 1741 4183; x_wconf 86' lang='lat' dir='ltr'><strong>persona</strong></span> <span class='ocrx_word' id='word_1_422' title='bbox 1797 4118 1988 4189; x_wconf 59' lang='lat' dir='ltr'><strong>positio</strong></span> <span class='ocrx_word' id='word_1_423' title='bbox 2033 4125 2180 4182; x_wconf 90' lang='lat' dir='ltr'><strong>sunt,</strong></span> <span class='ocrx_word' id='word_1_424' title='bbox 2213 4117 2354 4171; x_wconf 91' lang='lat' dir='ltr'><strong>idem</strong></span> 
     </span>
    </p>
   </div>
   <div class='ocr_carea' id='block_1_60' title="bbox 793 4203 2353 4277">
    <p class='ocr_par' dir='ltr' id='par_1_60' title="bbox 793 4203 2353 4277">
     <span class='ocr_line' id='line_1_60' title="bbox 793 4203 2353 4277; baseline 0.003 -19"><span class='ocrx_word' id='word_1_425' title='bbox 793 4218 989 4273; x_wconf 85' lang='lat' dir='ltr'><strong>nempe</strong></span> <span class='ocrx_word' id='word_1_426' title='bbox 1015 4204 1197 4273; x_wconf 87' lang='lat' dir='ltr'><strong>seipse</strong></span> <span class='ocrx_word' id='word_1_427' title='bbox 1218 4203 1394 4272; x_wconf 87' lang='lat' dir='ltr'><strong>major</strong></span> <span class='ocrx_word' id='word_1_428' title='bbox 1420 4214 1642 4275; x_wconf 75' lang='lat' dir='ltr'><strong>propter</strong></span> <span class='ocrx_word' id='word_1_429' title='bbox 1671 4210 2117 4277; x_wconf 64' lang='lat' dir='ltr'><strong>praepositionem</strong></span> <span class='ocrx_word' id='word_1_430' title='bbox 2143 4226 2209 4262; x_wconf 78' lang='lat' dir='ltr'><strong>ea:</strong></span> <span class='ocrx_word' id='word_1_431' title='bbox 2232 4226 2353 4273; x_wconf 84' lang='lat' dir='ltr'><strong>quo,</strong></span> 
     </span>
    </p>
   </div>
   <div class='ocr_carea' id='block_1_61' title="bbox 793 4294 2357 4369">
    <p class='ocr_par' dir='ltr' id='par_1_61' title="bbox 793 4294 2357 4369">
     <span class='ocr_line' id='line_1_61' title="bbox 793 4294 2357 4369; baseline 0.005 -23"><span class='ocrx_word' id='word_1_432' title='bbox 793 4304 849 4347; x_wconf 76' lang='lat' dir='ltr'><strong>et</strong></span> <span class='ocrx_word' id='word_1_433' title='bbox 879 4309 1073 4348; x_wconf 85' lang='lat' dir='ltr'><strong>rursus</strong></span> <span class='ocrx_word' id='word_1_434' title='bbox 1098 4294 1275 4347; x_wconf 90' lang='lat' dir='ltr'><strong>minor</strong></span> <span class='ocrx_word' id='word_1_435' title='bbox 1299 4305 1517 4365; x_wconf 87' lang='lat' dir='ltr'><strong>propter</strong></span> <span class='ocrx_word' id='word_1_436' title='bbox 1558 4314 1649 4365; x_wconf 87' lang='lat' dir='ltr'><strong>per</strong></span> <span class='ocrx_word' id='word_1_437' title='bbox 1697 4316 1870 4367; x_wconf 78' lang='lat' dir='ltr'><strong>quem,</strong></span> <span class='ocrx_word' id='word_1_438' title='bbox 1898 4300 2202 4354; x_wconf 79' lang='lat' dir='ltr'><strong>existimari</strong></span> <span class='ocrx_word' id='word_1_439' title='bbox 2233 4300 2357 4369; x_wconf 89' lang='lat' dir='ltr'><strong>jure</strong></span> 
     </span>
    </p>
   </div>
   <div class='ocr_carea' id='block_1_62' title="bbox 794 4383 2359 4456">
    <p class='ocr_par' dir='ltr' id='par_1_62' title="bbox 794 4383 2359 4456">
     <span class='ocr_line' id='line_1_62' title="bbox 794 4383 2359 4456; baseline 0.008 -24"><span class='ocrx_word' id='word_1_440' title='bbox 794 4384 1018 4451; x_wconf 72' lang='lat' dir='ltr'><strong>poterit.</strong></span> <span class='ocrx_word' id='word_1_441' title='bbox 1052 4383 1161 4435; x_wconf 63' lang='lat' dir='ltr'><strong>Nos</strong></span> <span class='ocrx_word' id='word_1_442' title='bbox 1185 4394 1384 4442; x_wconf 88' lang='lat' dir='ltr'><strong>autem.</strong></span> <span class='ocrx_word' id='word_1_443' title='bbox 1420 4386 1505 4440; x_wconf 71' lang='lat' dir='ltr'><strong>his</strong></span> <span class='ocrx_word' id='word_1_444' title='bbox 1536 4389 1586 4440; x_wconf 90' lang='lat' dir='ltr'><strong>in</strong></span> <span class='ocrx_word' id='word_1_445' title='bbox 1628 4392 1915 4456; x_wconf 66' lang='lat' dir='ltr'><strong>praesentia</strong></span> <span class='ocrx_word' id='word_1_446' title='bbox 1956 4390 2159 4455; x_wconf 80' lang='lat' dir='ltr'><strong>missis,</strong></span> <span class='ocrx_word' id='word_1_447' title='bbox 2196 4390 2359 4447; x_wconf 85' lang='lat' dir='ltr'><strong>Crea-</strong></span> 
     </span>
    </p>
   </div>
   <div class='ocr_carea' id='block_1_63' title="bbox 796 4474 2440 4569">
    <p class='ocr_par' dir='ltr' id='par_1_63' title="bbox 796 4474 2440 4569">
     <span class='ocr_line' id='line_1_63' title="bbox 796 4474 2440 4569; baseline 0.002 -39"><span class='ocrx_word' id='word_1_448' title='bbox 796 4491 967 4530; x_wconf 89' lang='lat' dir='ltr'><strong>torem</strong></span> <span class='ocrx_word' id='word_1_449' title='bbox 1011 4484 1062 4529; x_wconf 91' lang='lat' dir='ltr'><strong>et</strong></span> <span class='ocrx_word' id='word_1_450' title='bbox 1116 4474 1456 4530; x_wconf 79' lang='lat' dir='ltr'><strong>Servatorem</strong></span> <span class='ocrx_word' id='word_1_451' title='bbox 1512 4488 1762 4533; x_wconf 86' lang='lat' dir='ltr'><strong>nostrum</strong></span> <span class='ocrx_word' id='word_1_452' title='bbox 1807 4481 2216 4550; x_wconf 78' lang='lat' dir='ltr'><strong>gloriﬁcemus:</strong></span> <span class='ocrx_word' id='word_1_453' title='bbox 2267 4482 2354 4536; x_wconf 87' lang='lat' dir='ltr'><strong>cui</strong></span> <span class='ocrx_word' id='word_1_454' title='bbox 2394 4509 2440 4569; x_wconf 72' lang='grc' dir='ltr'><strong>υ</strong></span> 
     </span>
    </p>
   </div>
   <div class='ocr_carea' id='block_1_64' title="bbox 794 4568 2165 4636">
    <p class='ocr_par' dir='ltr' id='par_1_64' title="bbox 794 4568 2165 4636">
     <span class='ocr_line' id='line_1_64' title="bbox 794 4568 2165 4636; baseline 0.007 -21"><span class='ocrx_word' id='word_1_455' title='bbox 794 4569 1051 4620; x_wconf 70' lang='lat' dir='ltr'><strong>._onvenit</strong></span> <span class='ocrx_word' id='word_1_456' title='bbox 1073 4568 1245 4636; x_wconf 75' lang='lat' dir='ltr'><strong>gloria</strong></span> <span class='ocrx_word' id='word_1_457' title='bbox 1276 4568 1328 4620; x_wconf 90' lang='lat' dir='ltr'><strong>in</strong></span> <span class='ocrx_word' id='word_1_458' title='bbox 1370 4571 1567 4623; x_wconf 65' lang='lat' dir='ltr'><strong>sarcula</strong></span> <span class='ocrx_word' id='word_1_459' title='bbox 1593 4572 1943 4625; x_wconf 63' lang='lat' dir='ltr'><strong>saeculorum.</strong></span> <span class='ocrx_word' id='word_1_460' title='bbox 1972 4573 2165 4627; x_wconf 85' lang='lat' dir='ltr'><strong>Amen.</strong></span> 
     </span>
    </p>
   </div>
   <div class='ocr_carea' id='block_1_65' title="bbox 1279 4658 1879 4727">
    <p class='ocr_par' dir='ltr' id='par_1_65' title="bbox 1279 4658 1879 4727">
     <span class='ocr_line' id='line_1_65' title="bbox 1279 4658 1879 4727; baseline 0.007 -15"><span class='ocrx_word' id='word_1_461' title='bbox 1279 4658 1517 4714; x_wconf 48' lang='lat' dir='ltr'><strong>&#39;I‘OMUS</strong></span> <span class='ocrx_word' id='word_1_462' title='bbox 1554 4660 1879 4727; x_wconf 79' lang='lat' dir='ltr'><strong>QUINTUS.</strong></span> 
     </span>
    </p>
   </div>
   <div class='ocr_carea' id='block_1_66' title="bbox 865 4752 2358 4822">
    <p class='ocr_par' dir='ltr' id='par_1_66' title="bbox 865 4752 2358 4822">
     <span class='ocr_line' id='line_1_66' title="bbox 865 4752 2358 4822; baseline 0.005 -17"><span class='ocrx_word' id='word_1_463' title='bbox 865 4752 1141 4807; x_wconf 87' lang='lat' dir='ltr'><strong>Bonorum</strong></span> <span class='ocrx_word' id='word_1_464' title='bbox 1196 4753 1416 4822; x_wconf 87' lang='lat' dir='ltr'><strong>quidem</strong></span> <span class='ocrx_word' id='word_1_465' title='bbox 1470 4768 1704 4817; x_wconf 84' lang='lat' dir='ltr'><strong>summa,</strong></span> <span class='ocrx_word' id='word_1_466' title='bbox 1732 4762 1787 4807; x_wconf 93' lang='lat' dir='ltr'><strong>et</strong></span> <span class='ocrx_word' id='word_1_467' title='bbox 1818 4771 2005 4810; x_wconf 89' lang='lat' dir='ltr'><strong>verum</strong></span> <span class='ocrx_word' id='word_1_468' title='bbox 2035 4756 2358 4812; x_wconf 79' lang='lat' dir='ltr'><strong>fundamen-</strong></span> 
     </span>
    </p>
   </div>
   <div class='ocr_carea' id='block_1_67' title="bbox 796 4846 2389 4920">
    <p class='ocr_par' dir='ltr' id='par_1_67' title="bbox 796 4846 2389 4920">
     <span class='ocr_line' id='line_1_67' title="bbox 796 4846 2389 4920; baseline 0.004 -21"><span class='ocrx_word' id='word_1_469' title='bbox 796 4856 907 4899; x_wconf 89' lang='lat' dir='ltr'><strong>tum</strong></span> <span class='ocrx_word' id='word_1_470' title='bbox 948 4855 1032 4899; x_wconf 88' lang='lat' dir='ltr'><strong>est</strong></span> <span class='ocrx_word' id='word_1_471' title='bbox 1089 4846 1286 4900; x_wconf 67' lang='lat' dir='ltr'><strong>divinae</strong></span> <span class='ocrx_word' id='word_1_472' title='bbox 1321 4855 1526 4899; x_wconf 73' lang='lat' dir='ltr'><strong>natura:</strong></span> <span class='ocrx_word' id='word_1_473' title='bbox 1575 4848 1839 4915; x_wconf 80' lang='lat' dir='ltr'><strong>cognitio,</strong></span> <span class='ocrx_word' id='word_1_474' title='bbox 1870 4848 1924 4901; x_wconf 89' lang='lat' dir='ltr'><strong>in</strong></span> <span class='ocrx_word' id='word_1_475' title='bbox 1969 4864 2200 4918; x_wconf 83' lang='lat' dir='ltr'><strong>eamque</strong></span> <span class='ocrx_word' id='word_1_476' title='bbox 2231 4851 2389 4920; x_wconf 35' lang='lat' dir='ltr'><strong>ﬁdes.</strong></span> 
     </span>
    </p>
   </div>
   <div class='ocr_carea' id='block_1_68' title="bbox 794 4932 2355 5007">
    <p class='ocr_par' dir='ltr' id='par_1_68' title="bbox 794 4932 2355 5007">
     <span class='ocr_line' id='line_1_68' title="bbox 794 4932 2355 5007; baseline 0.006 -24"><span class='ocrx_word' id='word_1_477' title='bbox 794 4943 848 4984; x_wconf 82' lang='lat' dir='ltr'><strong>et</strong></span> <span class='ocrx_word' id='word_1_478' title='bbox 875 4932 1111 4986; x_wconf 82' lang='lat' dir='ltr'><strong>aﬂeetio.</strong></span> <span class='ocrx_word' id='word_1_479' title='bbox 1142 4932 1296 4997; x_wconf 85' lang='lat' dir='ltr'><strong>Quod</strong></span> <span class='ocrx_word' id='word_1_480' title='bbox 1328 4935 1470 4986; x_wconf 87' lang='lat' dir='ltr'><strong>enim</strong></span> <span class='ocrx_word' id='word_1_481' title='bbox 1523 4943 1608 4987; x_wconf 86' lang='lat' dir='ltr'><strong>est</strong></span> <span class='ocrx_word' id='word_1_482' title='bbox 1653 4937 1846 4989; x_wconf 86' lang='lat' dir='ltr'><strong>oculus</strong></span> <span class='ocrx_word' id='word_1_483' title='bbox 1883 4937 1936 4989; x_wconf 95' lang='lat' dir='ltr'><strong>in</strong></span> <span class='ocrx_word' id='word_1_484' title='bbox 1973 4953 2222 5007; x_wconf 86' lang='lat' dir='ltr'><strong>corpore,</strong></span> <span class='ocrx_word' id='word_1_485' title='bbox 2253 4939 2355 4994; x_wconf 90' lang='lat' dir='ltr'><strong>hoc</strong></span> 
     </span>
    </p>
   </div>
   <div class='ocr_carea' id='block_1_69' title="bbox 792 5020 2355 5093">
    <p class='ocr_par' dir='ltr' id='par_1_69' title="bbox 792 5020 2355 5093">
     <span class='ocr_line' id='line_1_69' title="bbox 792 5020 2355 5093; baseline 0.006 -23"><span class='ocrx_word' id='word_1_486' title='bbox 792 5028 877 5073; x_wconf 72' lang='lat' dir='ltr'><strong>est</strong></span> <span class='ocrx_word' id='word_1_487' title='bbox 898 5020 1095 5073; x_wconf 68' lang='lat' dir='ltr'><strong>animae</strong></span> <span class='ocrx_word' id='word_1_488' title='bbox 1126 5020 1280 5086; x_wconf 81' lang='lat' dir='ltr'><strong>ﬁdes,</strong></span> <span class='ocrx_word' id='word_1_489' title='bbox 1306 5028 1361 5075; x_wconf 89' lang='lat' dir='ltr'><strong>et</strong></span> <span class='ocrx_word' id='word_1_490' title='bbox 1394 5036 1574 5075; x_wconf 87' lang='lat' dir='ltr'><strong>rerum</strong></span> <span class='ocrx_word' id='word_1_491' title='bbox 1605 5021 1917 5077; x_wconf 89' lang='lat' dir='ltr'><strong>divinarum</strong></span> <span class='ocrx_word' id='word_1_492' title='bbox 1950 5027 2213 5093; x_wconf 80' lang='lat' dir='ltr'><strong>cognitio.</strong></span> <span class='ocrx_word' id='word_1_493' title='bbox 2244 5026 2355 5081; x_wconf 51' lang='lat' dir='ltr'><strong>Hae</strong></span> 
     </span>
    </p>
   </div>
   <div class='ocr_carea' id='block_1_70' title="bbox 794 5110 2357 5188">
    <p class='ocr_par' dir='ltr' id='par_1_70' title="bbox 794 5110 2357 5188">
     <span class='ocr_line' id='line_1_70' title="bbox 794 5110 2357 5188; baseline 0.006 -25"><span class='ocrx_word' id='word_1_494' title='bbox 794 5110 886 5163; x_wconf 86' lang='lat' dir='ltr'><strong>bet</strong></span> <span class='ocrx_word' id='word_1_495' title='bbox 911 5118 1094 5165; x_wconf 86' lang='lat' dir='ltr'><strong>tamen</strong></span> <span class='ocrx_word' id='word_1_496' title='bbox 1135 5113 1236 5166; x_wconf 86' lang='lat' dir='ltr'><strong>ista</strong></span> <span class='ocrx_word' id='word_1_497' title='bbox 1269 5128 1491 5183; x_wconf 63' lang='lat' dir='ltr'><strong>quoque</strong></span> <span class='ocrx_word' id='word_1_498' title='bbox 1517 5128 1656 5183; x_wconf 90' lang='lat' dir='ltr'><strong>opus</strong></span> <span class='ocrx_word' id='word_1_499' title='bbox 1685 5116 1863 5168; x_wconf 85' lang='lat' dir='ltr'><strong>activa</strong></span> <span class='ocrx_word' id='word_1_500' title='bbox 1896 5116 2134 5171; x_wconf 87' lang='lat' dir='ltr'><strong>virtute:</strong></span> <span class='ocrx_word' id='word_1_501' title='bbox 2166 5134 2357 5188; x_wconf 86' lang='lat' dir='ltr'><strong>quem-</strong></span> 
     </span>
    </p>
   </div>
   <div class='ocr_carea' id='block_1_71' title="bbox 797 5199 2356 5274">
    <p class='ocr_par' dir='ltr' id='par_1_71' title="bbox 797 5199 2356 5274">
     <span class='ocr_line' id='line_1_71' title="bbox 797 5199 2356 5274; baseline 0.006 -23"><span class='ocrx_word' id='word_1_502' title='bbox 797 5199 1091 5254; x_wconf 87' lang='lat' dir='ltr'><strong>admodum</strong></span> <span class='ocrx_word' id='word_1_503' title='bbox 1147 5204 1338 5255; x_wconf 89' lang='lat' dir='ltr'><strong>oculus</strong></span> <span class='ocrx_word' id='word_1_504' title='bbox 1400 5204 1684 5266; x_wconf 67' lang='lat' dir='ltr'><strong>itionibus,</strong></span> <span class='ocrx_word' id='word_1_505' title='bbox 1736 5212 1790 5257; x_wconf 89' lang='lat' dir='ltr'><strong>et</strong></span> <span class='ocrx_word' id='word_1_506' title='bbox 1842 5206 2103 5274; x_wconf 86' lang='lat' dir='ltr'><strong>pedibus,</strong></span> <span class='ocrx_word' id='word_1_507' title='bbox 2146 5217 2201 5262; x_wconf 90' lang='lat' dir='ltr'><strong>et</strong></span> <span class='ocrx_word' id='word_1_508' title='bbox 2232 5209 2356 5261; x_wconf 84' lang='lat' dir='ltr'><strong>aliis</strong></span> 
     </span>
    </p>
   </div>
   <div class='ocr_carea' id='block_1_72' title="bbox 795 5291 2356 5367">
    <p class='ocr_par' dir='ltr' id='par_1_72' title="bbox 795 5291 2356 5367">
     <span class='ocr_line' id='line_1_72' title="bbox 795 5291 2356 5367; baseline 0.009 -26"><span class='ocrx_word' id='word_1_509' title='bbox 795 5291 1047 5358; x_wconf 72' lang='lat' dir='ltr'><strong>partibus</strong></span> <span class='ocrx_word' id='word_1_510' title='bbox 1078 5294 1349 5361; x_wconf 84' lang='lat' dir='ltr'><strong>corporis.</strong></span> <span class='ocrx_word' id='word_1_511' title='bbox 1383 5292 1497 5348; x_wconf 83' lang='lat' dir='ltr'><strong>Hac</strong></span> <span class='ocrx_word' id='word_1_512' title='bbox 1525 5293 1593 5349; x_wconf 89' lang='lat' dir='ltr'><strong>de</strong></span> <span class='ocrx_word' id='word_1_513' title='bbox 1619 5309 1785 5349; x_wconf 80' lang='lat' dir='ltr'><strong>causa</strong></span> <span class='ocrx_word' id='word_1_514' title='bbox 1813 5297 2033 5351; x_wconf 81' lang='lat' dir='ltr'><strong>divinus</strong></span> <span class='ocrx_word' id='word_1_515' title='bbox 2058 5298 2356 5367; x_wconf 79' lang='lat' dir='ltr'><strong>Apostolus</strong></span> 
     </span>
    </p>
   </div>
   <div class='ocr_carea' id='block_1_73' title="bbox 796 5379 2355 5456">
    <p class='ocr_par' dir='ltr' id='par_1_73' title="bbox 796 5379 2355 5456">
     <span class='ocr_line' id='line_1_73' title="bbox 796 5379 2355 5456; baseline 0.01 -26"><span class='ocrx_word' id='word_1_516' title='bbox 796 5379 1123 5448; x_wconf 81' lang='lat' dir='ltr'><strong>dogmaticis</strong></span> <span class='ocrx_word' id='word_1_517' title='bbox 1151 5386 1501 5439; x_wconf 85' lang='lat' dir='ltr'><strong>sermonibus</strong></span> <span class='ocrx_word' id='word_1_518' title='bbox 1530 5386 1787 5439; x_wconf 88' lang='lat' dir='ltr'><strong>moralem</strong></span> <span class='ocrx_word' id='word_1_519' title='bbox 1809 5403 1904 5456; x_wconf 78' lang='lat' dir='ltr'><strong>qut</strong></span> <span class='ocrx_word' id='word_1_520' title='bbox 1926 5405 2029 5444; x_wconf 70' lang='lat' dir='ltr'><strong>.iue</strong></span> <span class='ocrx_word' id='word_1_521' title='bbox 2049 5388 2355 5445; x_wconf 84' lang='lat' dir='ltr'><strong>doctrinam</strong></span> 
     </span>
    </p>
   </div>
   <div class='ocr_carea' id='block_1_74' title="bbox 797 5472 2355 5545">
    <p class='ocr_par' dir='ltr' id='par_1_74' title="bbox 797 5472 2355 5545">
     <span class='ocr_line' id='line_1_74' title="bbox 797 5472 2355 5545; baseline 0.007 -19"><span class='ocrx_word' id='word_1_522' title='bbox 797 5472 1016 5541; x_wconf 77' lang='lat' dir='ltr'><strong>adjecit,</strong></span> <span class='ocrx_word' id='word_1_523' title='bbox 1074 5475 1527 5545; x_wconf 79' lang='lat' dir='ltr'><strong>perfectissimam</strong></span> <span class='ocrx_word' id='word_1_524' title='bbox 1580 5479 1632 5533; x_wconf 92' lang='lat' dir='ltr'><strong>in</strong></span> <span class='ocrx_word' id='word_1_525' title='bbox 1688 5480 1846 5536; x_wconf 81' lang='lat' dir='ltr'><strong>nobis</strong></span> <span class='ocrx_word' id='word_1_526' title='bbox 1901 5500 1910 5512; x_wconf 62' lang='grc' dir='ltr'><strong>ε</strong></span> <span class='ocrx_word' id='word_1_527' title='bbox 1960 5490 2150 5538; x_wconf 69' lang='lat' dir='ltr'><strong>rtutem</strong></span> <span class='ocrx_word' id='word_1_528' title='bbox 2195 5483 2355 5537; x_wconf 90' lang='lat' dir='ltr'><strong>insti-</strong></span> 
     </span>
    </p>
   </div>
   <div class='ocr_carea' id='block_1_75' title="bbox 2470 1930 4036 2002">
    <p class='ocr_par' dir='ltr' id='par_1_75' title="bbox 2470 1930 4036 2002">
     <span class='ocr_line' id='line_1_75' title="bbox 2470 1930 4036 2002; baseline 0.004 -18"><span class='ocrx_word' id='word_1_529' title='bbox 2470 1931 2576 2002; x_wconf 85' lang='grc' dir='ltr'>γὰρ</span> <span class='ocrx_word' id='word_1_530' title='bbox 2606 1930 2919 2001; x_wconf 82' lang='grc' dir='ltr'><strong>ἀμέτρητος</strong></span> <span class='ocrx_word' id='word_1_531' title='bbox 2959 1932 2987 1984; x_wconf 84' lang='grc' dir='ltr'>ὁ</span> <span class='ocrx_word' id='word_1_532' title='bbox 3032 1932 3131 2002; x_wconf 80' lang='grc' dir='ltr'>τῆς</span> <span class='ocrx_word' id='word_1_533' title='bbox 3161 1932 3768 2002; x_wconf 81' lang='grc' dir='ltr'>ἀγαθὸτητοςπλοῦτος,</span> <span class='ocrx_word' id='word_1_534' title='bbox 3810 1936 3889 1987; x_wconf 78' lang='grc' dir='ltr'>ὅτι</span> <span class='ocrx_word' id='word_1_535' title='bbox 3942 1936 4036 1991; x_wconf 80' lang='grc' dir='ltr'>καὶ</span> 
     </span>
    </p>
   </div>
   <div class='ocr_carea' id='block_1_76' title="bbox 2465 2017 4033 2094">
    <p class='ocr_par' dir='ltr' id='par_1_76' title="bbox 2465 2017 4033 2094">
     <span class='ocr_line' id='line_1_76' title="bbox 2465 2017 4033 2094; baseline 0.003 -18"><span class='ocrx_word' id='word_1_536' title='bbox 2465 2026 2577 2087; x_wconf 88' lang='grc' dir='ltr'>τοῖς</span> <span class='ocrx_word' id='word_1_537' title='bbox 2606 2023 2682 2093; x_wconf 76' lang='grc' dir='ltr'>μὴ</span> <span class='ocrx_word' id='word_1_538' title='bbox 2709 2017 2826 2075; x_wconf 84' lang='grc' dir='ltr'>οὖσι</span> <span class='ocrx_word' id='word_1_539' title='bbox 2851 2021 2911 2074; x_wconf 88' lang='grc' dir='ltr'>τὸ</span> <span class='ocrx_word' id='word_1_540' title='bbox 2940 2017 3078 2076; x_wconf 75' lang='grc' dir='ltr'>εἶναι</span> <span class='ocrx_word' id='word_1_541' title='bbox 3103 2022 3321 2088; x_wconf 80' lang='grc' dir='ltr'>δέδωκε,</span> <span class='ocrx_word' id='word_1_542' title='bbox 3352 2026 3439 2077; x_wconf 73' lang='grc' dir='ltr'>καὶ</span> <span class='ocrx_word' id='word_1_543' title='bbox 3472 2027 3584 2089; x_wconf 83' lang='grc' dir='ltr'>τοῖς</span> <span class='ocrx_word' id='word_1_544' title='bbox 3613 2026 3852 2094; x_wconf 76' lang='grc' dir='ltr'>γεγονόσι</span> <span class='ocrx_word' id='word_1_545' title='bbox 3887 2026 3945 2079; x_wconf 81' lang='grc' dir='ltr'>τὸ</span> <span class='ocrx_word' id='word_1_546' title='bbox 3974 2021 4033 2080; x_wconf 82' lang='grc' dir='ltr'>ἐῦ</span> 
     </span>
    </p>
   </div>
   <div class='ocr_carea' id='block_1_77' title="bbox 2467 2107 4035 2182">
    <p class='ocr_par' dir='ltr' id='par_1_77' title="bbox 2467 2107 4035 2182">
     <span class='ocr_line' id='line_1_77' title="bbox 2467 2107 4035 2182; baseline 0.001 -17"><span class='ocrx_word' id='word_1_547' title='bbox 2467 2107 2605 2165; x_wconf 82' lang='grc' dir='ltr'>εἶναι</span> <span class='ocrx_word' id='word_1_548' title='bbox 2649 2110 2931 2182; x_wconf 78' lang='grc' dir='ltr'>χαρίζεται</span> <span class='ocrx_word' id='word_1_549' title='bbox 2967 2127 2981 2143; x_wconf 89' lang='grc'><strong>·</strong></span> <span class='ocrx_word' id='word_1_550' title='bbox 3032 2111 3122 2165; x_wconf 71' lang='grc' dir='ltr'>καὶ</span> <span class='ocrx_word' id='word_1_551' title='bbox 3146 2113 3247 2171; x_wconf 78' lang='grc' dir='ltr'>οὐκ</span> <span class='ocrx_word' id='word_1_552' title='bbox 3283 2112 3635 2176; x_wconf 81' lang='grc' dir='ltr'>ἀντιδίδωσιν,</span> <span class='ocrx_word' id='word_1_553' title='bbox 3683 2114 3816 2166; x_wconf 71' lang='grc' dir='ltr'>ἀλλὰ</span> <span class='ocrx_word' id='word_1_554' title='bbox 3855 2115 4035 2167; x_wconf 77' lang='grc' dir='ltr'>δίδωσι</span> 
     </span>
    </p>
   </div>
   <div class='ocr_carea' id='block_1_78' title="bbox 2464 2202 4034 2277">
    <p class='ocr_par' dir='ltr' id='par_1_78' title="bbox 2464 2202 4034 2277">
     <span class='ocr_line' id='line_1_78' title="bbox 2464 2202 4034 2277; baseline 0.001 -20"><span class='ocrx_word' id='word_1_555' title='bbox 2464 2209 2534 2260; x_wconf 81' lang='grc' dir='ltr'><strong>τὰ</strong></span> <span class='ocrx_word' id='word_1_556' title='bbox 2576 2205 2773 2272; x_wconf 83' lang='grc' dir='ltr'>ἀγαθά.</span> <span class='ocrx_word' id='word_1_557' title='bbox 2819 2202 3196 2274; x_wconf 79' lang='grc' dir='ltr'>Φιλάνθρωπος</span> <span class='ocrx_word' id='word_1_558' title='bbox 3231 2204 3288 2257; x_wconf 83' lang='grc' dir='ltr'>δὲ</span> <span class='ocrx_word' id='word_1_559' title='bbox 3327 2204 3423 2270; x_wconf 83' lang='grc' dir='ltr'><strong>ῶν,</strong></span> <span class='ocrx_word' id='word_1_560' title='bbox 3451 2206 3717 2259; x_wconf 70' lang='grc' dir='ltr'><strong>ἀντίδοσιν</strong></span> <span class='ocrx_word' id='word_1_561' title='bbox 3764 2205 3860 2277; x_wconf 79' lang='grc' dir='ltr'><strong>τὴν</strong></span> <span class='ocrx_word' id='word_1_562' title='bbox 3885 2206 4034 2259; x_wconf 88' lang='grc' dir='ltr'>δόσιν</span> 
     </span>
    </p>
   </div>
   <div class='ocr_carea' id='block_1_79' title="bbox 2465 2296 2641 2349">
    <p class='ocr_par' dir='ltr' id='par_1_79' title="bbox 2465 2296 2641 2349">
     <span class='ocr_line' id='line_1_79' title="bbox 2465 2296 2641 2349; baseline 0.006 -2"><span class='ocrx_word' id='word_1_563' title='bbox 2465 2296 2641 2349; x_wconf 83' lang='grc' dir='ltr'>καλεῖ.</span> 
     </span>
    </p>
   </div>
   <div class='ocr_carea' id='block_1_80' title="bbox 2536 2386 4036 2456">
    <p class='ocr_par' dir='ltr' id='par_1_80' title="bbox 2536 2386 4036 2456">
     <span class='ocr_line' id='line_1_80' title="bbox 2536 2386 4036 2456; baseline 0.003 -16"><span class='ocrx_word' id='word_1_564' title='bbox 2536 2389 2643 2453; x_wconf 79' lang='grc' dir='ltr'>λς’.</span> <span class='ocrx_word' id='word_1_565' title='bbox 2684 2389 2812 2441; x_wconf 87' lang='grc' dir='ltr'>Ὅτι</span> <span class='ocrx_word' id='word_1_566' title='bbox 2840 2387 2909 2451; x_wconf 78' lang='grc' dir='ltr'><strong>ἐξ</strong></span> <span class='ocrx_word' id='word_1_567' title='bbox 2938 2386 3123 2440; x_wconf 79' lang='grc' dir='ltr'>αὐτοῦ</span> <span class='ocrx_word' id='word_1_568' title='bbox 3156 2388 3251 2439; x_wconf 78' lang='grc' dir='ltr'>καὶ</span> <span class='ocrx_word' id='word_1_569' title='bbox 3282 2388 3356 2441; x_wconf 87' lang='grc' dir='ltr'><strong>δι’</strong></span> <span class='ocrx_word' id='word_1_570' title='bbox 3386 2390 3574 2442; x_wconf 83' lang='grc' dir='ltr'>αὐτοῦ</span> <span class='ocrx_word' id='word_1_571' title='bbox 3606 2389 3704 2442; x_wconf 76' lang='grc' dir='ltr'>καὶ</span> <span class='ocrx_word' id='word_1_572' title='bbox 3731 2392 3818 2456; x_wconf 83' lang='grc' dir='ltr'><strong>είς</strong></span> <span class='ocrx_word' id='word_1_573' title='bbox 3845 2389 4036 2444; x_wconf 73' lang='grc' dir='ltr'>αὐτὸν</span> 
     </span>
    </p>
   </div>
   <div class='ocr_carea' id='block_1_81' title="bbox 2466 2478 4031 2550">
    <p class='ocr_par' dir='ltr' id='par_1_81' title="bbox 2466 2478 4031 2550">
     <span class='ocr_line' id='line_1_81' title="bbox 2466 2478 4031 2550; baseline 0.001 -18"><span class='ocrx_word' id='word_1_574' title='bbox 2466 2480 2536 2535; x_wconf 86' lang='grc' dir='ltr'>τὰ</span> <span class='ocrx_word' id='word_1_575' title='bbox 2565 2480 2777 2532; x_wconf 80' lang='grc' dir='ltr'>πάντα.</span> <span class='ocrx_word' id='word_1_576' title='bbox 2824 2480 2994 2544; x_wconf 84' lang='grc' dir='ltr'><strong>Αὐτῷ</strong></span> <span class='ocrx_word' id='word_1_577' title='bbox 3023 2481 3061 2546; x_wconf 74' lang='grc' dir='ltr'>ἡ</span> <span class='ocrx_word' id='word_1_578' title='bbox 3091 2478 3239 2542; x_wconf 77' lang='grc' dir='ltr'>δόξα</span> <span class='ocrx_word' id='word_1_579' title='bbox 3267 2481 3353 2545; x_wconf 82' lang='grc' dir='ltr'>εἰς</span> <span class='ocrx_word' id='word_1_580' title='bbox 3383 2480 3524 2541; x_wconf 82' lang='grc' dir='ltr'>τοὺς</span> <span class='ocrx_word' id='word_1_581' title='bbox 3552 2481 3789 2550; x_wconf 72' lang='grc' dir='ltr'>αἰῶνας.</span> <span class='ocrx_word' id='word_1_582' title='bbox 3833 2480 4031 2550; x_wconf 75' lang='grc' dir='ltr'><strong>Ἀμήν.</strong></span> 
     </span>
    </p>
   </div>
   <div class='ocr_carea' id='block_1_82' title="bbox 2462 2567 4033 2637">
    <p class='ocr_par' dir='ltr' id='par_1_82' title="bbox 2462 2567 4033 2637">
     <span class='ocr_line' id='line_1_82' title="bbox 2462 2567 4033 2637; baseline 0 -15"><span class='ocrx_word' id='word_1_583' title='bbox 2462 2570 2635 2631; x_wconf 72' lang='grc' dir='ltr'>Αὐτὸς</span> <span class='ocrx_word' id='word_1_584' title='bbox 2663 2568 2770 2637; x_wconf 83' lang='grc' dir='ltr'><strong>γὰρ</strong></span> <span class='ocrx_word' id='word_1_585' title='bbox 2814 2569 2881 2621; x_wconf 76' lang='grc' dir='ltr'>τὰ</span> <span class='ocrx_word' id='word_1_586' title='bbox 2916 2567 3092 2620; x_wconf 85' lang='grc' dir='ltr'>πάντα</span> <span class='ocrx_word' id='word_1_587' title='bbox 3126 2568 3447 2637; x_wconf 84' lang='grc' dir='ltr'>πεποίηκεν,</span> <span class='ocrx_word' id='word_1_588' title='bbox 3480 2568 3640 2631; x_wconf 75' lang='grc' dir='ltr'>αὐτὸς</span> <span class='ocrx_word' id='word_1_589' title='bbox 3667 2568 3736 2621; x_wconf 77' lang='grc' dir='ltr'><strong>τὰ</strong></span> <span class='ocrx_word' id='word_1_590' title='bbox 3772 2570 4033 2637; x_wconf 83' lang='grc' dir='ltr'><strong>γεγονότα</strong></span> 
     </span>
    </p>
   </div>
   <div class='ocr_carea' id='block_1_83' title="bbox 2462 2657 4036 2731">
    <p class='ocr_par' dir='ltr' id='par_1_83' title="bbox 2462 2657 4036 2731">
     <span class='ocr_line' id='line_1_83' title="bbox 2462 2657 4036 2731; baseline 0 -18"><span class='ocrx_word' id='word_1_591' title='bbox 2462 2658 2693 2713; x_wconf 86' lang='grc' dir='ltr'>διατελεί</span> <span class='ocrx_word' id='word_1_592' title='bbox 2716 2657 3013 2727; x_wconf 77' lang='grc' dir='ltr'>κυϐερνῶν.</span> <span class='ocrx_word' id='word_1_593' title='bbox 3045 2660 3139 2721; x_wconf 72' lang='lat' dir='ltr'><strong>El;</strong></span> <span class='ocrx_word' id='word_1_594' title='bbox 3165 2658 3327 2713; x_wconf 79' lang='grc' dir='ltr'>αὑτὸν</span> <span class='ocrx_word' id='word_1_595' title='bbox 3354 2660 3559 2730; x_wconf 77' lang='grc' dir='ltr'>ἁφορᾷν</span> <span class='ocrx_word' id='word_1_596' title='bbox 3592 2659 3839 2723; x_wconf 76' lang='grc' dir='ltr'>ἅπαντας</span> <span class='ocrx_word' id='word_1_597' title='bbox 3867 2677 4036 2731; x_wconf 88' lang='grc' dir='ltr'>προσ-</span> 
     </span>
    </p>
   </div>
   <div class='ocr_carea' id='block_1_84' title="bbox 2464 2745 4031 2825">
    <p class='ocr_par' dir='ltr' id='par_1_84' title="bbox 2464 2745 4031 2825">
     <span class='ocr_line' id='line_1_84' title="bbox 2464 2745 4031 2825; baseline -0.001 -19"><span class='ocrx_word' id='word_1_598' title='bbox 2464 2754 2608 2825; x_wconf 85' lang='grc' dir='ltr'>ήκει,</span> <span class='ocrx_word' id='word_1_599' title='bbox 2637 2753 2777 2822; x_wconf 82' lang='grc' dir='ltr'>ὑπὲρ</span> <span class='ocrx_word' id='word_1_600' title='bbox 2810 2745 2905 2821; x_wconf 76' lang='grc' dir='ltr'>μὲν</span> <span class='ocrx_word' id='word_1_601' title='bbox 2935 2751 3041 2804; x_wconf 88' lang='grc' dir='ltr'><strong>τῶν</strong></span> <span class='ocrx_word' id='word_1_602' title='bbox 3068 2751 3421 2821; x_wconf 80' lang='grc' dir='ltr'><strong>ὑπαρξάντων</strong></span> <span class='ocrx_word' id='word_1_603' title='bbox 3440 2753 3598 2823; x_wconf 82' lang='grc' dir='ltr'>χάριν</span> <span class='ocrx_word' id='word_1_604' title='bbox 3618 2752 4031 2822; x_wconf 83' lang='grc' dir='ltr'>ὁμολογοῦντας,</span> 
     </span>
    </p>
   </div>
   <div class='ocr_carea' id='block_1_85' title="bbox 2465 2842 4029 2914">
    <p class='ocr_par' dir='ltr' id='par_1_85' title="bbox 2465 2842 4029 2914">
     <span class='ocr_line' id='line_1_85' title="bbox 2465 2842 4029 2914; baseline -0.004 -15"><span class='ocrx_word' id='word_1_605' title='bbox 2465 2845 2747 2907; x_wconf 76' lang='grc' dir='ltr'>αἰτοῦντας</span> <span class='ocrx_word' id='word_1_606' title='bbox 2796 2844 2854 2896; x_wconf 80' lang='grc' dir='ltr'>δὲ</span> <span class='ocrx_word' id='word_1_607' title='bbox 2896 2844 2992 2912; x_wconf 80' lang='grc' dir='ltr'>τὴν</span> <span class='ocrx_word' id='word_1_608' title='bbox 3028 2842 3215 2896; x_wconf 67' lang='grc' dir='ltr'>ἔπειτα</span> <span class='ocrx_word' id='word_1_609' title='bbox 3245 2844 3600 2913; x_wconf 75' lang='grc' dir='ltr'><strong>προμήθειαν.</strong></span> <span class='ocrx_word' id='word_1_610' title='bbox 3645 2844 3803 2913; x_wconf 82' lang='grc' dir='ltr'><strong>Αὐτῷ</strong></span> <span class='ocrx_word' id='word_1_611' title='bbox 3834 2844 3891 2896; x_wconf 81' lang='grc' dir='ltr'>δὲ</span> <span class='ocrx_word' id='word_1_612' title='bbox 3922 2844 4029 2914; x_wconf 78' lang='grc' dir='ltr'><strong>χρὴ</strong></span> 
     </span>
    </p>
   </div>
   <div class='ocr_carea' id='block_1_86' title="bbox 2466 2933 4030 3007">
    <p class='ocr_par' dir='ltr' id='par_1_86' title="bbox 2466 2933 4030 3007">
     <span class='ocr_line' id='line_1_86' title="bbox 2466 2933 4030 3007; baseline -0.001 -18"><span class='ocrx_word' id='word_1_613' title='bbox 2466 2938 2558 2990; x_wconf 77' lang='grc' dir='ltr'><strong>καὶ</strong></span> <span class='ocrx_word' id='word_1_614' title='bbox 2583 2937 2679 3006; x_wconf 83' lang='grc' dir='ltr'>τὴν</span> <span class='ocrx_word' id='word_1_615' title='bbox 2708 2937 3087 3007; x_wconf 67' lang='grc' dir='ltr'>προσήκουσαν</span> <span class='ocrx_word' id='word_1_616' title='bbox 3110 2933 3447 3004; x_wconf 78' lang='grc' dir='ltr'><strong>ἀναπέμπειν</strong></span> <span class='ocrx_word' id='word_1_617' title='bbox 3471 2935 3791 3002; x_wconf 71' lang='grc' dir='ltr'>δοξοὶογίαν.</span> <span class='ocrx_word' id='word_1_618' title='bbox 3821 2935 4030 2999; x_wconf 79' lang='grc' dir='ltr'>Ἕδειξε</span> 
     </span>
    </p>
   </div>
   <div class='ocr_carea' id='block_1_87' title="bbox 2463 3021 4033 3094">
    <p class='ocr_par' dir='ltr' id='par_1_87' title="bbox 2463 3021 4033 3094">
     <span class='ocr_line' id='line_1_87' title="bbox 2463 3021 4033 3094; baseline -0.004 -13"><span class='ocrx_word' id='word_1_619' title='bbox 2463 3029 2521 3081; x_wconf 84' lang='grc' dir='ltr'>δὲ</span> <span class='ocrx_word' id='word_1_620' title='bbox 2545 3028 2632 3081; x_wconf 77' lang='grc' dir='ltr'>διὰ</span> <span class='ocrx_word' id='word_1_621' title='bbox 2659 3028 2861 3080; x_wconf 82' lang='grc' dir='ltr'>τούτων</span> <span class='ocrx_word' id='word_1_622' title='bbox 2892 3030 2919 3079; x_wconf 87' lang='grc' dir='ltr'>ὁ</span> <span class='ocrx_word' id='word_1_623' title='bbox 2947 3026 3084 3087; x_wconf 85' lang='grc' dir='ltr'>θεῖος</span> <span class='ocrx_word' id='word_1_624' title='bbox 3118 3025 3453 3089; x_wconf 78' lang='grc' dir='ltr'>’Λπόστο&gt;.ος,</span> <span class='ocrx_word' id='word_1_625' title='bbox 3479 3025 3552 3087; x_wconf 84' lang='grc' dir='ltr'>ὡς</span> <span class='ocrx_word' id='word_1_626' title='bbox 3583 3026 3679 3076; x_wconf 75' lang='grc' dir='ltr'>οὐκ</span> <span class='ocrx_word' id='word_1_627' title='bbox 3706 3021 3812 3078; x_wconf 75' lang='grc' dir='ltr'>οἶδε</span> <span class='ocrx_word' id='word_1_628' title='bbox 3840 3025 3937 3094; x_wconf 78' lang='grc' dir='ltr'>τῆς</span> <span class='ocrx_word' id='word_1_629' title='bbox 3963 3023 4033 3087; x_wconf 81' lang='grc' dir='ltr'><strong>ἐξ</strong></span> 
     </span>
    </p>
   </div>
   <div class='ocr_carea' id='block_1_88' title="bbox 2465 3113 4029 3188">
    <p class='ocr_par' dir='ltr' id='par_1_88' title="bbox 2465 3113 4029 3188">
     <span class='ocr_line' id='line_1_88' title="bbox 2465 3113 4029 3188; baseline -0.004 -15"><span class='ocrx_word' id='word_1_630' title='bbox 2465 3117 2536 3175; x_wconf 84' lang='grc' dir='ltr'>οὗ</span> <span class='ocrx_word' id='word_1_631' title='bbox 2568 3121 2661 3173; x_wconf 76' lang='grc' dir='ltr'>καὶ</span> <span class='ocrx_word' id='word_1_632' title='bbox 2687 3120 2781 3188; x_wconf 80' lang='grc' dir='ltr'>τῆς</span> <span class='ocrx_word' id='word_1_633' title='bbox 2807 3118 2880 3170; x_wconf 75' lang='grc' dir='ltr'>δι’</span> <span class='ocrx_word' id='word_1_634' title='bbox 2905 3113 2975 3171; x_wconf 72' lang='grc' dir='ltr'>οὗ</span> <span class='ocrx_word' id='word_1_635' title='bbox 3004 3115 3309 3186; x_wconf 73' lang='grc' dir='ltr'>προθέσεως</span> <span class='ocrx_word' id='word_1_636' title='bbox 3342 3115 3619 3182; x_wconf 50' lang='grc' dir='ltr'>διαρορὰν,</span> <span class='ocrx_word' id='word_1_637' title='bbox 3653 3117 3745 3168; x_wconf 74' lang='grc' dir='ltr'>καὶ</span> <span class='ocrx_word' id='word_1_638' title='bbox 3776 3117 3873 3185; x_wconf 78' lang='grc' dir='ltr'>τὴν</span> <span class='ocrx_word' id='word_1_639' title='bbox 3908 3115 4029 3184; x_wconf 84' lang='grc' dir='ltr'>μὲν,</span> 
     </span>
    </p>
   </div>
   <div class='ocr_carea' id='block_1_89' title="bbox 2467 3204 4026 3277">
    <p class='ocr_par' dir='ltr' id='par_1_89' title="bbox 2467 3204 4026 3277">
     <span class='ocr_line' id='line_1_89' title="bbox 2467 3204 4026 3277; baseline -0.004 -18"><span class='ocrx_word' id='word_1_640' title='bbox 2467 3208 2542 3269; x_wconf 86' lang='grc' dir='ltr'>ὡς</span> <span class='ocrx_word' id='word_1_641' title='bbox 2582 3208 2760 3277; x_wconf 74' lang='grc' dir='ltr'>μεῖζόν</span> <span class='ocrx_word' id='word_1_642' title='bbox 2795 3224 2846 3258; x_wconf 89' lang='grc' dir='ltr'><strong>τι</strong></span> <span class='ocrx_word' id='word_1_643' title='bbox 2877 3207 3260 3274; x_wconf 81' lang='grc' dir='ltr'>σημαίνουσαν,</span> <span class='ocrx_word' id='word_1_644' title='bbox 3298 3206 3675 3275; x_wconf 77' lang='grc' dir='ltr'>προσήκουσαν</span> <span class='ocrx_word' id='word_1_645' title='bbox 3713 3204 3793 3274; x_wconf 83' lang='grc' dir='ltr'>τῷ</span> <span class='ocrx_word' id='word_1_646' title='bbox 3828 3204 4026 3272; x_wconf 76' lang='grc' dir='ltr'>Πατρίο</span> 
     </span>
    </p>
   </div>
   <div class='ocr_carea' id='block_1_90' title="bbox 2465 3294 4031 3370">
    <p class='ocr_par' dir='ltr' id='par_1_90' title="bbox 2465 3294 4031 3370">
     <span class='ocr_line' id='line_1_90' title="bbox 2465 3294 4031 3370; baseline -0.005 -17"><span class='ocrx_word' id='word_1_647' title='bbox 2465 3300 2561 3370; x_wconf 78' lang='grc' dir='ltr'>τὴν</span> <span class='ocrx_word' id='word_1_648' title='bbox 2591 3301 2645 3352; x_wconf 79' lang='grc' dir='ltr'>δὲ</span> <span class='ocrx_word' id='word_1_649' title='bbox 2666 3340 2680 3364; x_wconf 89' lang='grc'><strong>,</strong></span> <span class='ocrx_word' id='word_1_650' title='bbox 2729 3300 2803 3361; x_wconf 81' lang='grc' dir='ltr'><strong>ῶς</strong></span> <span class='ocrx_word' id='word_1_651' title='bbox 2834 3298 3053 3351; x_wconf 71' lang='grc' dir='ltr'>ἔλαττόν</span> <span class='ocrx_word' id='word_1_652' title='bbox 3091 3316 3141 3350; x_wconf 91' lang='grc' dir='ltr'><strong>τι</strong></span> <span class='ocrx_word' id='word_1_653' title='bbox 3173 3297 3547 3357; x_wconf 79' lang='grc' dir='ltr'>διδάσκουσαν,</span> <span class='ocrx_word' id='word_1_654' title='bbox 3597 3296 3965 3366; x_wconf 73' lang='grc' dir='ltr'>ἁρμόττουσαν</span> <span class='ocrx_word' id='word_1_655' title='bbox 3984 3294 4031 3326; x_wconf 83' lang='grc'>⁸³</span> 
     </span>
    </p>
   </div>
   <div class='ocr_carea' id='block_1_91' title="bbox 2465 3388 4024 3461">
    <p class='ocr_par' dir='ltr' id='par_1_91' title="bbox 2465 3388 4024 3461">
     <span class='ocr_line' id='line_1_91' title="bbox 2465 3388 4024 3461; baseline -0.002 -17"><span class='ocrx_word' id='word_1_656' title='bbox 2465 3391 2541 3461; x_wconf 83' lang='grc' dir='ltr'>τῷ</span> <span class='ocrx_word' id='word_1_657' title='bbox 2573 3392 2704 3460; x_wconf 63' lang='lat' dir='ltr'><strong>mp.</strong></span> <span class='ocrx_word' id='word_1_658' title='bbox 2746 3390 3085 3460; x_wconf 74' lang='grc' dir='ltr'>Ἀμφοτέρας</span> <span class='ocrx_word' id='word_1_659' title='bbox 3125 3391 3232 3458; x_wconf 83' lang='grc' dir='ltr'>γὰρ</span> <span class='ocrx_word' id='word_1_660' title='bbox 3276 3389 3357 3456; x_wconf 75' lang='grc' dir='ltr'><strong>ἐφ’</strong></span> <span class='ocrx_word' id='word_1_661' title='bbox 3386 3388 3501 3450; x_wconf 82' lang='grc' dir='ltr'>ἐνὸς</span> <span class='ocrx_word' id='word_1_662' title='bbox 3534 3390 3823 3457; x_wconf 79' lang='grc' dir='ltr'>προσώπου</span> <span class='ocrx_word' id='word_1_663' title='bbox 3855 3388 4024 3441; x_wconf 83' lang='grc' dir='ltr'>τέθει-</span> 
     </span>
    </p>
   </div>
   <div class='ocr_carea' id='block_1_92' title="bbox 2466 3478 4030 3552">
    <p class='ocr_par' dir='ltr' id='par_1_92' title="bbox 2466 3478 4030 3552">
     <span class='ocr_line' id='line_1_92' title="bbox 2466 3478 4030 3552; baseline -0.003 -17"><span class='ocrx_word' id='word_1_664' title='bbox 2466 3502 2579 3536; x_wconf 84' lang='grc' dir='ltr'>κεν.</span> <span class='ocrx_word' id='word_1_665' title='bbox 2640 3485 2813 3552; x_wconf 82' lang='grc' dir='ltr'>Ὅπερ</span> <span class='ocrx_word' id='word_1_666' title='bbox 2860 3482 2968 3533; x_wconf 76' lang='grc' dir='ltr'>εἴτε</span> <span class='ocrx_word' id='word_1_667' title='bbox 3017 3483 3110 3535; x_wconf 86' lang='grc' dir='ltr'><strong>τοῦ</strong></span> <span class='ocrx_word' id='word_1_668' title='bbox 3162 3482 3373 3551; x_wconf 85' lang='grc' dir='ltr'>Πατρὸς</span> <span class='ocrx_word' id='word_1_669' title='bbox 3431 3482 3634 3532; x_wconf 76' lang='grc' dir='ltr'>εἴποιεν</span> <span class='ocrx_word' id='word_1_670' title='bbox 3684 3478 3818 3532; x_wconf 75' lang='grc' dir='ltr'>εἶναι</span> <span class='ocrx_word' id='word_1_671' title='bbox 3868 3481 3916 3532; x_wconf 73' lang='grc' dir='ltr'>οἱ</span> <span class='ocrx_word' id='word_1_672' title='bbox 3959 3479 4030 3531; x_wconf 72' lang='grc' dir='ltr'><strong>τὰ</strong></span> 
     </span>
    </p>
   </div>
   <div class='ocr_carea' id='block_1_93' title="bbox 2479 3572 4031 3648">
    <p class='ocr_par' dir='ltr' id='par_1_93' title="bbox 2479 3572 4031 3648">
     <span class='ocr_line' id='line_1_93' title="bbox 2479 3572 4031 3648; baseline -0.005 -17"><span class='ocrx_word' id='word_1_673' title='bbox 2479 3578 2685 3648; x_wconf 82' lang='grc' dir='ltr'>Ἀρείου</span> <span class='ocrx_word' id='word_1_674' title='bbox 2716 3576 3034 3647; x_wconf 81' lang='grc' dir='ltr'>φρονοῦντες</span> <span class='ocrx_word' id='word_1_675' title='bbox 3074 3577 3167 3629; x_wconf 73' lang='grc' dir='ltr'>καὶ</span> <span class='ocrx_word' id='word_1_676' title='bbox 3206 3575 3484 3643; x_wconf 79' lang='grc' dir='ltr'>Εὑνομίου,</span> <span class='ocrx_word' id='word_1_677' title='bbox 3532 3574 3821 3642; x_wconf 76' lang='grc' dir='ltr'>εὑρήσουσι</span> <span class='ocrx_word' id='word_1_678' title='bbox 3862 3575 3926 3640; x_wconf 84' lang='grc' dir='ltr'><strong>τῇ</strong></span> <span class='ocrx_word' id='word_1_679' title='bbox 3961 3572 4031 3635; x_wconf 78' lang='grc' dir='ltr'><strong>ἐξ</strong></span> 
     </span>
    </p>
   </div>
   <div class='ocr_carea' id='block_1_94' title="bbox 2465 3661 4030 3737">
    <p class='ocr_par' dir='ltr' id='par_1_94' title="bbox 2465 3661 4030 3737">
     <span class='ocr_line' id='line_1_94' title="bbox 2465 3661 4030 3737; baseline -0.008 -15"><span class='ocrx_word' id='word_1_680' title='bbox 2465 3666 2536 3724; x_wconf 83' lang='grc' dir='ltr'>οὗ</span> <span class='ocrx_word' id='word_1_681' title='bbox 2586 3671 2679 3721; x_wconf 86' lang='grc' dir='ltr'>καὶ</span> <span class='ocrx_word' id='word_1_682' title='bbox 2723 3668 2820 3737; x_wconf 79' lang='grc' dir='ltr'>τὴν</span> <span class='ocrx_word' id='word_1_683' title='bbox 2870 3667 2941 3718; x_wconf 81' lang='grc' dir='ltr'><strong>δι’</strong></span> <span class='ocrx_word' id='word_1_684' title='bbox 2986 3661 3056 3719; x_wconf 86' lang='grc' dir='ltr'>οὗ</span> <span class='ocrx_word' id='word_1_685' title='bbox 3106 3664 3580 3733; x_wconf 72' lang='grc' dir='ltr'>συζευγνυμένην·</span> <span class='ocrx_word' id='word_1_686' title='bbox 3633 3662 3741 3714; x_wconf 76' lang='grc' dir='ltr'>εἴτε</span> <span class='ocrx_word' id='word_1_687' title='bbox 3797 3662 3872 3731; x_wconf 78' lang='grc' dir='ltr'>τῷ</span> <span class='ocrx_word' id='word_1_688' title='bbox 3916 3661 4030 3729; x_wconf 77' lang='grc' dir='ltr'><strong>Υἱῷ</strong></span> 
     </span>
    </p>
   </div>
   <div class='ocr_carea' id='block_1_95' title="bbox 2466 3744 4026 3830">
    <p class='ocr_par' dir='ltr' id='par_1_95' title="bbox 2466 3744 4026 3830">
     <span class='ocr_line' id='line_1_95' title="bbox 2466 3744 4026 3830; baseline -0.008 -18"><span class='ocrx_word' id='word_1_689' title='bbox 2466 3758 2926 3830; x_wconf 80' lang='grc' dir='ltr'>προσαρμόσαιεν.</span> <span class='ocrx_word' id='word_1_690' title='bbox 2961 3755 3179 3822; x_wconf 56' lang='grc' dir='ltr'>ὄψονται</span> <span class='ocrx_word' id='word_1_691' title='bbox 3227 3756 3294 3821; x_wconf 80' lang='grc' dir='ltr'><strong>τῇ</strong></span> <span class='ocrx_word' id='word_1_692' title='bbox 3343 3752 3417 3803; x_wconf 87' lang='grc' dir='ltr'><strong>δι’</strong></span> <span class='ocrx_word' id='word_1_693' title='bbox 3466 3746 3536 3805; x_wconf 84' lang='grc' dir='ltr'>οὗ</span> <span class='ocrx_word' id='word_1_694' title='bbox 3586 3752 3678 3803; x_wconf 69' lang='grc' dir='ltr'>καὶ</span> <span class='ocrx_word' id='word_1_695' title='bbox 3726 3749 3819 3819; x_wconf 80' lang='grc' dir='ltr'>τὴν</span> <span class='ocrx_word' id='word_1_696' title='bbox 3857 3750 3924 3811; x_wconf 78' lang='grc' dir='ltr'><strong>ἐξ</strong></span> <span class='ocrx_word' id='word_1_697' title='bbox 3955 3744 4026 3801; x_wconf 73' lang='grc' dir='ltr'>οὗ</span> 
     </span>
    </p>
   </div>
   <div class='ocr_carea' id='block_1_96' title="bbox 2467 3838 4027 3917">
    <p class='ocr_par' dir='ltr' id='par_1_96' title="bbox 2467 3838 4027 3917">
     <span class='ocr_line' id='line_1_96' title="bbox 2467 3838 4027 3917; baseline -0.007 -15"><span class='ocrx_word' id='word_1_698' title='bbox 2467 3846 2835 3917; x_wconf 79' lang='grc' dir='ltr'>συνημμένην.</span> <span class='ocrx_word' id='word_1_699' title='bbox 2882 3846 2942 3895; x_wconf 77' lang='grc' dir='ltr'><strong>Εἰ</strong></span> <span class='ocrx_word' id='word_1_700' title='bbox 2974 3843 3031 3894; x_wconf 80' lang='grc' dir='ltr'>δὲ</span> <span class='ocrx_word' id='word_1_701' title='bbox 3064 3843 3095 3911; x_wconf 80' lang='grc' dir='ltr'>ὴ</span> <span class='ocrx_word' id='word_1_702' title='bbox 3132 3842 3229 3910; x_wconf 84' lang='grc' dir='ltr'>μὲν</span> <span class='ocrx_word' id='word_1_703' title='bbox 3262 3841 3330 3904; x_wconf 80' lang='grc' dir='ltr'><strong>ἐξ</strong></span> <span class='ocrx_word' id='word_1_704' title='bbox 3360 3838 3430 3896; x_wconf 84' lang='grc' dir='ltr'>οὗ</span> <span class='ocrx_word' id='word_1_705' title='bbox 3461 3840 3641 3909; x_wconf 72' lang='grc' dir='ltr'>μεῖζόν</span> <span class='ocrx_word' id='word_1_706' title='bbox 3670 3857 3720 3917; x_wconf 83' lang='grc' dir='ltr'><strong>τι</strong></span> <span class='ocrx_word' id='word_1_707' title='bbox 3753 3838 4027 3909; x_wconf 80' lang='grc' dir='ltr'>σημαίνει,</span> 
     </span>
    </p>
   </div>
   <div class='ocr_carea' id='block_1_97' title="bbox 2465 3931 4029 4010">
    <p class='ocr_par' dir='ltr' id='par_1_97' title="bbox 2465 3931 4029 4010">
     <span class='ocr_line' id='line_1_97' title="bbox 2465 3931 4029 4010; baseline -0.007 -18"><span class='ocrx_word' id='word_1_708' title='bbox 2465 3943 2497 4010; x_wconf 82' lang='grc' dir='ltr'>ἡ</span> <span class='ocrx_word' id='word_1_709' title='bbox 2528 3940 2583 3991; x_wconf 74' lang='grc' dir='ltr'>δὲ</span> <span class='ocrx_word' id='word_1_710' title='bbox 2613 3939 2684 3991; x_wconf 83' lang='grc' dir='ltr'>δι’</span> <span class='ocrx_word' id='word_1_711' title='bbox 2715 3933 2785 3990; x_wconf 78' lang='grc' dir='ltr'>οὗ</span> <span class='ocrx_word' id='word_1_712' title='bbox 2806 3936 2866 3988; x_wconf 82' lang='grc' dir='ltr'>τὸ</span> <span class='ocrx_word' id='word_1_713' title='bbox 2888 3936 3126 3999; x_wconf 69' lang='grc' dir='ltr'>ἔλαττον,</span> <span class='ocrx_word' id='word_1_714' title='bbox 3149 3934 3453 4003; x_wconf 71' lang='grc' dir='ltr'>ἀμφότεραι</span> <span class='ocrx_word' id='word_1_715' title='bbox 3482 3932 3537 3983; x_wconf 84' lang='grc' dir='ltr'>δὲ</span> <span class='ocrx_word' id='word_1_716' title='bbox 3564 3931 3646 3999; x_wconf 77' lang='grc' dir='ltr'><strong>ἐφ’</strong></span> <span class='ocrx_word' id='word_1_717' title='bbox 3678 3932 3795 3992; x_wconf 77' lang='grc' dir='ltr'>ἐνὸς</span> <span class='ocrx_word' id='word_1_718' title='bbox 3823 3933 4029 3982; x_wconf 78' lang='grc' dir='ltr'>κεῖνται</span> 
     </span>
    </p>
   </div>
   <div class='ocr_carea' id='block_1_98' title="bbox 2431 4021 4030 4101">
    <p class='ocr_par' dir='ltr' id='par_1_98' title="bbox 2431 4021 4030 4101">
     <span class='ocr_line' id='line_1_98' title="bbox 2431 4021 4030 4101; baseline -0.008 -17"><span class='ocrx_word' id='word_1_719' title='bbox 2431 4056 2434 4059; x_wconf 94' lang='grc'>·</span> <span class='ocrx_word' id='word_1_720' title='bbox 2467 4030 2757 4101; x_wconf 79' lang='grc' dir='ltr'>προσώπου</span> <span class='ocrx_word' id='word_1_721' title='bbox 2776 4027 2842 4058; x_wconf 62' lang='lat'><strong>“-</strong></span> <span class='ocrx_word' id='word_1_722' title='bbox 2874 4028 2901 4078; x_wconf 91' lang='grc' dir='ltr'>ὁ</span> <span class='ocrx_word' id='word_1_723' title='bbox 2921 4026 3081 4088; x_wconf 74' lang='grc' dir='ltr'>αὐτὸς</span> <span class='ocrx_word' id='word_1_724' title='bbox 3097 4025 3202 4093; x_wconf 77' lang='grc' dir='ltr'>ἄρα</span> <span class='ocrx_word' id='word_1_725' title='bbox 3230 4024 3417 4076; x_wconf 77' lang='grc' dir='ltr'>ἑαυτοῦ</span> <span class='ocrx_word' id='word_1_726' title='bbox 3458 4022 3657 4093; x_wconf 73' lang='grc' dir='ltr'>μείζων</span> <span class='ocrx_word' id='word_1_727' title='bbox 3689 4023 3786 4092; x_wconf 85' lang='grc' dir='ltr'>μὲν</span> <span class='ocrx_word' id='word_1_728' title='bbox 3819 4021 3905 4073; x_wconf 76' lang='grc' dir='ltr'>διὰ</span> <span class='ocrx_word' id='word_1_729' title='bbox 3933 4021 4030 4089; x_wconf 69' lang='grc' dir='ltr'>τὴν</span> 
     </span>
    </p>
   </div>
   <div class='ocr_carea' id='block_1_99' title="bbox 2464 4108 4033 4185">
    <p class='ocr_par' dir='ltr' id='par_1_99' title="bbox 2464 4108 4033 4185">
     <span class='ocr_line' id='line_1_99' title="bbox 2464 4108 4033 4185; baseline -0.008 -9"><span class='ocrx_word' id='word_1_730' title='bbox 2464 4122 2533 4185; x_wconf 79' lang='grc' dir='ltr'><strong>ἐξ</strong></span> <span class='ocrx_word' id='word_1_731' title='bbox 2582 4115 2683 4180; x_wconf 83' lang='grc' dir='ltr'>οὗ,</span> <span class='ocrx_word' id='word_1_732' title='bbox 2735 4118 2970 4169; x_wconf 78' lang='grc' dir='ltr'>ἐλάττων</span> <span class='ocrx_word' id='word_1_733' title='bbox 3016 4116 3071 4167; x_wconf 83' lang='grc' dir='ltr'>δὲ</span> <span class='ocrx_word' id='word_1_734' title='bbox 3123 4115 3212 4167; x_wconf 78' lang='grc' dir='ltr'>διὰ</span> <span class='ocrx_word' id='word_1_735' title='bbox 3258 4114 3358 4183; x_wconf 76' lang='grc' dir='ltr'>τῆς</span> <span class='ocrx_word' id='word_1_736' title='bbox 3375 4115 3418 4147; x_wconf 79' lang='grc'><strong>⁸⁸</strong></span> <span class='ocrx_word' id='word_1_737' title='bbox 3459 4114 3531 4166; x_wconf 85' lang='grc' dir='ltr'><strong>δι’</strong></span> <span class='ocrx_word' id='word_1_738' title='bbox 3574 4108 3647 4168; x_wconf 84' lang='grc' dir='ltr'>οὗ</span> <span class='ocrx_word' id='word_1_739' title='bbox 3700 4113 3922 4174; x_wconf 75' lang='grc' dir='ltr'>εἰκότως</span> <span class='ocrx_word' id='word_1_740' title='bbox 3963 4111 4033 4164; x_wconf 86' lang='grc' dir='ltr'>ἂν</span> 
     </span>
    </p>
   </div>
   <div class='ocr_carea' id='block_1_100' title="bbox 2465 4204 4034 4281">
    <p class='ocr_par' dir='ltr' id='par_1_100' title="bbox 2465 4204 4034 4281">
     <span class='ocr_line' id='line_1_100' title="bbox 2465 4204 4034 4281; baseline -0.006 -17"><span class='ocrx_word' id='word_1_741' title='bbox 2465 4211 2630 4281; x_wconf 78' lang='grc' dir='ltr'>νοηθῇ</span> <span class='ocrx_word' id='word_1_742' title='bbox 2647 4210 2713 4264; x_wconf 83' lang='grc'><strong>⁸⁸.</strong></span> <span class='ocrx_word' id='word_1_743' title='bbox 2761 4209 2949 4277; x_wconf 80' lang='grc' dir='ltr'>Ἡμεῖς</span> <span class='ocrx_word' id='word_1_744' title='bbox 2984 4207 3041 4260; x_wconf 79' lang='grc' dir='ltr'>δὲ</span> <span class='ocrx_word' id='word_1_745' title='bbox 3073 4206 3293 4269; x_wconf 80' lang='grc' dir='ltr'>τούτους</span> <span class='ocrx_word' id='word_1_746' title='bbox 3325 4206 3416 4258; x_wconf 68' lang='grc' dir='ltr'><strong>ἐπὶ</strong></span> <span class='ocrx_word' id='word_1_747' title='bbox 3441 4205 3532 4258; x_wconf 86' lang='grc' dir='ltr'><strong>τοῦ</strong></span> <span class='ocrx_word' id='word_1_748' title='bbox 3572 4204 3833 4274; x_wconf 85' lang='grc' dir='ltr'>παρόντος</span> <span class='ocrx_word' id='word_1_749' title='bbox 3863 4220 4034 4255; x_wconf 86' lang='grc' dir='ltr'>κατα-</span> 
     </span>
    </p>
   </div>
   <div class='ocr_carea' id='block_1_101' title="bbox 2465 4295 4033 4369">
    <p class='ocr_par' dir='ltr' id='par_1_101' title="bbox 2465 4295 4033 4369">
     <span class='ocr_line' id='line_1_101' title="bbox 2465 4295 4033 4369; baseline -0.005 -15"><span class='ocrx_word' id='word_1_750' title='bbox 2465 4303 2735 4362; x_wconf 84' lang='grc' dir='ltr'>λιπόντες,</span> <span class='ocrx_word' id='word_1_751' title='bbox 2775 4300 2866 4351; x_wconf 83' lang='grc' dir='ltr'>τὸν</span> <span class='ocrx_word' id='word_1_752' title='bbox 2905 4297 3173 4369; x_wconf 76' lang='grc' dir='ltr'>ἡμέτερον</span> <span class='ocrx_word' id='word_1_753' title='bbox 3216 4296 3553 4367; x_wconf 83' lang='grc' dir='ltr'>Δημιουργόν</span> <span class='ocrx_word' id='word_1_754' title='bbox 3589 4313 3648 4347; x_wconf 83' lang='grc' dir='ltr'><strong>τε</strong></span> <span class='ocrx_word' id='word_1_755' title='bbox 3678 4295 3770 4348; x_wconf 74' lang='grc' dir='ltr'>καὶ</span> <span class='ocrx_word' id='word_1_756' title='bbox 3802 4295 4033 4364; x_wconf 79' lang='grc' dir='ltr'>Σωτῆρα</span> 
     </span>
    </p>
   </div>
   <div class='ocr_carea' id='block_1_102' title="bbox 2464 4384 4034 4461">
    <p class='ocr_par' dir='ltr' id='par_1_102' title="bbox 2464 4384 4034 4461">
     <span class='ocr_line' id='line_1_102' title="bbox 2464 4384 4034 4461; baseline -0.006 -15"><span class='ocrx_word' id='word_1_757' title='bbox 2464 4393 2807 4461; x_wconf 74' lang='grc' dir='ltr'>δοξᾶσωμεν·</span> <span class='ocrx_word' id='word_1_758' title='bbox 2947 4389 3145 4459; x_wconf 81' lang='grc' dir='ltr'>πρέπει</span> <span class='ocrx_word' id='word_1_759' title='bbox 3192 4388 3317 4452; x_wconf 77' lang='grc' dir='ltr'>δόξα</span> <span class='ocrx_word' id='word_1_760' title='bbox 3367 4390 3447 4449; x_wconf 86' lang='grc' dir='ltr'><strong>εἰς</strong></span> <span class='ocrx_word' id='word_1_761' title='bbox 3495 4387 3619 4449; x_wconf 79' lang='grc' dir='ltr'>τοὺς</span> <span class='ocrx_word' id='word_1_762' title='bbox 3671 4386 3869 4449; x_wconf 81' lang='grc' dir='ltr'>αἰῶνας</span> <span class='ocrx_word' id='word_1_763' title='bbox 3919 4384 4034 4438; x_wconf 86' lang='grc' dir='ltr'><strong>τῶν</strong></span> 
     </span>
    </p>
   </div>
   <div class='ocr_carea' id='block_1_103' title="bbox 2465 4481 2933 4551">
    <p class='ocr_par' dir='ltr' id='par_1_103' title="bbox 2465 4481 2933 4551">
     <span class='ocr_line' id='line_1_103' title="bbox 2465 4481 2933 4551; baseline -0.009 -14"><span class='ocrx_word' id='word_1_764' title='bbox 2465 4483 2695 4537; x_wconf 68' lang='grc' dir='ltr'>αἰώνων.</span> <span class='ocrx_word' id='word_1_765' title='bbox 2745 4481 2801 4533; x_wconf 78' lang='grc' dir='ltr'><strong>’Δ</strong></span> <span class='ocrx_word' id='word_1_766' title='bbox 2810 4481 2933 4551; x_wconf 86' lang='grc' dir='ltr'>μήν.</span> 
     </span>
    </p>
   </div>
   <div class='ocr_carea' id='block_1_104' title="bbox 2938 4653 3558 4710">
    <p class='ocr_par' dir='ltr' id='par_1_104' title="bbox 2938 4653 3558 4710">
     <span class='ocr_line' id='line_1_104' title="bbox 2938 4653 3558 4710; baseline -0.005 -3"><span class='ocrx_word' id='word_1_767' title='bbox 2938 4655 3169 4710; x_wconf 82' lang='grc' dir='ltr'><strong>ΤΟΜΟΣ</strong></span> <span class='ocrx_word' id='word_1_768' title='bbox 3206 4653 3558 4707; x_wconf 76' lang='grc' dir='ltr'><strong>ΠΕΜΠΤΟΣ.</strong></span> 
     </span>
    </p>
   </div>
   <div class='ocr_carea' id='block_1_105' title="bbox 2534 4742 4031 4820">
    <p class='ocr_par' dir='ltr' id='par_1_105' title="bbox 2534 4742 4031 4820">
     <span class='ocr_line' id='line_1_105' title="bbox 2534 4742 4031 4820; baseline -0.007 -17"><span class='ocrx_word' id='word_1_769' title='bbox 2534 4750 2605 4803; x_wconf 79' lang='grc' dir='ltr'>Τὸ</span> <span class='ocrx_word' id='word_1_770' title='bbox 2639 4750 2736 4820; x_wconf 82' lang='grc' dir='ltr'>μὲν</span> <span class='ocrx_word' id='word_1_771' title='bbox 2774 4744 3062 4816; x_wconf 70' lang='grc' dir='ltr'>κεφάλαιον</span> <span class='ocrx_word' id='word_1_772' title='bbox 3101 4746 3212 4799; x_wconf 89' lang='grc' dir='ltr'><strong>τῶν</strong></span> <span class='ocrx_word' id='word_1_773' title='bbox 3246 4744 3488 4813; x_wconf 83' lang='grc' dir='ltr'>ἀγαθῶν,</span> <span class='ocrx_word' id='word_1_774' title='bbox 3542 4745 3633 4797; x_wconf 69' lang='grc' dir='ltr'>καὶ</span> <span class='ocrx_word' id='word_1_775' title='bbox 3683 4745 3715 4811; x_wconf 89' lang='grc' dir='ltr'><strong>ή</strong></span> <span class='ocrx_word' id='word_1_776' title='bbox 3754 4742 3955 4814; x_wconf 77' lang='grc' dir='ltr'>κρηπὶς</span> <span class='ocrx_word' id='word_1_777' title='bbox 3996 4744 4031 4812; x_wconf 78' lang='grc' dir='ltr'>ή</span> 
     </span>
    </p>
   </div>
   <div class='ocr_carea' id='block_1_106' title="bbox 2465 4834 4033 4913">
    <p class='ocr_par' dir='ltr' id='par_1_106' title="bbox 2465 4834 4033 4913">
     <span class='ocr_line' id='line_1_106' title="bbox 2465 4834 4033 4913; baseline -0.007 -18"><span class='ocrx_word' id='word_1_778' title='bbox 2465 4843 2689 4913; x_wconf 72' lang='grc' dir='ltr'>ἀληθὴς,</span> <span class='ocrx_word' id='word_1_779' title='bbox 2734 4843 2767 4911; x_wconf 85' lang='grc' dir='ltr'><strong>ὴ</strong></span> <span class='ocrx_word' id='word_1_780' title='bbox 2811 4841 2937 4910; x_wconf 69' lang='grc' dir='ltr'>περὶ</span> <span class='ocrx_word' id='word_1_781' title='bbox 2984 4840 3083 4908; x_wconf 83' lang='grc' dir='ltr'>τῆς</span> <span class='ocrx_word' id='word_1_782' title='bbox 3115 4837 3263 4900; x_wconf 82' lang='grc' dir='ltr'>θείας</span> <span class='ocrx_word' id='word_1_783' title='bbox 3317 4837 3530 4905; x_wconf 84' lang='grc' dir='ltr'>φύσεως</span> <span class='ocrx_word' id='word_1_784' title='bbox 3583 4834 3819 4902; x_wconf 73' lang='grc' dir='ltr'>γνῶσις,</span> <span class='ocrx_word' id='word_1_785' title='bbox 3854 4834 3946 4886; x_wconf 68' lang='grc' dir='ltr'>καὶ</span> <span class='ocrx_word' id='word_1_786' title='bbox 3996 4835 4033 4903; x_wconf 71' lang='grc' dir='ltr'>ἡ</span> 
     </span>
    </p>
   </div>
   <div class='ocr_carea' id='block_1_107' title="bbox 2468 4927 4033 5003">
    <p class='ocr_par' dir='ltr' id='par_1_107' title="bbox 2468 4927 4033 5003">
     <span class='ocr_line' id='line_1_107' title="bbox 2468 4927 4033 5003; baseline -0.006 -17"><span class='ocrx_word' id='word_1_787' title='bbox 2468 4934 2594 5003; x_wconf 77' lang='grc' dir='ltr'>περὶ</span> <span class='ocrx_word' id='word_1_788' title='bbox 2625 4933 2824 5000; x_wconf 76' lang='grc' dir='ltr'>ταύτην</span> <span class='ocrx_word' id='word_1_789' title='bbox 2850 4930 3031 4993; x_wconf 85' lang='grc' dir='ltr'>πίστις</span> <span class='ocrx_word' id='word_1_790' title='bbox 3055 4946 3115 4981; x_wconf 84' lang='grc' dir='ltr'><strong>τε</strong></span> <span class='ocrx_word' id='word_1_791' title='bbox 3139 4930 3233 4982; x_wconf 80' lang='grc' dir='ltr'>καὶ</span> <span class='ocrx_word' id='word_1_792' title='bbox 3257 4928 3511 4991; x_wconf 69' lang='grc' dir='ltr'>διάθεοις.</span> <span class='ocrx_word' id='word_1_793' title='bbox 3546 4928 3721 4997; x_wconf 84' lang='grc' dir='ltr'>Ὅπερ</span> <span class='ocrx_word' id='word_1_794' title='bbox 3742 4927 3848 4997; x_wconf 81' lang='grc' dir='ltr'>γάρ</span> <span class='ocrx_word' id='word_1_795' title='bbox 3882 4927 4033 4977; x_wconf 72' lang='grc' dir='ltr'>ἐστιν</span> 
     </span>
    </p>
   </div>
   <div class='ocr_carea' id='block_1_108' title="bbox 2464 5016 4034 5092">
    <p class='ocr_par' dir='ltr' id='par_1_108' title="bbox 2464 5016 4034 5092">
     <span class='ocr_line' id='line_1_108' title="bbox 2464 5016 4034 5092; baseline -0.007 -15"><span class='ocrx_word' id='word_1_796' title='bbox 2464 5023 2739 5092; x_wconf 84' lang='grc' dir='ltr'>ὀφθαλμὸς</span> <span class='ocrx_word' id='word_1_797' title='bbox 2786 5024 2844 5075; x_wconf 85' lang='grc' dir='ltr'>ὲν</span> <span class='ocrx_word' id='word_1_798' title='bbox 2899 5020 3130 5089; x_wconf 82' lang='grc' dir='ltr'>σώματι,</span> <span class='ocrx_word' id='word_1_799' title='bbox 3180 5018 3338 5072; x_wconf 89' lang='grc' dir='ltr'>τοῦτο</span> <span class='ocrx_word' id='word_1_800' title='bbox 3378 5021 3443 5087; x_wconf 81' lang='grc' dir='ltr'>τῇ</span> <span class='ocrx_word' id='word_1_801' title='bbox 3483 5017 3626 5087; x_wconf 75' lang='grc' dir='ltr'>ψυχῇ</span> <span class='ocrx_word' id='word_1_802' title='bbox 3674 5017 3887 5077; x_wconf 83' lang='grc' dir='ltr'>πίστις,</span> <span class='ocrx_word' id='word_1_803' title='bbox 3934 5016 4034 5068; x_wconf 78' lang='grc' dir='ltr'>καὶ</span> 
     </span>
    </p>
   </div>
   <div class='ocr_carea' id='block_1_109' title="bbox 2463 5108 4033 5183">
    <p class='ocr_par' dir='ltr' id='par_1_109' title="bbox 2463 5108 4033 5183">
     <span class='ocr_line' id='line_1_109' title="bbox 2463 5108 4033 5183; baseline -0.004 -15"><span class='ocrx_word' id='word_1_804' title='bbox 2463 5116 2572 5168; x_wconf 88' lang='grc' dir='ltr'><strong>τῶν</strong></span> <span class='ocrx_word' id='word_1_805' title='bbox 2602 5115 2760 5167; x_wconf 86' lang='grc' dir='ltr'>θείων</span> <span class='ocrx_word' id='word_1_806' title='bbox 2793 5116 2825 5183; x_wconf 83' lang='grc' dir='ltr'>ἡ</span> <span class='ocrx_word' id='word_1_807' title='bbox 2857 5114 3076 5181; x_wconf 88' lang='grc' dir='ltr'>γνῶσις.</span> <span class='ocrx_word' id='word_1_808' title='bbox 3116 5114 3295 5164; x_wconf 84' lang='grc' dir='ltr'>Δεῖται</span> <span class='ocrx_word' id='word_1_809' title='bbox 3332 5110 3388 5162; x_wconf 83' lang='grc' dir='ltr'>δὲ</span> <span class='ocrx_word' id='word_1_810' title='bbox 3417 5111 3563 5178; x_wconf 78' lang='grc' dir='ltr'>ὅμως</span> <span class='ocrx_word' id='word_1_811' title='bbox 3592 5108 3727 5179; x_wconf 77' lang='grc' dir='ltr'>αὕτη</span> <span class='ocrx_word' id='word_1_812' title='bbox 3760 5108 3857 5176; x_wconf 82' lang='grc' dir='ltr'>τῆς</span> <span class='ocrx_word' id='word_1_813' title='bbox 3889 5122 4033 5177; x_wconf 80' lang='grc' dir='ltr'>πρα-</span> 
     </span>
    </p>
   </div>
   <div class='ocr_carea' id='block_1_110' title="bbox 2464 5199 4034 5277">
    <p class='ocr_par' dir='ltr' id='par_1_110' title="bbox 2464 5199 4034 5277">
     <span class='ocr_line' id='line_1_110' title="bbox 2464 5199 4034 5277; baseline -0.006 -18"><span class='ocrx_word' id='word_1_814' title='bbox 2464 5208 2655 5277; x_wconf 83' lang='grc' dir='ltr'>κτικῆς</span> <span class='ocrx_word' id='word_1_815' title='bbox 2700 5206 2928 5275; x_wconf 86' lang='grc' dir='ltr'>ἀρετῆς,</span> <span class='ocrx_word' id='word_1_816' title='bbox 2977 5203 3226 5272; x_wconf 79' lang='grc' dir='ltr'>καθάπερ</span> <span class='ocrx_word' id='word_1_817' title='bbox 3273 5205 3302 5256; x_wconf 85' lang='grc' dir='ltr'><strong>ὁ</strong></span> <span class='ocrx_word' id='word_1_818' title='bbox 3338 5199 3611 5270; x_wconf 70' lang='grc' dir='ltr'>ὀφθαλμὸς</span> <span class='ocrx_word' id='word_1_819' title='bbox 3658 5199 3887 5269; x_wconf 84' lang='grc' dir='ltr'>χειρῶν,</span> <span class='ocrx_word' id='word_1_820' title='bbox 3936 5199 4034 5251; x_wconf 78' lang='grc' dir='ltr'>καὶ</span> 
     </span>
    </p>
   </div>
   <div class='ocr_carea' id='block_1_111' title="bbox 2465 5288 4033 5367">
    <p class='ocr_par' dir='ltr' id='par_1_111' title="bbox 2465 5288 4033 5367">
     <span class='ocr_line' id='line_1_111' title="bbox 2465 5288 4033 5367; baseline -0.005 -16"><span class='ocrx_word' id='word_1_821' title='bbox 2465 5299 2663 5363; x_wconf 85' lang='grc' dir='ltr'>ποδῶν,</span> <span class='ocrx_word' id='word_1_822' title='bbox 2698 5299 2788 5352; x_wconf 77' lang='grc' dir='ltr'>καὶ</span> <span class='ocrx_word' id='word_1_823' title='bbox 2817 5296 2927 5350; x_wconf 89' lang='grc' dir='ltr'><strong>τῶν</strong></span> <span class='ocrx_word' id='word_1_824' title='bbox 2955 5295 3130 5349; x_wconf 79' lang='grc' dir='ltr'>ἄλλων</span> <span class='ocrx_word' id='word_1_825' title='bbox 3170 5294 3372 5367; x_wconf 89' lang='grc' dir='ltr'>μορίων</span> <span class='ocrx_word' id='word_1_826' title='bbox 3404 5293 3497 5346; x_wconf 86' lang='grc' dir='ltr'><strong>τοῦ</strong></span> <span class='ocrx_word' id='word_1_827' title='bbox 3529 5291 3795 5360; x_wconf 85' lang='grc' dir='ltr'>σώματος.</span> <span class='ocrx_word' id='word_1_828' title='bbox 3827 5288 4033 5343; x_wconf 85' lang='grc' dir='ltr'>Τούτου</span> 
     </span>
    </p>
   </div>
   <div class='ocr_carea' id='block_1_112' title="bbox 2463 5379 4032 5459">
    <p class='ocr_par' dir='ltr' id='par_1_112' title="bbox 2463 5379 4032 5459">
     <span class='ocr_line' id='line_1_112' title="bbox 2463 5379 4032 5459; baseline -0.007 -18"><span class='ocrx_word' id='word_1_829' title='bbox 2463 5388 2519 5440; x_wconf 82' lang='grc' dir='ltr'>δὲ</span> <span class='ocrx_word' id='word_1_830' title='bbox 2547 5388 2706 5459; x_wconf 82' lang='grc' dir='ltr'>χάριν</span> <span class='ocrx_word' id='word_1_831' title='bbox 2750 5390 2776 5440; x_wconf 83' lang='grc' dir='ltr'>ὁ</span> <span class='ocrx_word' id='word_1_832' title='bbox 2812 5386 2955 5449; x_wconf 88' lang='grc' dir='ltr'>θεῖος</span> <span class='ocrx_word' id='word_1_833' title='bbox 2991 5384 3311 5446; x_wconf 72' lang='grc' dir='ltr'>’Ᾱπὸστολος</span> <span class='ocrx_word' id='word_1_834' title='bbox 3338 5385 3448 5446; x_wconf 87' lang='grc' dir='ltr'>τοῖς</span> <span class='ocrx_word' id='word_1_835' title='bbox 3476 5381 3819 5451; x_wconf 61' lang='grc' dir='ltr'>δογματικῶς</span> <span class='ocrx_word' id='word_1_836' title='bbox 3851 5379 4032 5446; x_wconf 87' lang='grc' dir='ltr'>λόγοις</span> 
     </span>
    </p>
   </div>
   <div class='ocr_carea' id='block_1_113' title="bbox 2462 5469 4022 5551">
    <p class='ocr_par' dir='ltr' id='par_1_113' title="bbox 2462 5469 4022 5551">
     <span class='ocr_line' id='line_1_113' title="bbox 2462 5469 4022 5551; baseline -0.006 -18"><span class='ocrx_word' id='word_1_837' title='bbox 2462 5481 2557 5533; x_wconf 81' lang='grc' dir='ltr'>καὶ</span> <span class='ocrx_word' id='word_1_838' title='bbox 2589 5482 2688 5551; x_wconf 81' lang='grc' dir='ltr'>τὴν</span> <span class='ocrx_word' id='word_1_839' title='bbox 2712 5480 2912 5549; x_wconf 73' lang='grc' dir='ltr'>ἠθικὴν</span> <span class='ocrx_word' id='word_1_840' title='bbox 2939 5476 3284 5531; x_wconf 79' lang='grc' dir='ltr'>διδασκαλίαν</span> <span class='ocrx_word' id='word_1_841' title='bbox 3311 5474 3680 5545; x_wconf 80' lang='grc' dir='ltr'>προστέθεικε,</span> <span class='ocrx_word' id='word_1_842' title='bbox 3710 5471 3807 5542; x_wconf 81' lang='grc' dir='ltr'>τὴν</span> <span class='ocrx_word' id='word_1_843' title='bbox 3834 5469 4022 5523; x_wconf 75' lang='grc' dir='ltr'>τελεωο</span> 
     </span>
    </p>
   </div>
   <div class='ocr_carea' id='block_1_114' title="bbox 2088 5594 2751 5654">
    <p class='ocr_par' dir='ltr' id='par_1_114' title="bbox 2088 5594 2751 5654">
     <span class='ocr_line' id='line_1_114' title="bbox 2088 5594 2751 5654; baseline 0.012 -10"><span class='ocrx_word' id='word_1_844' title='bbox 2088 5594 2318 5650; x_wconf 61' lang='lat' dir='ltr'><strong>VARle</strong></span> <span class='ocrx_word' id='word_1_845' title='bbox 2359 5598 2751 5654; x_wconf 79' lang='lat' dir='ltr'><strong>LECTIONES.</strong></span> 
     </span>
    </p>
   </div>
   <div class='ocr_carea' id='block_1_115' title="bbox 877 5675 4030 5759">
    <p class='ocr_par' dir='ltr' id='par_1_115' title="bbox 877 5675 4030 5759">
     <span class='ocr_line' id='line_1_115' title="bbox 877 5675 4030 5759; baseline 0 -27"><span class='ocrx_word' id='word_1_846' title='bbox 877 5675 1026 5759; x_wconf 49' lang='grc' dir='ltr'>ξ’καὶ</span> <span class='ocrx_word' id='word_1_847' title='bbox 1073 5682 1265 5759; x_wconf 49' lang='lat' dir='ltr'><strong>avlai:</strong></span> <span class='ocrx_word' id='word_1_848' title='bbox 1316 5681 1460 5759; x_wconf 60' lang='grc' dir='ltr'>αῦτῷ</span> <span class='ocrx_word' id='word_1_849' title='bbox 1499 5680 1875 5737; x_wconf 76' lang='lat' dir='ltr'><strong>desiderantur</strong></span> <span class='ocrx_word' id='word_1_850' title='bbox 1907 5685 1959 5737; x_wconf 86' lang='lat' dir='ltr'><strong>in</strong></span> <span class='ocrx_word' id='word_1_851' title='bbox 1995 5687 2057 5736; x_wconf 82' lang='grc' dir='ltr'><strong>Λ.</strong></span> <span class='ocrx_word' id='word_1_852' title='bbox 2134 5686 2177 5716; x_wconf 75' lang='grc'><strong>⁸³</strong></span> <span class='ocrx_word' id='word_1_853' title='bbox 2203 5687 2240 5737; x_wconf 71' lang='grc' dir='ltr'>Ᾱ</span> <span class='ocrx_word' id='word_1_854' title='bbox 2281 5688 2680 5756; x_wconf 81' lang='grc' dir='ltr'>προσήκουσαν.</span> <span class='ocrx_word' id='word_1_855' title='bbox 2754 5690 2799 5721; x_wconf 63' lang='grc'><strong>⁸³</strong></span> <span class='ocrx_word' id='word_1_856' title='bbox 2832 5690 2872 5742; x_wconf 78' lang='grc' dir='ltr'>Α</span> <span class='ocrx_word' id='word_1_857' title='bbox 2905 5688 3192 5759; x_wconf 75' lang='grc' dir='ltr'>ἀμφότερα</span> <span class='ocrx_word' id='word_1_858' title='bbox 3228 5686 3272 5739; x_wconf 87' lang='grc' dir='ltr'><strong>ὃ.</strong></span> <span class='ocrx_word' id='word_1_859' title='bbox 3306 5686 3392 5753; x_wconf 69' lang='grc' dir='ltr'><strong>ἐφ’</strong></span> <span class='ocrx_word' id='word_1_860' title='bbox 3430 5686 3505 5738; x_wconf 74' lang='grc' dir='ltr'><strong>ἐν.</strong></span> <span class='ocrx_word' id='word_1_861' title='bbox 3550 5684 3724 5735; x_wconf 82' lang='grc' dir='ltr'>κεῖται</span> <span class='ocrx_word' id='word_1_862' title='bbox 3777 5680 4030 5752; x_wconf 77' lang='grc' dir='ltr'>προσὼπ.</span> 
     </span>
    </p>
   </div>
   <div class='ocr_carea' id='block_1_116' title="bbox 802 5748 1502 5820">
    <p class='ocr_par' dir='ltr' id='par_1_116' title="bbox 802 5748 1502 5820">
     <span class='ocr_line' id='line_1_116' title="bbox 802 5748 1502 5820; baseline 0.007 -23"><span class='ocrx_word' id='word_1_863' title='bbox 802 5748 843 5773; x_wconf 65' lang='grc'><strong>*⁸</strong></span> <span class='ocrx_word' id='word_1_864' title='bbox 873 5749 915 5797; x_wconf 81' lang='grc' dir='ltr'>Α</span> <span class='ocrx_word' id='word_1_865' title='bbox 943 5751 1053 5818; x_wconf 74' lang='grc' dir='ltr'>τήν.</span> <span class='ocrx_word' id='word_1_866' title='bbox 1127 5751 1171 5777; x_wconf 71' lang='grc'>⁸⁸</span> <span class='ocrx_word' id='word_1_867' title='bbox 1206 5752 1245 5801; x_wconf 75' lang='grc' dir='ltr'><strong>Α</strong></span> <span class='ocrx_word' id='word_1_868' title='bbox 1268 5750 1502 5820; x_wconf 74' lang='grc' dir='ltr'>νοηθείη.</span> 
     </span>
    </p>
   </div>
  </div>
