4210 6438
743 312 842 380 187

1652 322 2141 383 ΤΙΙΕΟΒΟΒΕΤΙ
2207 323 2544 384 EPISCOPI
2583 326 2959 386 GYRENSIS'

3877 331 3981 394 188

742 431 865 483 llzec
890 430 1032 484 enim
1066 430 1202 485 dixit
1225 432 1333 485 Deo
1358 431 1591 499 placere.
1627 432 1791 488 Docet
1825 442 2008 489 autem
2042 447 2295 513 quamam

2407 434 2634 504 κρείττω
2654 436 2722 489 ⁸⁸.
2756 436 2941 490 Ταῦτα
2998 438 3105 509 γάρ
3142 438 3245 509 ἔφη
3301 440 3389 493 τὸν
3441 440 3572 494 Θεὸν
3630 441 3973 511 θεραπεύειν.

736 537 796 575 ea
838 520 948 574 sint
985 536 999 573 :
1032 528 1087 577 et
1141 530 1267 575 ante
1318 520 1426 573 alia
1458 523 1640 575 omnia
1694 520 1894 577 fastum
1934 512 2297 589 exterminat,

733 623 787 667 ct
817 615 1183 669 humilitatem
1218 614 1485 684 praecipit.

806 793 970 849 Vens.
1009 795 1063 848 5.
1102 794 1230 849 Dico
1259 798 1431 858 enim,
1477 795 1690 864 inquit,
1742 812 1832 864 per
1864 798 2095 864 gratiam
2124 835 2140 860 ,
2181 813 2301 866 qua

733 886 860 938 data
907 893 985 939 est
1038 888 1185 951 mihi,
1220 886 1457 939 omnibus
1490 888 1580 956 qui
1627 895 1749 939 sunt
1794 886 1932 939 inter
1986 902 2074 940 vos
2114 900 2132 938 :
2195 903 2300 940 non

712 993 919 1045 sapere
967 979 1084 1045 plus
1138 995 1296 1048 quam
1350 986 1551 1045 oportet
1608 994 1821 1047 sapere,
1884 979 1973 1033 sed
2024 993 2203 1046 sapere
2232 978 2301 1032 ad

735 1071 1090 1123 sobrietatem.
1135 1068 1213 1122 Ac
1252 1083 1319 1122 ne
1364 1070 1465 1122 ista
1499 1067 1719 1137 quidem
1774 1069 1894 1137 ipse
1948 1084 2007 1123 se
2056 1077 2302 1125 statuere

736 1161 831 1221 ait,
868 1159 960 1212 sed
1009 1173 1105 1228 per
1140 1160 1316 1228 ipsum
1353 1161 1585 1229 gratiam
1624 1157 1887 1227 Spiritus.
1932 1158 2083 1216 Illius
2126 1162 2296 1226 enim,

736 1249 934 1317 inquit,
992 1264 1110 1303 sum
1168 1238 1620 1305 instrumentum.
1680 1250 2041 1304 Sobrietatem
2117 1258 2298 1305 autem

736 1340 840 1393 hoc
875 1341 996 1395 loco
1028 1342 1226 1397 mentis
1261 1341 1549 1396 sanitatem
1599 1342 1925 1411 appellavit,
1972 1341 2185 1397 docens
2210 1359 2303 1397 su-

734 1437 979 1506 perbi'am
1016 1450 1137 1489 esse
1170 1434 1417 1487 morbum
1473 1434 1697 1487 mentis.
1744 1432 1915 1486 Suum
1960 1448 2153 1503 nempe
2196 1434 2301 1486 Do-

737 1527 944 1579 minum
998 1534 1083 1578 est
1140 1524 1407 1577 imitatus.
1482 1521 1746 1575 Dominus
1809 1522 1952 1575 enim
2006 1523 2060 1574 in
2123 1520 2301 1576 sacris

736 1615 1047 1685 Evangeliis
1096 1628 1191 1667 eos
1236 1615 1326 1682 qui
1386 1608 1535 1680 131
1596 1612 1958 1667 humilitatem
2017 1614 2302 1682 possident

737 1709 925 1762 beatos
959 1707 1163 1774 primos
1193 1704 1596 1773 pronuntiavit.
1633 1720 1651 1753 ι
1683 1703 1870 1768 Beati,
1917 1704 2135 1772 inquit,
2169 1719 2305 1773 pau-l

2404 523 2655 578 Διδάσκει
2704 524 2761 578 δὲ
2818 526 2912 579 καὶ
2964 527 3087 580 τίνα
3136 526 3338 582 ταῦτα’
3375 531 3470 582 καὶ
3516 530 3621 601 πρὸ
3657 530 3767 585 τῶν
3804 535 3976 589 ἄλλων

2405 614 2661 667 ἁπάντων
2694 615 2927 685 ἐξορίζει
2949 616 3043 670 τὸν
3070 616 3269 686 τῦφον,
3300 618 3392 671 καὶ
3420 619 3516 690 τὴν
3548 624 3978 692 ταπεινοφροσὺ-

2404 706 2502 774 νην
2528 703 2821 773 νομοθετεῖ.

2474 801 2543 862 γ’.
2574 795 2738 864 Λέγω
2760 797 2892 864 τὰρ,
2928 799 3083 867 φησι,
3112 799 3211 853 διὰ
3249 798 3362 866 τῆς
3387 798 3627 868 χάριτος
3653 800 3763 869 τῆς
3786 802 3978 857 δοθεί-

2403 900 2523 952 σης
2544 901 2663 953 μοι,
2695 887 2874 939 παντί
2897 886 2978 952 τῷ
3002 887 3127 941 ὄντι
3168 889 3238 941 ἐν
3264 889 3426 957 ὑμῖν,
3452 888 3538 957 μὴ
3582 890 3977 959 ὑπερφρονεῖν

2403 978 2542 1043 παρ’
2572 975 2604 1028 ὃ
2638 974 2734 1028 δεῖ
2752 978 3017 1045 φρονεῖν,
3047 979 3205 1033 ἀλλὰ
3242 980 3487 1047 φρονεῖν
3523 983 3611 1046 εις
3642 980 3709 1033 τὸ
3741 998 3975 1050 aa)ng-

2402 1064 2551 1120 νεῖν.
2583 1067 2690 1119 Kal
2737 1068 2858 1121 οὐδὲ
2892 1068 3055 1131 αὐτὸς
3088 1068 3261 1120 ταῦτα
3288 1067 3434 1135 λέγει
3469 1069 3804 1141 νομοθετεῖν.
3839 1070 3975 1123 ἀλλὰ

2404 1156 2667 1237 δι”αὺτοῦ
2696 1157 2794 1227 τὴν
2832 1159 2991 1230 χάριν
3032 1160 3128 1212 τοῦ
3154 1161 3490 1230 Πνεῦματος.
3531 1162 3801 1229 Ὄργανον
3842 1162 3972 1232 γὰρ,

2404 1247 2587 1316 φησὶν,
2609 1248 2821 1318 ἐκείνης
2844 1248 2977 1315 ἐγώ.
3014 1250 3372 1319 Σωφροσύνην
3391 1251 3448 1302 δὲ
3483 1250 3720 1304 ἐνταῦθα
3743 1251 3840 1320 τὴν
3865 1252 3976 1304 τῶν

2403 1338 2613 1405 φρενῶν
2640 1339 2828 1405 ὑγείαν
2848 1338 3096 1401 ἐκάλεσε,
3123 1340 3388 1393 διδάσκων
3414 1341 3492 1403 ὼς
3514 1342 3545 1409 ἡ
3590 1343 3692 1394 {me
3704 1342 3973 1410 ρηφάνεια

2402 1426 2554 1489 νόσος
2580 1428 2810 1498 φρενῶν.
2838 1429 2942 1481 Τὸν
2968 1430 3167 1481 οἰκεῖον
3197 1430 3378 1498 μέντοι
3400 1432 3675 1501 Δεσσπότην
3709 1432 3971 1501 ἐζήλωσε.

2402 1516 2514 1570 Kal
2541 1518 2650 1587 γὰρ
2676 1522 2703 1570 ὁ
2732 1518 2933 1588 Κύριος
2985 1520 3043 1572 ἐν
3093 1523 3205 1582 τοῖς
3260 1522 3423 1588 ἱεροῖς
3472 1520 3823 1589 Εὐαγγελίοις
3851 1522 3977 1582 τοὺς

2401 1608 2500 1679 τὴν
2533 1610 3031 1680 ταπεινοφροσύνην
3075 1611 3448 1680 κεκτημένους
3493 1613 3798 1683 ἐμακάρισε
3829 1612 3979 1682 πρὼ-

2404 1717 2549 1763 τους.
2575 1719 2593 1750 ι
2623 1702 2898 1770 Μακάριοι
2923 1702 3051 1772 γὰρ,
3078 1703 3263 1772 φησὶν,
3286 1703 3335 1755 oi
3364 1706 3568 1772 πτωχοὶ
3592 1703 3667 1772 τῷ
3689 1703 3976 1771 πνεύματι,

738 1815 899 1869 pares
949 1798 1190 1871 spiritu;
1238 1796 1484 1864 ipsorum
1519 1795 1664 1849 enim
1708 1804 1796 1849 cst
1850 1811 2078 1864 regnum
2127 1796 2298 1850 caelo-

2407 1791 2487 1842 ὃτι
2509 1793 2689 1843 αὐτῶν
2725 1796 2871 1846 ἐστιν
2896 1795 2929 1863 ἡ
2960 1792 3207 1863 βασιλεία
3248 1793 3357 1845 τῶν
3388 1793 3655 1864 οὐρανῶν.
3700 1815 3716 1846 ι
3753 1796 3895 1847 Ilio:
3922 1794 3978 1847 δὲ

740 1906 934 1943 rum-.
973 1908 988 1937 ι
1022 1886 1291 1942 Omnibus
1320 1894 1497 1940 autem
1540 1887 1681 1940 hanc
1723 1886 1891 1954 legem
1942 1887 2203 1954 imponit,
2247 1894 2301 1940 et

739 1980 1002 2035 divitibus
1043 1988 1099 2033 et
1147 1979 1497 2047 pauperibus,
1538 1984 1592 2030 ct
1639 1978 1816 2031 servis
1851 1984 1903 2030 et
1936 1974 2305 2040 dominis,-et

740 2077 873 2127 viris
902 2080 954 2125 ct
987 2070 1328 2124 mulieribus.
1368 2067 1483 2123 Hoc
1521 2069 1665 2121 cnim
1696 2067 1969 2136 signiﬁcat
2000 2084 2013 2120 :
2045 2065 2302 2122 Omnibus

740 2169 875 2218 inter
915 2179 1020 2216 eos.
1060 2160 1227 2214 Docet
1252 2161 1413 2213 etiam
1452 2172 1788 2217 mensuram,
1828 2156 1894 2209 ad
1939 2171 2100 2225 quam
2132 2173 2306 2225 usque

741 2260 808 2310 de
841 2273 897 2311 se
929 2255 1132 2310 sentire
1163 2260 1402 2324 oportet.
1444 2250 1733 2321 Unicuique
1775 2251 1910 2304 sicut
1946 2251 2086 2303 Deus
2124 2251 2306 2304 divisit

745 2362 1041 2402 mensuram
1068 2345 1211 2414 ﬁdei.
1244 2343 1483 2398 Gratiam
1515 2343 1618 2396 hoc
1644 2342 1697 2394 in
1738 2341 1857 2395 loco
1882 2341 2095 2395 vocavit
2124 2341 2304 2395 tidem.

745 2439 849 2493 Per
882 2438 1038 2492 ﬁdem
1071 2439 1215 2492 enim
1249 2436 1409 2489 datur
1439 2435 1638 2503 gratia,
1665 2441 1719 2486 et
1750 2448 1855 2502 pro
1886 2448 2140 2487 mensura
2185 2432 2307 2486 ﬁdei

745 2532 885 2584 dona
928 2529 1117 2600 gratia:
1169 2527 1611 2596 suppeditantur.
1660 2524 1821 2579 lubet
1879 2533 2060 2579 autem
2113 2525 2314 2578 anima:

746 2624 810 2677 de
846 2638 905 2676 se
937 2621 1266 2677 sententiam
1299 2636 1363 2673 ex
1398 2620 1597 2673 donata
1630 2619 1800 2687 gratia
1836 2617 2037 2671 metiri.

817 2716 982 2769 Vens.
1012 2714 1063 2778 4,
1099 2714 1149 2767 5.
1180 2709 1322 2764 Sicut
1349 2712 1484 2763 enim
1513 2711 1565 2760 in
1591 2725 1691 2761 uno
1722 2724 1935 2775 corpore
1961 2705 2128 2757 multa
2157 2720 2311 2757 mem-

748 2809 842 2861 bra
874 2807 1154 2866 habemus,
1201 2803 1377 2854 omnia
1410 2810 1580 2853 autem
1635 2798 1867 2851 membra
1920 2814 2022 2850 nou
2077 2796 2312 2850 eumdem

748 2909 924 2954 actum
954 2896 1141 2949 habent
1171 2911 1187 2947 :
1214 2895 1292 2945 ita
1333 2893 1493 2947 etiam
1536 2891 1688 2943 multi
1718 2906 1878 2942 unum
1911 2906 2099 2956 corpus
2131 2906 2332 2941 sumus.

748 2993 802 3043 in
831 2989 1081 3053 Christo,
1140 2985 1334 3055 singuli
1380 2992 1554 3037 autem
1605 2983 1739 3036 alter
1798 2983 2020 3035 alterius
2058 2980 2313 3034 membra.

749 3082 1011 3151 Apposita
1045 3078 1351 3134 similitudo
1386 3077 1650 3129 doctrinae
1711 3075 1778 3128 de
1827 3074 2118 3127 cbaritate.
2171 3072 2319 3126 Una-

750 3190 981 3243 quaeque
1005 3174 1149 3228 enim
1177 3187 1302 3241 pars
1336 3169 1591 3236 corporis
1623 3183 1730 3221 non
1757 3178 1843 3221 cst
1873 3166 1977 3221 sibi
2006 3166 2181 3219 solum
2215 3164 2321 3218 uti-

752 3265 822 3318 lis
846 3303 859 3325 .
897 3262 989 3317 scd
1037 3261 1092 3314 in
1130 3275 1423 3314 commune
1479 3257 1632 3311 alien
1668 3258 1957 3310 utilitatem
1993 3275 2005 3310 :
2043 3258 2117 3309 ita
2157 3257 2318 3309 etiam

752 3354 1007 3409 convenit
1050 3368 1174 3408 eum
1229 3351 1320 3420 qui
1381 3351 1619 3419 aliquam
1677 3349 1908 3418 gratiam
1952 3347 2187 3413 desuper
2232 3361 2323 3399 ac-

753 3448 921 3516 cepit,
945 3453 1096 3500 certo
1128 3446 1271 3498 scire
1305 3458 1363 3497 se
1390 3443 1491 3495 hoc
1516 3442 1717 3494 donum
1743 3440 2051 3494 communis
2071 3437 2323 3492 utilitatis

756 3539 929 3607 gratia
965 3538 1271 3605 accepisse.
1320 3534 1538 3603 Corpus
1594 3534 1738 3587 enim
1784 3547 1953 3585 unum
2005 3539 2134 3584 sunt
2161 3531 2195 3583 ii
2230 3530 2322 3602 qui

756 3630 1124 3689 crediderunt,
1153 3628 1385 3682 membri
1408 3634 1587 3680 autem
1613 3640 1772 3679 usum
1809 3623 2191 3693 unusquisque
2228 3638 2326 3677 no-

760 3731 930 3789 strum
959 3728 1201 3790 praestat.

830 3812 996 3867 Vens.
1033 3812 1084 3866 6.
1139 3811 1399 3864 [labentes
1452 3817 1627 3861 autem
1686 3806 1995 3861 donationes
2042 3805 2325 3858 secundum

758 3906 1007 3975 gratiam,
1039 3920 1153 3971 qua!
1182 3902 1309 3953 data
1340 3910 1417 3954 est
1453 3901 1622 3961 nobis,
1653 3899 1972 3967 differentes.
2012 3898 2089 3965 Ita
2122 3904 2208 3959 est
2243 3898 2326 3950 in-

763 3990 1112 4061 telligendum
1146 4007 1159 4042 :
1196 3990 1351 4043 Alter
1385 3989 1611 4043 alterius
1662 3988 1907 4041 membra
1956 4002 2170 4049 sumus,
2219 3988 2329 4039 ba—

764 4084 951 4137 loentcs
998 4080 1323 4134 donationes
1351 4118 1365 4141 ,
1417 4077 1720 4133 secundum
1752 4076 1988 4147 gratiam
2028 4091 2153 4146 quae
2202 4075 2327 4129 data

763 4183 845 4229 est
876 4173 1056 4234 nobis,
1087 4172 1425 4225 differentes.
1455 4170 1610 4223 Licet
1643 4168 1787 4222 enim
1826 4168 1935 4221 sint
1965 4167 2048 4220 ha:
2073 4165 2329 4220 diﬂ‘eren-

765 4280 868 4331 tes,
900 4267 965 4319 ad
989 4281 1335 4319 communem
1360 4275 1540 4318 tamen
1570 4263 1864 4316 utilitatem
1892 4276 1921 4313 a
1947 4260 2133 4315 divina
2155 4259 2327 4329 gratia

766 4356 987 4411 fuerunt
1014 4357 1394 4424 suppeditatur.

835 4447 952 4501 Sive
975 4448 1298 4515 prophetiam
1317 4445 1598 4501 secundum
1612 4447 1868 4498 rationem
1887 4444 2028 4513 ﬁdei,
2046 4442 2233 4509 (Vens.
2253 4442 2330 4513 '7.)
2366 4470 2408 4524 υ

766 4541 872 4594 sive
900 4539 1249 4593 ministerium
1286 4539 1336 4590 in
1384 4538 1733 4590 ministrando
1757 4578 1770 4596 ,
1816 4536 2046 4604 sive‘qui
2079 4533 2229 4586 docet
2276 4535 2332 4585 iu

767 4629 1040 4691 doctrina,
1074 4631 1176 4682 sive
1207 4629 1363 4697 132
1397 4629 1485 4697 qui
1513 4628 1826 4680 exhortatur
1870 4628 1924 4678 iu
1978 4624 2331 4678 exhortando.

768 4719 873 4773 Pro
900 4720 1335 4788 uniuscujusque
1368 4720 1473 4773 iide
1518 4720 1752 4788 gratiam
1803 4717 2030 4770 metitur
2064 4714 2331 4768 bonorum

770 4809 1014 4877 largitor.
1050 4808 1300 4877 Appellat
1349 4816 1530 4861 autem
1585 4807 1952 4875 prophetiam,
2006 4820 2113 4857 non
2155 4805 2332 4859 solum

770 4916 960 4953 eorum
996 4915 1113 4967 qua:
1143 4899 1327 4953 futura
1362 4908 1490 4952 sunt
1528 4898 1945 4967 praescientiam,
1997 4896 2092 4949 sed
2143 4910 2333 4949 eorum

772 4991 936 5042 etiam
961 5005 1081 5058 qua:
1109 4997 1240 5043 sunt
1272 4991 1489 5043 occulta
1524 4990 1927 5058 cognitionem;
1985 4987 2336 5039 ministerium

775 5073 989 5140 autem,
1027 5077 1353 5145 prmdicandi
1388 5093 1619 5143 munus;
1666 5076 1986 5142 doctrinam,
2026 5077 2333 5130 divinorum

775 5164 1087 5233 doginatum
1120 5166 1504 5239 disciplinam;
1552 5168 1985 5227 exhortationem.
2025 5167 2335 5222 suasionem

851 5347 889 5369 "
930 5339 1119 5397 Matth.
1151 5360 1203 5411 v,
1235 5344 1291 5397 5.

2408 1885 2578 1938 ταῦτα
2606 1886 2905 1955 νομοθετεῖ,
2933 1889 3027 1939 καὶ
3069 1888 3346 1951 πλουσίοις
3370 1890 3462 1942 καὶ
3492 1890 3711 1960 πένησι,
3746 1892 3837 1944 καὶ
3859 1892 3980 1943 δού-

2408 1978 2520 2042 λοις
2549 1981 2642 2032 καὶ
2673 1979 2979 2043 δεσπόταις,
3018 1981 3113 2033 καὶ
3161 1981 3386 2051 ἀνδράσι
3421 1982 3513 2035 καὶ
3555 1976 3787 2050 γυναιξί.
3811 1983 3983 2038 Τοῦτο

2409 2071 2518 2141 γὰρ
2549 2070 2699 2139 δηλοῖ
2727 2070 2806 2132 τὸ,
2838 2070 3016 2123 παντὶ
3057 2071 3137 2135 τῷ
3168 2071 3294 2124 ὄντι
3315 2071 3385 2123 ἐν
3405 2070 3565 2139 ὑμῖν.
3592 2072 3783 2124 Δίδωσι
3806 2071 3862 2124 δὲ
3889 2072 3984 2123 καὶ

2411 2162 2479 2215 τὰ
2526 2163 2621 2214 τοῦ
2674 2163 3020 2233 φρονήματος
3067 2162 3265 2233 μέτρα.
3327 2162 3595 2229 Ἐκάστῳ
3635 2164 3714 2228 ὡς
3765 2164 3798 2216 ὁ
3841 2162 3985 2229 Θεὸς

2413 2254 2649 2324 ἐμέρισε
2674 2254 2894 2323 μέτρον
2914 2255 3191 2319 πίστεως.
3216 2255 3327 2325 Τὴν
3353 2255 3513 2324 χάριν
3544 2254 3777 2308 ἐνταῦθα
3804 2254 4001 2308 πίστιν-

2414 2345 2661 2399 ὲκὰλεσε.
2686 2345 2783 2398 Διὰ
2816 2345 2925 2416 γὰρ
2965 2346 3201 2408 πίστεως
3230 2348 3263 2414 ἡ
3297 2347 3398 2415 τῆς
3438 2346 3659 2417 χάριτος
3686 2345 3851 2407 δόσις,
3894 2345 3987 2397 καὶ

2417 2438 2552 2509 πρὸς
2600 2438 2661 2491 τὸ
2690 2437 2897 2508 μέτρον
2955 2438 3057 2502 τῆς
3111 2438 3347 2500 πίστεως
3396 2441 3711 2508 χορηγείται
3744 2436 3810 2491 τὰ
3838 2436 3989 2508 δῶρι

2417 2531 2513 2599 τῆς
2550 2529 2787 2599 χάριτος.
2825 2524 3065 2582 ’Κελεὺει
3093 2530 3148 2581 δὲ
3178 2532 3244 2599 τῇ
3296 2527 3506 2599 δοθείσῃ
3550 2529 3727 2598 χάριτι
3768 2532 3985 2599 μετρεῖν

2417 2620 2478 2672 τὸ
2501 2621 2754 2691 φρόνημα
2785 2620 2882 2687 τῆς
2913 2620 3111 2689 ψυχῆς.

2491 2711 2552 2775 δ’,
2579 2718 2639 2763 ε’.
2667 2710 2942 2775 Καθάπερ
2981 2710 3091 2777 γὰρ
3118 2711 3186 2762 ἐν
3221 2710 3312 2763 ἑνὶ
3350 2709 3574 2778 σώματι
3606 2709 3804 2764 πολλὰ
3830 2710 3986 2779 μέλη

2422 2803 2660 2871 ἔχομεν,
2686 2801 2759 2854 τὰ
2814 2801 2877 2853 δὲ
2924 2802 3079 2870 μέλη
3117 2801 3314 2855 πάντα
3352 2803 3424 2854 οὐ
3486 2800 3601 2867 τὴν
3638 2801 3833 2867 αὐτὴν
3862 2800 3989 2870 ἔχει

2424 2894 2642 2963 πρᾶξιν
2675 2912 2688 2925 ·
2724 2895 2908 2958 οὕτως
2960 2897 3015 2946 οί
3067 2893 3282 2950 πολλοὶ
3341 2892 3411 2945 ἓν
3456 2892 3628 2959 σῶμα
3678 2892 3866 2961 ἐσμεν
3920 2892 3992 2944 ἐν

2424 2983 2677 3050 Χριστῷ,
2704 2987 2736 3036 d
2758 2982 2827 3035 δὲ
2863 2986 2991 3035 καθ’
3017 2978 3107 3047 εἷς
3139 2982 3428 3048 ἀλλήλων
3448 2982 3627 3051 μέλη.
3674 2982 3991 3053 Πρόσφορος

2429 3077 2461 3145 ἡ
2479 3074 2641 3127 εἰκὼν
2669 3077 2734 3144 τῇ
2761 3093 2824 3127 πε
2834 3075 2885 3143 pl
2906 3076 3002 3143 τῆς
3022 3074 3239 3143 ἀγάπης
3260 3073 3591 3144 διδασκαλίᾳ.
3612 3072 3720 3126 Kal
3743 3074 3849 3143 γὰρ
3866 3074 3993 3125 ἕκα-

2428 3184 2551 3220 στον
2568 3168 2673 3221 τῶν
2697 3167 2896 3237 μορίων
2922 3167 3015 3218 τοῦ
3058 3167 3308 3235 σώματος
3337 3167 3434 3234 οὐχ
3460 3165 3636 3234 ἐαυτῷ
3669 3166 3826 3234 μόνον
3854 3164 3993 3234 χρή-

2428 3275 2603 3327 σιμον,
2625 3259 2758 3311 ἀλλὰ
2787 3259 2867 3327 τῷ
2889 3258 3051 3327 κοινῷ
3077 3258 3372 3326 προσφέρει
3398 3257 3497 3326 τὴν
3524 3257 3809 3324 ὠφέλειαν.
3840 3254 3997 3308 Οὕτω

2426 3348 2602 3401 τοίνυν
2628 3350 2894 3417 προσήκει
2917 3348 3007 3399 τὸν
3043 3346 3264 3416 χάριτός
3292 3363 3435 3408 τινος
3467 3346 3669 3398 ἄνωθεν
3683 3346 3729 3378 ⁸³
3759 3344 3999 3398 ἀπολαύο

2431 3458 2599 3494 σαντα
2625 3441 2820 3494 εἰδέναι
2851 3439 3055 3508 σαφῶς,
3086 3441 3162 3501 ὡς
3182 3441 3283 3509 τῆς
3311 3439 3499 3506 κοινῆς
3529 3439 3717 3508 χρείας
3747 3438 3907 3490 ἕνεκα
3937 3439 3999 3490 τ’)

2428 3533 2598 3602 δῶρον
2633 3532 2792 3584 τοῦτο
2816 3532 3048 3595 ἐδέξατο.
3079 3531 3245 3602 Σῶμα
3279 3530 3387 3600 γὰρ
3416 3530 3474 3582 ἓν
3506 3534 3557 3582 οἱ
3581 3533 3999 3593 πιστεύσαντεςι

2433 3621 2631 3691 μέλουςΔ
2653 3621 2710 3674 δὲ
2738 3621 2922 3691 χρείαν
2944 3621 3175 3683 ’ἕκαστος
3205 3623 3238 3690 ἡ
3249 3620 3363 3689 μῶν
3399 3619 3617 3689 πληροῖ.

2504 3806 2578 3862 ς’.
2618 3800 2903 3864 Ἔχοντες
2952 3798 3289 3865 χαρίσματα
3324 3795 3469 3848 κατὰ
3513 3795 3628 3862 τὴν
3672 3795 3847 3863 χάριν
3886 3793 4002 3859 τὴν

2431 3887 2712 3942 δοθεῖσαν
2749 3886 2887 3955 ἡμῖν
2910 3886 3183 3955 διάφορα.
3198 3886 3352 3939 Οὖτω
3378 3887 3594 3955 νοητέον
3617 3902 3630 3914 '
3648 3887 3803 3955 Μέλη
3836 3887 4003 3955 ἐσμὲν

2432 3980 2697 4049 ἀλλήλων,
2721 3980 2933 4048 ἔχοντες
2958 3980 3275 4049 χαρίσματα
3303 3977 3444 4029 κατὰ
3480 3978 3579 4046 τὴν
3603 3977 3764 4047 χάριν
3792 3977 3888 4046 τὴν
3914 3977 4004 4029 δο-

2435 4072 2619 4125 θεῖσαν
2648 4074 2778 4141 ἡμῖν
2806 4071 3057 4139 διάφορα.
3085 4070 3144 4121 Εἰ
3168 4070 3276 4140 γὰρ
3299 4069 3392 4121 καὶ
3419 4070 3648 4137 διάφορα
3674 4068 3864 4128 ταῦτα,
3887 4067 4003 4120 ἀλλ’

2434 4160 2526 4217 οὖν
2559 4165 2639 4225 είς
2687 4162 2871 4230 κοινὴν
2923 4160 3189 4229 ὠφέλειαν
3222 4159 3327 4212 ὑπὸ
3354 4160 3453 4229 τῆς
3487 4158 3636 4220 θείας
3664 4158 4003 4228 κεχορήγην-

2435 4271 2525 4306 ται
2553 4254 2599 4285 ’θ
2628 4253 2865 4323 χάριτος.

2508 4432 2643 4486 Εἴτε
2668 4430 3032 4498 προφητείαν
3067 4425 3217 4479 κατὰ
3262 4427 3377 4491 τὴν
3404 4426 3736 4493 ἀναλογίαν
3765 4424 3875 4491 τῆς
3907 4426 4007 4477 πι-

2437 4538 2645 4585 σῖεως,
2677 4518 2788 4590 (ζ’.)
2810 4520 2929 4572 εἴτε
2954 4517 3326 4571 διακονίαν⁹¹
3351 4517 3421 4568 ἐν
3454 4514 3526 4582 τῇ
3560 4514 3856 4581 διακονίᾳ,
3888 4515 4010 4567 εἴτε

2440 4616 2472 4665 ό
2505 4610 2807 4663 διδάσκων
2835 4611 2904 4661 ἐν
2931 4608 3003 4675 τῇ
3024 4607 3418 4673 διδασκαλίᾳ,
3437 4607 3557 4658 ετιε
3579 4609 3611 4659 ὀ
3650 4604 4013 4672 παρακαλῶν

2438 4703 2507 4756 ἐν
2540 4701 2611 4768 τῇ
2640 4701 3035 4768 παρακλήσει.
3077 4701 3154 4769 Τῇ
3204 4701 3434 4753 ἑκάστου
3472 4698 3650 4750 πίστει
3699 4700 3888 4767 μετρεῖ
3911 4698 4014 4767 τὴν

2440 4796 2598 4863 χάριν
2627 4796 2653 4846 ὀ
2682 4794 2789 4844 τῶν
2819 4792 3037 4859 ἀγαθῶν
3062 4792 3315 4860 χορηγός.
3342 4789 3512 4842 Καλεῖ
3542 4789 3598 4840 δὲ
3622 4789 4011 4855 προφητείαν,

2441 4888 2500 4938 οὐ
2535 4885 2690 4954 μόνον
2718 4884 2826 4936 τῶν
2853 4882 3126 4950 ἐσομένων
3150 4880 3247 4949 τὴν
3277 4878 3607 4945 πρόγνωσιν,
3634 4876 3769 4929 ἀλλὰ
3788 4876 3880 4928 καὶ
3904 4876 4015 4928 τῶν

2441 4978 2837 5047 κεκρυμμένων
2875 4974 2971 5045 τὴν
3026 4974 3225 5041 γνῶσιν
3259 4989 3272 5001 ·
3305 4972 3614 5025 διακονίαν
3645 4970 3720 5031 δὲ,
3771 4970 3867 5040 τὴν
3916 4970 4012 5022 τοῦ

2442 5068 2793 5140 κηρύγματος
2837 5065 3177 5136 λειτουργίαν
3210 5082 3222 5094 ·
3258 5064 3681 5128 διδασκαλίαν,
3709 5063 3818 5115 τῶν
3852 5061 4013 5114 θείων

2442 5162 2725 5231 δογμάτων
2762 5159 2859 5228 τὴν
2895 5158 3127 5231 μάθησιν
3164 5174 3177 5186 ·
3210 5155 3625 5224 παράκλησιν,
3656 5155 3752 5223 τὴν
3785 5153 3881 5206 ἐπὶ
3916 5152 4015 5221 τὴν

2078 5504 2311 5559 VARIJE
2354 5499 2748 5558 LECTIONI‘ZS.

888 5617 930 5643 "
964 5619 997 5669 .\
1030 5617 1328 5686 κρείττονα.
1406 5618 1450 5650 ⁸⁸
1475 5617 1679 5672 άνωθιν
1710 5617 1860 5674 deest
1887 5618 1938 5671 in
1980 5618 2043 5671 Δ.
2081 5617 2187 5674 Nec
2228 5618 2316 5672 inti

2407 5617 2600 5671 relatio
2629 5615 2845 5670 Horret.
2894 5610 3058 5665 Sirm.
3095 5608 3145 5663 id
3192 5604 3481 5678 expressit.
3561 5604 3607 5635 "
3640 5607 3683 5658 Α
3713 5603 4013 5672 κεχορήγη-

792 5701 881 5738 ται
985 5689 1024 5718 9'
1058 5687 1094 5738 ll
1123 5687 1397 5740 διακονῶν.
