  <div class='ocr_page' id='page_1' title='image "/cluster/home/n/w/nwhite01/storage/ocr_20150623/82/nnc1.0046979700/110.png"; bbox 0 0 4210 6438; ppageno 0'>
   <div class='ocr_carea' id='block_1_1' title="bbox 203 350 306 414">
    <p class='ocr_par' dir='ltr' id='par_1_1' title="bbox 203 350 306 414">
     <span class='ocr_line' id='line_1_1' title="bbox 203 350 306 414; baseline 0.019 -2"><span class='ocrx_word' id='word_1_1' title='bbox 203 350 306 414; x_wconf 72' lang='grc'><strong>189</strong></span> 
     </span>
    </p>
   </div>
   <div class='ocr_carea' id='block_1_2' title="bbox 1012 356 2557 435">
    <p class='ocr_par' dir='ltr' id='par_1_2' title="bbox 1012 356 2557 435">
     <span class='ocr_line' id='line_1_2' title="bbox 1012 356 2557 435; baseline 0.011 -20"><span class='ocrx_word' id='word_1_2' title='bbox 1012 356 1613 435; x_wconf 73' lang='grc' dir='ltr'><strong>ῙΝΤΕΗΡΒΕΤΑΤΙΟ</strong></span> <span class='ocrx_word' id='word_1_3' title='bbox 1646 362 1878 422; x_wconf 89' lang='lat' dir='ltr'><strong>EPIST.</strong></span> <span class='ocrx_word' id='word_1_4' title='bbox 1910 367 2010 425; x_wconf 85' lang='lat' dir='ltr'><strong>AD</strong></span> <span class='ocrx_word' id='word_1_5' title='bbox 2038 368 2220 429; x_wconf 76' lang='lat' dir='ltr'><strong>ROM.</strong></span> <span class='ocrx_word' id='word_1_6' title='bbox 2246 370 2401 431; x_wconf 83' lang='lat' dir='ltr'><strong>CAP.</strong></span> <span class='ocrx_word' id='word_1_7' title='bbox 2424 373 2557 433; x_wconf 76' lang='lat' dir='ltr'><strong>XII.</strong></span> 
     </span>
    </p>
   </div>
   <div class='ocr_carea' id='block_1_3' title="bbox 3322 362 3422 431">
    <p class='ocr_par' dir='ltr' id='par_1_3' title="bbox 3322 362 3422 431">
     <span class='ocr_line' id='line_1_3' title="bbox 3322 362 3422 431; baseline 0.02 -2"><span class='ocrx_word' id='word_1_8' title='bbox 3322 362 3422 431; x_wconf 81' lang='grc'><strong>190</strong></span> 
     </span>
    </p>
   </div>
   <div class='ocr_carea' id='block_1_4' title="bbox 196 458 1858 541">
    <p class='ocr_par' dir='ltr' id='par_1_4' title="bbox 196 458 1839 531">
     <span class='ocr_line' id='line_1_4' title="bbox 196 458 1839 531; baseline 0.003 -18"><span class='ocrx_word' id='word_1_9' title='bbox 196 458 405 529; x_wconf 74' lang='grc' dir='ltr'>ἀρετὴν</span> <span class='ocrx_word' id='word_1_10' title='bbox 455 460 789 530; x_wconf 80' lang='grc' dir='ltr'>προτροπήν.</span> <span class='ocrx_word' id='word_1_11' title='bbox 829 459 893 512; x_wconf 87' lang='lat' dir='ltr'><strong>&#39;O</strong></span> <span class='ocrx_word' id='word_1_12' title='bbox 939 461 1292 528; x_wconf 69' lang='grc' dir='ltr'>μεταδιᾶοὺς</span> <span class='ocrx_word' id='word_1_13' title='bbox 1330 464 1400 517; x_wconf 80' lang='grc' dir='ltr'>ἐν</span> <span class='ocrx_word' id='word_1_14' title='bbox 1452 465 1760 531; x_wconf 74' lang='grc' dir='ltr'><strong>ἁπλότητι.</strong></span> <span class='ocrx_word' id='word_1_15' title='bbox 1793 474 1839 526; x_wconf 74' lang='grc' dir='ltr'>Α</span> 
     </span>
    </p>
   </div>
   <div class='ocr_carea' id='block_1_5' title="bbox 1758 458 3420 541">
    <p class='ocr_par' dir='ltr' id='par_1_5' title="bbox 1758 472 3420 541">
     <span class='ocr_line' id='line_1_5' title="bbox 1758 472 3420 541; baseline 0.001 -15"><span class='ocrx_word' id='word_1_16' title='bbox 1758 508 1760 517; x_wconf 63' lang='grc' dir='ltr'><strong>ι</strong></span> <span class='ocrx_word' id='word_1_17' title='bbox 1793 474 1839 526; x_wconf 77' lang='grc' dir='ltr'><strong>Δ</strong></span> <span class='ocrx_word' id='word_1_18' title='bbox 1867 472 1932 525; x_wconf 77' lang='lat' dir='ltr'><strong>ad</strong></span> <span class='ocrx_word' id='word_1_19' title='bbox 1967 476 2241 530; x_wconf 74' lang='lat' dir='ltr'><strong>virtutem.</strong></span> <span class='ocrx_word' id='word_1_20' title='bbox 2284 478 2387 541; x_wconf 83' lang='lat' dir='ltr'><strong>Qui</strong></span> <span class='ocrx_word' id='word_1_21' title='bbox 2423 476 2602 527; x_wconf 84' lang='lat' dir='ltr'><strong>tribuit</strong></span> <span class='ocrx_word' id='word_1_22' title='bbox 2648 477 2701 529; x_wconf 86' lang='lat' dir='ltr'><strong>in</strong></span> <span class='ocrx_word' id='word_1_23' title='bbox 2733 475 3088 541; x_wconf 72' lang='lat' dir='ltr'><strong>simplicitate.</strong></span> <span class='ocrx_word' id='word_1_24' title='bbox 3136 473 3250 528; x_wconf 76' lang='lat' dir='ltr'><strong>Non</strong></span> <span class='ocrx_word' id='word_1_25' title='bbox 3282 478 3420 527; x_wconf 81' lang='lat' dir='ltr'><strong>alio-</strong></span> 
     </span>
    </p>
   </div>
   <div class='ocr_carea' id='block_1_6' title="bbox 198 550 1765 626">
    <p class='ocr_par' dir='ltr' id='par_1_6' title="bbox 198 550 1765 626">
     <span class='ocr_line' id='line_1_6' title="bbox 198 550 1765 626; baseline 0.002 -21"><span class='ocrx_word' id='word_1_26' title='bbox 198 552 292 621; x_wconf 76' lang='grc' dir='ltr'><strong>Μὴ</strong></span> <span class='ocrx_word' id='word_1_27' title='bbox 341 550 443 620; x_wconf 77' lang='grc' dir='ltr'>τὴν</span> <span class='ocrx_word' id='word_1_28' title='bbox 487 550 598 603; x_wconf 79' lang='grc' dir='ltr'><strong>τῶν</strong></span> <span class='ocrx_word' id='word_1_29' title='bbox 645 550 888 605; x_wconf 68' lang='grc' dir='ltr'>ἀλλων’¹</span> <span class='ocrx_word' id='word_1_30' title='bbox 917 551 1230 621; x_wconf 75' lang='grc' dir='ltr'><strong>θηρώμενος</strong></span> <span class='ocrx_word' id='word_1_31' title='bbox 1282 554 1456 620; x_wconf 81' lang='grc' dir='ltr'>δόξαν,</span> <span class='ocrx_word' id='word_1_32' title='bbox 1482 555 1617 609; x_wconf 89' lang='grc' dir='ltr'><strong>ἀλλά</strong></span> <span class='ocrx_word' id='word_1_33' title='bbox 1665 556 1765 626; x_wconf 77' lang='grc' dir='ltr'><strong>τὴν</strong></span> 
     </span>
    </p>
   </div>
   <div class='ocr_carea' id='block_1_7' title="bbox 197 641 1764 717">
    <p class='ocr_par' dir='ltr' id='par_1_7' title="bbox 197 641 1764 717">
     <span class='ocr_line' id='line_1_7' title="bbox 197 641 1764 717; baseline 0.002 -22"><span class='ocrx_word' id='word_1_34' title='bbox 197 643 393 713; x_wconf 75' lang='grc' dir='ltr'>χρείαν</span> <span class='ocrx_word' id='word_1_35' title='bbox 422 642 518 695; x_wconf 80' lang='grc' dir='ltr'>τοῦ</span> <span class='ocrx_word' id='word_1_36' title='bbox 554 643 805 711; x_wconf 83' lang='grc' dir='ltr'><strong>δεομένου</strong></span> <span class='ocrx_word' id='word_1_37' title='bbox 837 643 1084 715; x_wconf 72' lang='grc' dir='ltr'>πληρῶν·</span> <span class='ocrx_word' id='word_1_38' title='bbox 1105 641 1236 715; x_wconf 85' lang='grc' dir='ltr'>μηδὲ</span> <span class='ocrx_word' id='word_1_39' title='bbox 1266 650 1540 716; x_wconf 77' lang='grc' dir='ltr'><strong>λογισμοῖς</strong></span> <span class='ocrx_word' id='word_1_40' title='bbox 1566 664 1764 717; x_wconf 86' lang='grc' dir='ltr'>κεχρη-</span> 
     </span>
    </p>
   </div>
   <div class='ocr_carea' id='block_1_8' title="bbox 200 734 1764 808">
    <p class='ocr_par' dir='ltr' id='par_1_8' title="bbox 200 734 1764 808">
     <span class='ocr_line' id='line_1_8' title="bbox 200 734 1764 808; baseline 0.003 -23"><span class='ocrx_word' id='word_1_41' title='bbox 200 734 385 804; x_wconf 79' lang='grc' dir='ltr'>μένος,</span> <span class='ocrx_word' id='word_1_42' title='bbox 418 735 530 787; x_wconf 82' lang='grc' dir='ltr'>εἴτε</span> <span class='ocrx_word' id='word_1_43' title='bbox 575 735 788 803; x_wconf 82' lang='grc' dir='ltr'>ἀπόχρη</span> <span class='ocrx_word' id='word_1_44' title='bbox 822 734 890 787; x_wconf 83' lang='grc' dir='ltr'>τὰ</span> <span class='ocrx_word' id='word_1_45' title='bbox 920 735 1047 788; x_wconf 74' lang='grc' dir='ltr'>ὄντα</span> <span class='ocrx_word' id='word_1_46' title='bbox 1073 775 1087 799; x_wconf 88' lang='grc'><strong>,</strong></span> <span class='ocrx_word' id='word_1_47' title='bbox 1124 737 1232 790; x_wconf 78' lang='grc' dir='ltr'>εἴτε</span> <span class='ocrx_word' id='word_1_48' title='bbox 1274 738 1369 789; x_wconf 78' lang='grc' dir='ltr'>καὶ</span> <span class='ocrx_word' id='word_1_49' title='bbox 1403 739 1499 808; x_wconf 81' lang='grc' dir='ltr'><strong>μή·</strong></span> <span class='ocrx_word' id='word_1_50' title='bbox 1534 738 1667 791; x_wconf 86' lang='grc' dir='ltr'><strong>ἀλλά</strong></span> <span class='ocrx_word' id='word_1_51' title='bbox 1688 739 1764 808; x_wconf 81' lang='grc' dir='ltr'>τῷ</span> 
     </span>
    </p>
   </div>
   <div class='ocr_carea' id='block_1_9' title="bbox 196 824 1765 898">
    <p class='ocr_par' dir='ltr' id='par_1_9' title="bbox 196 824 1765 898">
     <span class='ocr_line' id='line_1_9' title="bbox 196 824 1765 898; baseline 0.002 -21"><span class='ocrx_word' id='word_1_52' title='bbox 196 826 316 894; x_wconf 79' lang='grc' dir='ltr'><strong>Θεῷ</strong></span> <span class='ocrx_word' id='word_1_53' title='bbox 345 824 591 897; x_wconf 76' lang='grc' dir='ltr'>θαρρῶν,</span> <span class='ocrx_word' id='word_1_54' title='bbox 636 827 729 878; x_wconf 72' lang='grc' dir='ltr'><strong>καὶ</strong></span> <span class='ocrx_word' id='word_1_55' title='bbox 764 826 1057 897; x_wconf 81' lang='grc' dir='ltr'><strong>φιλοτίμως</strong></span> <span class='ocrx_word' id='word_1_56' title='bbox 1093 828 1193 898; x_wconf 78' lang='grc' dir='ltr'><strong>τὴν</strong></span> <span class='ocrx_word' id='word_1_57' title='bbox 1215 828 1474 898; x_wconf 82' lang='grc' dir='ltr'>χορηγίαν</span> <span class='ocrx_word' id='word_1_58' title='bbox 1512 828 1765 898; x_wconf 81' lang='grc' dir='ltr'>ποιούμε-</span> 
     </span>
    </p>
   </div>
   <div class='ocr_carea' id='block_1_10' title="bbox 195 935 345 979">
    <p class='ocr_par' dir='ltr' id='par_1_10' title="bbox 195 935 345 979">
     <span class='ocr_line' id='line_1_10' title="bbox 195 935 345 979; baseline 0 0"><span class='ocrx_word' id='word_1_59' title='bbox 195 935 345 979; x_wconf 72' lang='grc' dir='ltr'>νος.-</span> 
     </span>
    </p>
   </div>
   <div class='ocr_carea' id='block_1_11' title="bbox 262 1007 1766 1079">
    <p class='ocr_par' dir='ltr' id='par_1_11' title="bbox 262 1007 1766 1079">
     <span class='ocr_line' id='line_1_11' title="bbox 262 1007 1766 1079; baseline 0.001 -17"><span class='ocrx_word' id='word_1_60' title='bbox 262 1015 336 1077; x_wconf 82' lang='grc' dir='ltr'><strong>η’.</strong></span> <span class='ocrx_word' id='word_1_61' title='bbox 371 1008 441 1063; x_wconf 72' lang='grc' dir='ltr'>θ’.</span> <span class='ocrx_word' id='word_1_62' title='bbox 481 1009 547 1060; x_wconf 87' lang='lat'><strong>&#39;0</strong></span> <span class='ocrx_word' id='word_1_63' title='bbox 593 1007 1027 1077; x_wconf 74' lang='grc' dir='ltr'><strong>προϊστάμενος</strong></span> <span class='ocrx_word' id='word_1_64' title='bbox 1091 1009 1160 1062; x_wconf 80' lang='grc' dir='ltr'>ἐν</span> <span class='ocrx_word' id='word_1_65' title='bbox 1204 1010 1476 1079; x_wconf 77' lang='grc' dir='ltr'>σπουδῇ-</span> <span class='ocrx_word' id='word_1_66' title='bbox 1510 1016 1543 1065; x_wconf 81' lang='lat' dir='ltr'><strong>d</strong></span> <span class='ocrx_word' id='word_1_67' title='bbox 1580 1011 1766 1067; x_wconf 72' lang='grc' dir='ltr'>ἐλεῶν</span> 
     </span>
    </p>
   </div>
   <div class='ocr_carea' id='block_1_12' title="bbox 195 1099 1764 1168">
    <p class='ocr_par' dir='ltr' id='par_1_12' title="bbox 195 1099 1764 1168">
     <span class='ocr_line' id='line_1_12' title="bbox 195 1099 1764 1168; baseline 0.002 -16"><span class='ocrx_word' id='word_1_68' title='bbox 195 1099 264 1152; x_wconf 79' lang='grc' dir='ltr'>ἐν</span> <span class='ocrx_word' id='word_1_69' title='bbox 293 1102 623 1166; x_wconf 68' lang='grc' dir='ltr'>Ιλαρότητι,</span> <span class='ocrx_word' id='word_1_70' title='bbox 686 1099 747 1153; x_wconf 84' lang='grc' dir='ltr'><em>Ἠ</em></span> <span class='ocrx_word' id='word_1_71' title='bbox 793 1100 990 1167; x_wconf 77' lang='grc' dir='ltr'>ἀγάπη</span> <span class='ocrx_word' id='word_1_72' title='bbox 1030 1101 1443 1168; x_wconf 77' lang='grc' dir='ltr'><strong>ἀνυπόκριτος.</strong></span> <span class='ocrx_word' id='word_1_73' title='bbox 1482 1104 1614 1155; x_wconf 80' lang='grc' dir='ltr'>Μετ’</span> <span class='ocrx_word' id='word_1_74' title='bbox 1643 1105 1764 1155; x_wconf 74' lang='grc' dir='ltr'>ἐπι-</span> 
     </span>
    </p>
   </div>
   <div class='ocr_carea' id='block_1_13' title="bbox 194 1190 1763 1262">
    <p class='ocr_par' dir='ltr' id='par_1_13' title="bbox 194 1190 1763 1262">
     <span class='ocr_line' id='line_1_13' title="bbox 194 1190 1763 1262; baseline 0.003 -22"><span class='ocrx_word' id='word_1_75' title='bbox 194 1190 409 1251; x_wconf 74' lang='grc' dir='ltr'>τάσεως</span> <span class='ocrx_word' id='word_1_76' title='bbox 456 1192 634 1242; x_wconf 75' lang='grc' dir='ltr'>πάντα</span> <span class='ocrx_word' id='word_1_77' title='bbox 667 1190 971 1259; x_wconf 84' lang='grc' dir='ltr'>νομοθετεῖ.</span> <span class='ocrx_word' id='word_1_78' title='bbox 1025 1193 1119 1243; x_wconf 69' lang='grc' dir='ltr'>καὶ</span> <span class='ocrx_word' id='word_1_79' title='bbox 1172 1192 1271 1260; x_wconf 83' lang='grc' dir='ltr'>τὴν</span> <span class='ocrx_word' id='word_1_80' title='bbox 1315 1192 1413 1261; x_wconf 82' lang='grc' dir='ltr'>μὲν</span> <span class='ocrx_word' id='word_1_81' title='bbox 1442 1192 1763 1262; x_wconf 77' lang='grc' dir='ltr'>κηδεμονίαν</span> 
     </span>
    </p>
   </div>
   <div class='ocr_carea' id='block_1_14' title="bbox 196 1276 1764 1355">
    <p class='ocr_par' dir='ltr' id='par_1_14' title="bbox 196 1276 1764 1355">
     <span class='ocr_line' id='line_1_14' title="bbox 196 1276 1764 1355; baseline 0.005 -25"><span class='ocrx_word' id='word_1_82' title='bbox 196 1280 495 1332; x_wconf 77' lang='grc' dir='ltr'>σπουδαίαν</span> <span class='ocrx_word' id='word_1_83' title='bbox 537 1276 675 1332; x_wconf 76' lang='grc' dir='ltr'>εἶναι</span> <span class='ocrx_word' id='word_1_84' title='bbox 706 1280 934 1344; x_wconf 86' lang='grc' dir='ltr'>κελεύει,</span> <span class='ocrx_word' id='word_1_85' title='bbox 963 1281 1101 1333; x_wconf 80' lang='grc' dir='ltr'>ὥστε</span> <span class='ocrx_word' id='word_1_86' title='bbox 1141 1281 1214 1351; x_wconf 84' lang='grc' dir='ltr'>μὴ</span> <span class='ocrx_word' id='word_1_87' title='bbox 1256 1282 1425 1351; x_wconf 76' lang='grc' dir='ltr'>ὄνομα</span> <span class='ocrx_word' id='word_1_88' title='bbox 1454 1278 1591 1336; x_wconf 75' lang='grc' dir='ltr'>εἶναι</span> <span class='ocrx_word' id='word_1_89' title='bbox 1626 1287 1764 1355; x_wconf 71' lang='grc' dir='ltr'>πρα-</span> 
     </span>
    </p>
   </div>
   <div class='ocr_carea' id='block_1_15' title="bbox 193 1370 1763 1443">
    <p class='ocr_par' dir='ltr' id='par_1_15' title="bbox 193 1370 1763 1443">
     <span class='ocr_line' id='line_1_15' title="bbox 193 1370 1763 1443; baseline 0.004 -23"><span class='ocrx_word' id='word_1_90' title='bbox 193 1388 404 1438; x_wconf 75' lang='grc' dir='ltr'>γματος</span> <span class='ocrx_word' id='word_1_91' title='bbox 435 1370 670 1441; x_wconf 72' lang='grc' dir='ltr'>ἔρημον·</span> <span class='ocrx_word' id='word_1_92' title='bbox 703 1374 768 1440; x_wconf 84' lang='grc' dir='ltr'><strong>τῇ</strong></span> <span class='ocrx_word' id='word_1_93' title='bbox 797 1374 852 1424; x_wconf 83' lang='grc' dir='ltr'>δὲ</span> <span class='ocrx_word' id='word_1_94' title='bbox 880 1373 1092 1441; x_wconf 76' lang='grc' dir='ltr'>εὐποιία</span> <span class='ocrx_word' id='word_1_95' title='bbox 1121 1375 1219 1442; x_wconf 73' lang='grc' dir='ltr'>τὴν</span> <span class='ocrx_word' id='word_1_96' title='bbox 1261 1374 1599 1443; x_wconf 80' lang='grc' dir='ltr'>εὐφροσύνην</span> <span class='ocrx_word' id='word_1_97' title='bbox 1641 1392 1763 1426; x_wconf 85' lang='grc' dir='ltr'>συν-</span> 
     </span>
    </p>
   </div>
   <div class='ocr_carea' id='block_1_16' title="bbox 190 1461 1763 1536">
    <p class='ocr_par' dir='ltr' id='par_1_16' title="bbox 190 1461 1763 1536">
     <span class='ocr_line' id='line_1_16' title="bbox 190 1461 1763 1536; baseline 0.003 -22"><span class='ocrx_word' id='word_1_98' title='bbox 190 1462 509 1530; x_wconf 72' lang='grc' dir='ltr'>τάττει,τῆς</span> <span class='ocrx_word' id='word_1_99' title='bbox 535 1461 866 1529; x_wconf 75' lang='grc' dir='ltr'><strong>μεταδόσεως</strong></span> <span class='ocrx_word' id='word_1_100' title='bbox 889 1463 1199 1530; x_wconf 73' lang='grc' dir='ltr'>ὑποφαίνων</span> <span class='ocrx_word' id='word_1_101' title='bbox 1228 1463 1286 1515; x_wconf 83' lang='grc' dir='ltr'>τὸ</span> <span class='ocrx_word' id='word_1_102' title='bbox 1308 1463 1493 1532; x_wconf 78' lang='grc' dir='ltr'>κέρδος</span> <span class='ocrx_word' id='word_1_103' title='bbox 1521 1480 1532 1491; x_wconf 70' lang='grc'><strong><em>⁵</em></strong></span> <span class='ocrx_word' id='word_1_104' title='bbox 1553 1467 1763 1536; x_wconf 75' lang='grc' dir='ltr'>χαίρειν</span> 
     </span>
    </p>
   </div>
   <div class='ocr_carea' id='block_1_17' title="bbox 190 1553 1760 1625">
    <p class='ocr_par' dir='ltr' id='par_1_17' title="bbox 190 1553 1760 1625">
     <span class='ocr_line' id='line_1_17' title="bbox 190 1553 1760 1625; baseline 0.003 -20"><span class='ocrx_word' id='word_1_105' title='bbox 190 1555 297 1622; x_wconf 80' lang='grc' dir='ltr'><strong>γὰρ</strong></span> <span class='ocrx_word' id='word_1_106' title='bbox 330 1553 591 1606; x_wconf 81' lang='grc' dir='ltr'>εἰώθασιν</span> <span class='ocrx_word' id='word_1_107' title='bbox 624 1557 670 1606; x_wconf 75' lang='lat' dir='ltr'><strong>oi</strong></span> <span class='ocrx_word' id='word_1_108' title='bbox 700 1554 1089 1623; x_wconf 81' lang='grc' dir='ltr'>κερδαίνοντες.</span> <span class='ocrx_word' id='word_1_109' title='bbox 1113 1555 1283 1606; x_wconf 79' lang='grc' dir='ltr'>Τοῦτο</span> <span class='ocrx_word' id='word_1_110' title='bbox 1317 1557 1408 1607; x_wconf 75' lang='grc' dir='ltr'>καὶ</span> <span class='ocrx_word' id='word_1_111' title='bbox 1460 1557 1760 1625; x_wconf 81' lang='grc' dir='ltr'>Κορινθίοις</span> 
     </span>
    </p>
   </div>
   <div class='ocr_carea' id='block_1_18' title="bbox 188 1642 1759 1714">
    <p class='ocr_par' dir='ltr' id='par_1_18' title="bbox 188 1642 1759 1714">
     <span class='ocr_line' id='line_1_18' title="bbox 188 1642 1759 1714; baseline 0.004 -20"><span class='ocrx_word' id='word_1_112' title='bbox 188 1643 524 1695; x_wconf 73' lang='grc' dir='ltr'><strong>ἐπιστέλλων</strong></span> <span class='ocrx_word' id='word_1_113' title='bbox 578 1642 717 1713; x_wconf 75' lang='grc' dir='ltr'>ἔφη·</span> <span class='ocrx_word' id='word_1_114' title='bbox 756 1662 775 1694; x_wconf 77' lang='grc' dir='ltr'><strong>ι</strong></span> <span class='ocrx_word' id='word_1_115' title='bbox 818 1643 908 1713; x_wconf 73' lang='grc' dir='ltr'><strong>Μὴ</strong></span> <span class='ocrx_word' id='word_1_116' title='bbox 950 1645 1015 1695; x_wconf 73' lang='grc' dir='ltr'>ὲκ</span> <span class='ocrx_word' id='word_1_117' title='bbox 1053 1644 1253 1713; x_wconf 84' lang='grc' dir='ltr'>λύπης,</span> <span class='ocrx_word' id='word_1_118' title='bbox 1289 1645 1321 1714; x_wconf 77' lang='grc' dir='ltr'>ἢ</span> <span class='ocrx_word' id='word_1_119' title='bbox 1374 1644 1430 1710; x_wconf 78' lang='grc' dir='ltr'><strong>ἐξ</strong></span> <span class='ocrx_word' id='word_1_120' title='bbox 1475 1646 1759 1713; x_wconf 70' lang='grc' dir='ltr'>ἀνάγκης*</span> 
     </span>
    </p>
   </div>
   <div class='ocr_carea' id='block_1_19' title="bbox 190 1732 1761 1805">
    <p class='ocr_par' dir='ltr' id='par_1_19' title="bbox 190 1732 1761 1805">
     <span class='ocr_line' id='line_1_19' title="bbox 190 1732 1761 1805; baseline 0.001 -21"><span class='ocrx_word' id='word_1_121' title='bbox 190 1734 374 1803; x_wconf 71' lang='grc' dir='ltr'>ἱλαρὸν</span> <span class='ocrx_word' id='word_1_122' title='bbox 405 1734 521 1803; x_wconf 71' lang='grc' dir='ltr'><strong>γὰρ</strong></span> <span class='ocrx_word' id='word_1_123' title='bbox 545 1733 703 1803; x_wconf 81' lang='grc' dir='ltr'>δότην</span> <span class='ocrx_word' id='word_1_124' title='bbox 734 1733 921 1803; x_wconf 74' lang='grc' dir='ltr'>ἀγαπᾷ</span> <span class='ocrx_word' id='word_1_125' title='bbox 958 1736 987 1787; x_wconf 82' lang='grc' dir='ltr'>ὀ</span> <span class='ocrx_word' id='word_1_126' title='bbox 1014 1733 1167 1795; x_wconf 83' lang='grc' dir='ltr'>Θεός.</span> <span class='ocrx_word' id='word_1_127' title='bbox 1209 1752 1227 1784; x_wconf 74' lang='grc' dir='ltr'><strong>ι</strong></span> <span class='ocrx_word' id='word_1_128' title='bbox 1265 1732 1371 1785; x_wconf 72' lang='grc' dir='ltr'><strong>Καὶ</strong></span> <span class='ocrx_word' id='word_1_129' title='bbox 1403 1734 1501 1805; x_wconf 84' lang='grc' dir='ltr'>τὴν</span> <span class='ocrx_word' id='word_1_130' title='bbox 1541 1736 1761 1803; x_wconf 81' lang='grc' dir='ltr'><strong>ἀγάπην</strong></span> 
     </span>
    </p>
   </div>
   <div class='ocr_carea' id='block_1_20' title="bbox 185 1819 1761 1895">
    <p class='ocr_par' dir='ltr' id='par_1_20' title="bbox 185 1819 1761 1895">
     <span class='ocr_line' id='line_1_20' title="bbox 185 1819 1761 1895; baseline 0.002 -20"><span class='ocrx_word' id='word_1_131' title='bbox 185 1826 239 1876; x_wconf 66' lang='grc' dir='ltr'>δὲ</span> <span class='ocrx_word' id='word_1_132' title='bbox 262 1825 502 1893; x_wconf 64' lang='grc' dir='ltr'>γνησίαν</span> <span class='ocrx_word' id='word_1_133' title='bbox 531 1819 670 1875; x_wconf 81' lang='grc' dir='ltr'>εἶναι</span> <span class='ocrx_word' id='word_1_134' title='bbox 719 1826 1026 1895; x_wconf 77' lang='grc' dir='ltr'>παρεγγυᾷ,</span> <span class='ocrx_word' id='word_1_135' title='bbox 1052 1825 1144 1877; x_wconf 78' lang='grc' dir='ltr'>καὶ</span> <span class='ocrx_word' id='word_1_136' title='bbox 1189 1825 1287 1894; x_wconf 85' lang='grc' dir='ltr'>τῆς</span> <span class='ocrx_word' id='word_1_137' title='bbox 1328 1826 1670 1892; x_wconf 79' lang='grc' dir='ltr'>ὑποκρίσεως</span> <span class='ocrx_word' id='word_1_138' title='bbox 1701 1826 1761 1879; x_wconf 81' lang='grc' dir='ltr'>τὸ</span> 
     </span>
    </p>
   </div>
   <div class='ocr_carea' id='block_1_21' title="bbox 186 1914 1756 1984">
    <p class='ocr_par' dir='ltr' id='par_1_21' title="bbox 186 1914 1756 1984">
     <span class='ocr_line' id='line_1_21' title="bbox 186 1914 1756 1984; baseline 0.001 -17"><span class='ocrx_word' id='word_1_139' title='bbox 186 1918 534 1984; x_wconf 73' lang='grc' dir='ltr'>προσωπεῖον</span> <span class='ocrx_word' id='word_1_140' title='bbox 556 1914 823 1970; x_wconf 64' lang='grc' dir='ltr'>ἐκϐάλλει.</span> <span class='ocrx_word' id='word_1_141' title='bbox 857 1914 1368 1984; x_wconf 77' lang='grc' dir='ltr'>Ἀποστυτοῦντες</span> <span class='ocrx_word' id='word_1_142' title='bbox 1388 1916 1452 1969; x_wconf 79' lang='grc' dir='ltr'>τὸ</span> <span class='ocrx_word' id='word_1_143' title='bbox 1474 1917 1756 1984; x_wconf 78' lang='grc' dir='ltr'>πονηρὸν,</span> 
     </span>
    </p>
   </div>
   <div class='ocr_carea' id='block_1_22' title="bbox 185 2002 1760 2075">
    <p class='ocr_par' dir='ltr' id='par_1_22' title="bbox 185 2002 1760 2075">
     <span class='ocr_line' id='line_1_22' title="bbox 185 2002 1760 2075; baseline 0 -16"><span class='ocrx_word' id='word_1_144' title='bbox 185 2005 559 2074; x_wconf 70' lang='grc' dir='ltr'>κολλώμενοι</span> <span class='ocrx_word' id='word_1_145' title='bbox 602 2003 681 2068; x_wconf 78' lang='grc' dir='ltr'>τῷ</span> <span class='ocrx_word' id='word_1_146' title='bbox 726 2003 941 2073; x_wconf 66' lang='grc' dir='ltr'>ἀγαθῷ.</span> <span class='ocrx_word' id='word_1_147' title='bbox 983 2006 1152 2058; x_wconf 78' lang='grc' dir='ltr'>Πάλιν</span> <span class='ocrx_word' id='word_1_148' title='bbox 1184 2005 1281 2075; x_wconf 81' lang='grc' dir='ltr'>οὐχ</span> <span class='ocrx_word' id='word_1_149' title='bbox 1323 2006 1508 2067; x_wconf 83' lang='grc' dir='ltr'>ἁπλῶς</span> <span class='ocrx_word' id='word_1_150' title='bbox 1534 2002 1760 2072; x_wconf 73' lang='grc' dir='ltr'>εἷπε,τδ</span> 
     </span>
    </p>
   </div>
   <div class='ocr_carea' id='block_1_23' title="bbox 187 2096 1760 2168">
    <p class='ocr_par' dir='ltr' id='par_1_23' title="bbox 187 2096 1760 2168">
     <span class='ocr_line' id='line_1_23' title="bbox 187 2096 1760 2168; baseline 0 -18"><span class='ocrx_word' id='word_1_151' title='bbox 187 2099 281 2167; x_wconf 76' lang='grc' dir='ltr'>μὲν</span> <span class='ocrx_word' id='word_1_152' title='bbox 312 2098 569 2165; x_wconf 69' lang='grc' dir='ltr'>φεύγειν,</span> <span class='ocrx_word' id='word_1_153' title='bbox 595 2097 657 2148; x_wconf 80' lang='grc' dir='ltr'>τὸ</span> <span class='ocrx_word' id='word_1_154' title='bbox 700 2097 759 2149; x_wconf 81' lang='grc' dir='ltr'>δὲ</span> <span class='ocrx_word' id='word_1_155' title='bbox 811 2096 1163 2166; x_wconf 78' lang='grc' dir='ltr'>μεταδιώκειν</span> <span class='ocrx_word' id='word_1_156' title='bbox 1187 2114 1200 2127; x_wconf 88' lang='grc'><strong>·</strong></span> <span class='ocrx_word' id='word_1_157' title='bbox 1227 2097 1360 2151; x_wconf 81' lang='grc' dir='ltr'><strong>ἀλλά</strong></span> <span class='ocrx_word' id='word_1_158' title='bbox 1397 2098 1494 2168; x_wconf 82' lang='grc' dir='ltr'>τὴν</span> <span class='ocrx_word' id='word_1_159' title='bbox 1528 2098 1625 2168; x_wconf 81' lang='grc' dir='ltr'>μὲν</span> <span class='ocrx_word' id='word_1_160' title='bbox 1663 2109 1760 2150; x_wconf 83' lang='grc' dir='ltr'>πο-</span> 
     </span>
    </p>
   </div>
   <div class='ocr_carea' id='block_1_24' title="bbox 182 2189 1758 2261">
    <p class='ocr_par' dir='ltr' id='par_1_24' title="bbox 182 2189 1758 2261">
     <span class='ocr_line' id='line_1_24' title="bbox 182 2189 1758 2261; baseline 0.001 -21"><span class='ocrx_word' id='word_1_161' title='bbox 182 2192 373 2260; x_wconf 78' lang='grc' dir='ltr'>νηρίαν</span> <span class='ocrx_word' id='word_1_162' title='bbox 409 2191 552 2257; x_wconf 76' lang='grc' dir='ltr'>ἄγαν</span> <span class='ocrx_word' id='word_1_163' title='bbox 581 2192 758 2257; x_wconf 77' lang='grc' dir='ltr'>μισεῖν</span> <span class='ocrx_word' id='word_1_164' title='bbox 781 2190 1141 2260; x_wconf 71' lang='grc' dir='ltr'>παρηγγύησε</span> <span class='ocrx_word' id='word_1_165' title='bbox 1160 2231 1173 2251; x_wconf 89' lang='grc'><strong>,</strong></span> <span class='ocrx_word' id='word_1_166' title='bbox 1202 2194 1267 2261; x_wconf 83' lang='grc' dir='ltr'>τῇ</span> <span class='ocrx_word' id='word_1_167' title='bbox 1311 2191 1367 2243; x_wconf 78' lang='grc' dir='ltr'>δὲ</span> <span class='ocrx_word' id='word_1_168' title='bbox 1396 2189 1758 2255; x_wconf 83' lang='grc' dir='ltr'>τῶνάγαθῶν</span> 
     </span>
    </p>
   </div>
   <div class='ocr_carea' id='block_1_25' title="bbox 180 2276 1756 2353">
    <p class='ocr_par' dir='ltr' id='par_1_25' title="bbox 180 2276 1756 2353">
     <span class='ocr_line' id='line_1_25' title="bbox 180 2276 1756 2353; baseline 0.001 -20"><span class='ocrx_word' id='word_1_169' title='bbox 180 2280 411 2351; x_wconf 75' lang='grc' dir='ltr'>ἐργασία</span> <span class='ocrx_word' id='word_1_170' title='bbox 455 2281 727 2351; x_wconf 76' lang='grc' dir='ltr'>συνῆφθαι</span> <span class='ocrx_word' id='word_1_171' title='bbox 777 2281 895 2334; x_wconf 88' lang='grc' dir='ltr'>λίαν</span> <span class='ocrx_word' id='word_1_172' title='bbox 932 2281 1279 2353; x_wconf 73' lang='grc' dir='ltr'>προσέταξεν,</span> <span class='ocrx_word' id='word_1_173' title='bbox 1304 2276 1416 2334; x_wconf 78' lang='grc' dir='ltr'>οἷόν</span> <span class='ocrx_word' id='word_1_174' title='bbox 1462 2298 1565 2334; x_wconf 89' lang='grc' dir='ltr'>τινι</span> <span class='ocrx_word' id='word_1_175' title='bbox 1594 2282 1756 2353; x_wconf 81' lang='grc' dir='ltr'><strong>κόλλῃ</strong></span> 
     </span>
    </p>
   </div>
   <div class='ocr_carea' id='block_1_26' title="bbox 178 2370 888 2441">
    <p class='ocr_par' dir='ltr' id='par_1_26' title="bbox 178 2370 888 2441">
     <span class='ocr_line' id='line_1_26' title="bbox 178 2370 888 2441; baseline -0.001 -18"><span class='ocrx_word' id='word_1_176' title='bbox 178 2374 238 2441; x_wconf 77' lang='grc' dir='ltr'>τῇ</span> <span class='ocrx_word' id='word_1_177' title='bbox 279 2370 525 2423; x_wconf 79' lang='grc' dir='ltr'>διαθέσει</span> <span class='ocrx_word' id='word_1_178' title='bbox 554 2370 888 2440; x_wconf 82' lang='grc' dir='ltr'>χρωμένους.</span> 
     </span>
    </p>
   </div>
   <div class='ocr_carea' id='block_1_27' title="bbox 247 2451 1752 2531">
    <p class='ocr_par' dir='ltr' id='par_1_27' title="bbox 247 2451 1752 2531">
     <span class='ocr_line' id='line_1_27' title="bbox 247 2451 1752 2531; baseline 0.001 -18"><span class='ocrx_word' id='word_1_179' title='bbox 247 2460 297 2513; x_wconf 83' lang='grc' dir='ltr'>ι’.</span> <span class='ocrx_word' id='word_1_180' title='bbox 339 2460 424 2527; x_wconf 76' lang='grc' dir='ltr'><em>Τῇ</em></span> <span class='ocrx_word' id='word_1_181' title='bbox 468 2451 834 2529; x_wconf 61' lang='grc' dir='ltr'>φιλαδελφίᾳ</span> <span class='ocrx_word' id='word_1_182' title='bbox 875 2463 962 2526; x_wconf 74' lang='grc' dir='ltr'><strong>είς</strong></span> <span class='ocrx_word' id='word_1_183' title='bbox 1002 2461 1313 2528; x_wconf 67' lang='grc' dir='ltr'>ἀλλήλους</span> <span class='ocrx_word' id='word_1_184' title='bbox 1344 2465 1752 2531; x_wconf 69' lang='grc' dir='ltr'>φιλόστοργοι,</span> 
     </span>
    </p>
   </div>
   <div class='ocr_carea' id='block_1_28' title="bbox 180 2546 1754 2623">
    <p class='ocr_par' dir='ltr' id='par_1_28' title="bbox 180 2546 1754 2623">
     <span class='ocr_line' id='line_1_28' title="bbox 180 2546 1754 2623; baseline 0.003 -22"><span class='ocrx_word' id='word_1_185' title='bbox 180 2548 249 2617; x_wconf 76' lang='grc' dir='ltr'>τῇ</span> <span class='ocrx_word' id='word_1_186' title='bbox 284 2548 435 2618; x_wconf 76' lang='grc' dir='ltr'>τιμῇ</span> <span class='ocrx_word' id='word_1_187' title='bbox 474 2550 794 2616; x_wconf 69' lang='grc' dir='ltr'>ἀλλήλους</span> <span class='ocrx_word' id='word_1_188' title='bbox 832 2546 1281 2621; x_wconf 71' lang='grc' dir='ltr'>προηγούμενοι.</span> <span class='ocrx_word' id='word_1_189' title='bbox 1332 2552 1552 2623; x_wconf 82' lang='grc' dir='ltr'>Θερμὴν</span> <span class='ocrx_word' id='word_1_190' title='bbox 1605 2552 1754 2622; x_wconf 80' lang='grc' dir='ltr'>ἔχετε</span> 
     </span>
    </p>
   </div>
   <div class='ocr_carea' id='block_1_29' title="bbox 179 2642 1749 2715">
    <p class='ocr_par' dir='ltr' id='par_1_29' title="bbox 179 2642 1749 2715">
     <span class='ocr_line' id='line_1_29' title="bbox 179 2642 1749 2715; baseline 0.001 -20"><span class='ocrx_word' id='word_1_191' title='bbox 179 2643 268 2695; x_wconf 75' lang='grc' dir='ltr'>καὶ</span> <span class='ocrx_word' id='word_1_192' title='bbox 300 2642 560 2710; x_wconf 67' lang='grc' dir='ltr'>ἀδελφοῖς</span> <span class='ocrx_word' id='word_1_193' title='bbox 590 2642 904 2711; x_wconf 82' lang='grc' dir='ltr'>πρέπουσαν</span> <span class='ocrx_word' id='word_1_194' title='bbox 921 2645 1021 2711; x_wconf 81' lang='grc' dir='ltr'>τὴν</span> <span class='ocrx_word' id='word_1_195' title='bbox 1044 2644 1169 2713; x_wconf 77' lang='grc' dir='ltr'>περὶ</span> <span class='ocrx_word' id='word_1_196' title='bbox 1194 2643 1452 2715; x_wconf 74' lang='grc' dir='ltr'>ἀλλήλους</span> <span class='ocrx_word' id='word_1_197' title='bbox 1484 2644 1749 2697; x_wconf 72' lang='grc' dir='ltr'>διάθεσινσ</span> 
     </span>
    </p>
   </div>
   <div class='ocr_carea' id='block_1_30' title="bbox 178 2732 1746 2803">
    <p class='ocr_par' dir='ltr' id='par_1_30' title="bbox 178 2732 1746 2803">
     <span class='ocr_line' id='line_1_30' title="bbox 178 2732 1746 2803; baseline 0.002 -19"><span class='ocrx_word' id='word_1_198' title='bbox 178 2733 584 2802; x_wconf 81' lang='grc' dir='ltr'>παραχωρείτω</span> <span class='ocrx_word' id='word_1_199' title='bbox 607 2732 660 2783; x_wconf 79' lang='grc' dir='ltr'>δὲ</span> <span class='ocrx_word' id='word_1_200' title='bbox 686 2732 917 2794; x_wconf 76' lang='grc' dir='ltr'>ἕκαστος</span> <span class='ocrx_word' id='word_1_201' title='bbox 934 2734 1041 2786; x_wconf 68' lang='grc' dir='ltr'><strong>τῶν</strong></span> <span class='ocrx_word' id='word_1_202' title='bbox 1077 2734 1356 2803; x_wconf 71' lang='grc' dir='ltr'>πρωτείων</span> <span class='ocrx_word' id='word_1_203' title='bbox 1385 2733 1459 2802; x_wconf 77' lang='grc' dir='ltr'>τῷ</span> <span class='ocrx_word' id='word_1_204' title='bbox 1482 2735 1526 2766; x_wconf 67' lang='grc'><strong>³³</strong></span> <span class='ocrx_word' id='word_1_205' title='bbox 1558 2735 1746 2797; x_wconf 79' lang='grc' dir='ltr'>πέλας.</span> 
     </span>
    </p>
   </div>
   <div class='ocr_carea' id='block_1_31' title="bbox 176 2821 1642 2893">
    <p class='ocr_par' dir='ltr' id='par_1_31' title="bbox 176 2821 1642 2893">
     <span class='ocr_line' id='line_1_31' title="bbox 176 2821 1642 2893; baseline 0.001 -18"><span class='ocrx_word' id='word_1_206' title='bbox 176 2822 346 2875; x_wconf 71' lang='grc' dir='ltr'>Τοῦτο</span> <span class='ocrx_word' id='word_1_207' title='bbox 385 2822 499 2892; x_wconf 75' lang='grc' dir='ltr'>γὰρ</span> <span class='ocrx_word' id='word_1_208' title='bbox 535 2821 634 2890; x_wconf 79' lang='grc' dir='ltr'>τῆς</span> <span class='ocrx_word' id='word_1_209' title='bbox 653 2823 886 2892; x_wconf 79' lang='grc' dir='ltr'>ἀληθοῦς</span> <span class='ocrx_word' id='word_1_210' title='bbox 908 2824 1287 2893; x_wconf 76' lang='grc' dir='ltr'>φιλοστοργίας</span> <span class='ocrx_word' id='word_1_211' title='bbox 1325 2828 1642 2893; x_wconf 76' lang='grc' dir='ltr'>τεκμήριον.</span> 
     </span>
    </p>
   </div>
   <div class='ocr_carea' id='block_1_32' title="bbox 245 2913 1746 2985">
    <p class='ocr_par' dir='ltr' id='par_1_32' title="bbox 245 2913 1746 2985">
     <span class='ocr_line' id='line_1_32' title="bbox 245 2913 1746 2985; baseline 0 -18"><span class='ocrx_word' id='word_1_212' title='bbox 245 2921 334 2968; x_wconf 79' lang='grc' dir='ltr'>ια’.</span> <span class='ocrx_word' id='word_1_213' title='bbox 368 2913 452 2981; x_wconf 73' lang='grc' dir='ltr'><em>Τῇ</em></span> <span class='ocrx_word' id='word_1_214' title='bbox 482 2913 729 2981; x_wconf 77' lang='grc' dir='ltr'>σπουδῇ</span> <span class='ocrx_word' id='word_1_215' title='bbox 753 2913 839 2982; x_wconf 81' lang='grc' dir='ltr'>μὴ</span> <span class='ocrx_word' id='word_1_216' title='bbox 868 2915 1127 2980; x_wconf 74' lang='grc' dir='ltr'>ὀκνηροί.</span> <span class='ocrx_word' id='word_1_217' title='bbox 1173 2915 1474 2985; x_wconf 63' lang='grc' dir='ltr'>’Δκραιιρνῆ</span> <span class='ocrx_word' id='word_1_218' title='bbox 1509 2914 1746 2968; x_wconf 83' lang='grc' dir='ltr'>δεικνύν-</span> 
     </span>
    </p>
   </div>
   <div class='ocr_carea' id='block_1_33' title="bbox 176 3005 1749 3078">
    <p class='ocr_par' dir='ltr' id='par_1_33' title="bbox 176 3005 1749 3078">
     <span class='ocr_line' id='line_1_33' title="bbox 176 3005 1749 3078; baseline 0 -19"><span class='ocrx_word' id='word_1_219' title='bbox 176 3026 260 3071; x_wconf 85' lang='grc' dir='ltr'><strong>τες</strong></span> <span class='ocrx_word' id='word_1_220' title='bbox 290 3008 393 3078; x_wconf 77' lang='grc' dir='ltr'>τὴν</span> <span class='ocrx_word' id='word_1_221' title='bbox 424 3007 559 3072; x_wconf 77' lang='grc' dir='ltr'>περὶ</span> <span class='ocrx_word' id='word_1_222' title='bbox 605 3007 671 3058; x_wconf 65' lang='grc' dir='ltr'><strong>τὰ</strong></span> <span class='ocrx_word' id='word_1_223' title='bbox 702 3008 841 3058; x_wconf 80' lang='grc' dir='ltr'>καλὰ</span> <span class='ocrx_word' id='word_1_224' title='bbox 891 3005 1196 3076; x_wconf 71' lang='grc' dir='ltr'>προθυμίαν</span> <span class='ocrx_word' id='word_1_225' title='bbox 1220 3047 1233 3068; x_wconf 95' lang='grc'><strong>,</strong></span> <span class='ocrx_word' id='word_1_226' title='bbox 1271 3008 1364 3059; x_wconf 63' lang='grc' dir='ltr'><strong>καὶ</strong></span> <span class='ocrx_word' id='word_1_227' title='bbox 1380 3007 1423 3038; x_wconf 69' lang='grc'><strong>⁵⁵</strong></span> <span class='ocrx_word' id='word_1_228' title='bbox 1456 3007 1546 3059; x_wconf 81' lang='grc' dir='ltr'>τὸν</span> <span class='ocrx_word' id='word_1_229' title='bbox 1593 3007 1749 3059; x_wconf 71' lang='grc' dir='ltr'>ὄκνον</span> 
     </span>
    </p>
   </div>
   <div class='ocr_carea' id='block_1_34' title="bbox 1869 564 3421 635">
    <p class='ocr_par' dir='ltr' id='par_1_34' title="bbox 1869 564 3421 635">
     <span class='ocr_line' id='line_1_34' title="bbox 1869 564 3421 635; baseline 0.002 -19"><span class='ocrx_word' id='word_1_230' title='bbox 1869 578 1986 617; x_wconf 90' lang='lat' dir='ltr'><strong>rum</strong></span> <span class='ocrx_word' id='word_1_231' title='bbox 2018 574 2246 634; x_wconf 76' lang='lat' dir='ltr'><strong>captans</strong></span> <span class='ocrx_word' id='word_1_232' title='bbox 2282 568 2531 635; x_wconf 86' lang='lat' dir='ltr'><strong>gloriam,</strong></span> <span class='ocrx_word' id='word_1_233' title='bbox 2563 565 2657 619; x_wconf 86' lang='lat' dir='ltr'><strong>sed</strong></span> <span class='ocrx_word' id='word_1_234' title='bbox 2690 566 2807 631; x_wconf 81' lang='lat' dir='ltr'><strong>ejus</strong></span> <span class='ocrx_word' id='word_1_235' title='bbox 2854 568 2945 634; x_wconf 87' lang='lat' dir='ltr'><strong>qui</strong></span> <span class='ocrx_word' id='word_1_236' title='bbox 2994 564 3201 634; x_wconf 90' lang='lat' dir='ltr'><strong>indiget</strong></span> <span class='ocrx_word' id='word_1_237' title='bbox 3228 565 3421 633; x_wconf 75' lang='lat' dir='ltr'><strong>impiae</strong></span> 
     </span>
    </p>
   </div>
   <div class='ocr_carea' id='block_1_35' title="bbox 1866 655 3419 728">
    <p class='ocr_par' dir='ltr' id='par_1_35' title="bbox 1866 655 3419 728">
     <span class='ocr_line' id='line_1_35' title="bbox 1866 655 3419 728; baseline -0.001 -19"><span class='ocrx_word' id='word_1_238' title='bbox 1866 657 2196 712; x_wconf 81' lang='lat' dir='ltr'><strong>subveniens</strong></span> <span class='ocrx_word' id='word_1_239' title='bbox 2223 677 2235 710; x_wconf 92' lang='lat'>:</span> <span class='ocrx_word' id='word_1_240' title='bbox 2266 674 2364 713; x_wconf 79' lang='lat' dir='ltr'><strong>nec</strong></span> <span class='ocrx_word' id='word_1_241' title='bbox 2389 660 2531 728; x_wconf 87' lang='lat' dir='ltr'><strong>apud</strong></span> <span class='ocrx_word' id='word_1_242' title='bbox 2557 674 2616 712; x_wconf 89' lang='lat' dir='ltr'><strong>se</strong></span> <span class='ocrx_word' id='word_1_243' title='bbox 2652 658 2987 711; x_wconf 88' lang='lat' dir='ltr'><strong>ratiocinans</strong></span> <span class='ocrx_word' id='word_1_244' title='bbox 3016 673 3082 710; x_wconf 88' lang='lat' dir='ltr'><strong>an</strong></span> <span class='ocrx_word' id='word_1_245' title='bbox 3109 672 3230 727; x_wconf 71' lang='lat' dir='ltr'><strong>qua!</strong></span> <span class='ocrx_word' id='word_1_246' title='bbox 3257 655 3419 709; x_wconf 96' lang='lat' dir='ltr'><strong>habet</strong></span> 
     </span>
    </p>
   </div>
   <div class='ocr_carea' id='block_1_36' title="bbox 1864 745 3416 815">
    <p class='ocr_par' dir='ltr' id='par_1_36' title="bbox 1864 745 3416 815">
     <span class='ocr_line' id='line_1_36' title="bbox 1864 745 3416 815; baseline -0.001 -14"><span class='ocrx_word' id='word_1_247' title='bbox 1864 749 1974 801; x_wconf 83' lang='lat' dir='ltr'><strong>sibi</strong></span> <span class='ocrx_word' id='word_1_248' title='bbox 2005 748 2297 811; x_wconf 81' lang='lat' dir='ltr'><strong>suﬂiciant,</strong></span> <span class='ocrx_word' id='word_1_249' title='bbox 2326 764 2394 802; x_wconf 88' lang='lat' dir='ltr'><strong>an</strong></span> <span class='ocrx_word' id='word_1_250' title='bbox 2424 764 2531 801; x_wconf 89' lang='lat' dir='ltr'><strong>non</strong></span> <span class='ocrx_word' id='word_1_251' title='bbox 2565 768 2577 802; x_wconf 92' lang='lat'><strong>:</strong></span> <span class='ocrx_word' id='word_1_252' title='bbox 2616 748 2710 803; x_wconf 85' lang='lat' dir='ltr'><strong>sed</strong></span> <span class='ocrx_word' id='word_1_253' title='bbox 2745 747 2797 799; x_wconf 92' lang='lat' dir='ltr'><strong>in</strong></span> <span class='ocrx_word' id='word_1_254' title='bbox 2838 745 2945 799; x_wconf 89' lang='lat' dir='ltr'><strong>Deo</strong></span> <span class='ocrx_word' id='word_1_255' title='bbox 2989 762 3137 814; x_wconf 88' lang='lat' dir='ltr'><strong>spem</strong></span> <span class='ocrx_word' id='word_1_256' title='bbox 3182 761 3416 815; x_wconf 84' lang='lat' dir='ltr'><strong>ponens.</strong></span> 
     </span>
    </p>
   </div>
   <div class='ocr_carea' id='block_1_37' title="bbox 1864 838 2979 910">
    <p class='ocr_par' dir='ltr' id='par_1_37' title="bbox 1864 838 2979 910">
     <span class='ocr_line' id='line_1_37' title="bbox 1864 838 2979 910; baseline -0.002 -18"><span class='ocrx_word' id='word_1_257' title='bbox 1864 841 1943 893; x_wconf 81' lang='lat' dir='ltr'><strong>‘et</strong></span> <span class='ocrx_word' id='word_1_258' title='bbox 1976 838 2223 894; x_wconf 84' lang='lat' dir='ltr'><strong>studiose</strong></span> <span class='ocrx_word' id='word_1_259' title='bbox 2255 855 2374 909; x_wconf 71' lang='lat' dir='ltr'><strong>qua:</strong></span> <span class='ocrx_word' id='word_1_260' title='bbox 2411 849 2703 910; x_wconf 86' lang='lat' dir='ltr'><strong>suppetunt</strong></span> <span class='ocrx_word' id='word_1_261' title='bbox 2729 854 2979 908; x_wconf 88' lang='lat' dir='ltr'><strong>erogans.</strong></span> 
     </span>
    </p>
   </div>
   <div class='ocr_carea' id='block_1_38' title="bbox 1937 1014 3419 1084">
    <p class='ocr_par' dir='ltr' id='par_1_38' title="bbox 1937 1014 3419 1084">
     <span class='ocr_line' id='line_1_38' title="bbox 1937 1014 3419 1084; baseline -0.002 -14"><span class='ocrx_word' id='word_1_262' title='bbox 1937 1014 2101 1070; x_wconf 70' lang='lat' dir='ltr'><strong>Vsus.</strong></span> <span class='ocrx_word' id='word_1_263' title='bbox 2138 1018 2191 1082; x_wconf 88' lang='lat'><strong>8,</strong></span> <span class='ocrx_word' id='word_1_264' title='bbox 2227 1016 2281 1070; x_wconf 90' lang='lat'><strong>9.</strong></span> <span class='ocrx_word' id='word_1_265' title='bbox 2327 1016 2431 1082; x_wconf 81' lang='lat' dir='ltr'><strong>Qui</strong></span> <span class='ocrx_word' id='word_1_266' title='bbox 2479 1025 2665 1083; x_wconf 64' lang='grc' dir='ltr'>ιιι-(τεεί</span> <span class='ocrx_word' id='word_1_267' title='bbox 2750 1018 2803 1068; x_wconf 88' lang='lat' dir='ltr'><strong>in</strong></span> <span class='ocrx_word' id='word_1_268' title='bbox 2856 1015 3213 1068; x_wconf 70' lang='lat' dir='ltr'><strong>sollicitudine</strong></span> <span class='ocrx_word' id='word_1_269' title='bbox 3258 1057 3270 1070; x_wconf 94' lang='lat'><strong>.</strong></span> <span class='ocrx_word' id='word_1_270' title='bbox 3327 1016 3419 1084; x_wconf 81' lang='lat' dir='ltr'><strong>qui</strong></span> 
     </span>
    </p>
   </div>
   <div class='ocr_carea' id='block_1_39' title="bbox 1865 1105 3415 1161">
    <p class='ocr_par' dir='ltr' id='par_1_39' title="bbox 1865 1105 3415 1161">
     <span class='ocr_line' id='line_1_39' title="bbox 1865 1105 3415 1161; baseline -0.001 -2"><span class='ocrx_word' id='word_1_271' title='bbox 1865 1108 2143 1161; x_wconf 75' lang='lat' dir='ltr'><strong>miseretur</strong></span> <span class='ocrx_word' id='word_1_272' title='bbox 2198 1109 2253 1159; x_wconf 81' lang='lat' dir='ltr'><strong>in</strong></span> <span class='ocrx_word' id='word_1_273' title='bbox 2309 1106 2599 1160; x_wconf 78' lang='lat' dir='ltr'><strong>hilaritate.</strong></span> <span class='ocrx_word' id='word_1_274' title='bbox 2650 1105 2870 1159; x_wconf 72' lang='lat' dir='ltr'><strong>L‘ileaio</strong></span> <span class='ocrx_word' id='word_1_275' title='bbox 2905 1107 3014 1158; x_wconf 78' lang='lat' dir='ltr'><strong>sine</strong></span> <span class='ocrx_word' id='word_1_276' title='bbox 3061 1106 3415 1158; x_wconf 72' lang='lat' dir='ltr'><strong>simulatione.</strong></span> 
     </span>
    </p>
   </div>
   <div class='ocr_carea' id='block_1_40' title="bbox 1862 1196 3417 1258">
    <p class='ocr_par' dir='ltr' id='par_1_40' title="bbox 1862 1196 3417 1258">
     <span class='ocr_line' id='line_1_40' title="bbox 1862 1196 3417 1258; baseline -0.005 -4"><span class='ocrx_word' id='word_1_277' title='bbox 1862 1199 1997 1258; x_wconf 87' lang='lat' dir='ltr'><strong>Cum</strong></span> <span class='ocrx_word' id='word_1_278' title='bbox 2040 1198 2382 1250; x_wconf 77' lang='lat' dir='ltr'><strong>vehementia</strong></span> <span class='ocrx_word' id='word_1_279' title='bbox 2444 1198 2630 1250; x_wconf 82' lang='lat' dir='ltr'><strong>omnia</strong></span> <span class='ocrx_word' id='word_1_280' title='bbox 2691 1196 2915 1258; x_wconf 83' lang='lat' dir='ltr'><strong>statuit,</strong></span> <span class='ocrx_word' id='word_1_281' title='bbox 2966 1204 3021 1248; x_wconf 89' lang='lat' dir='ltr'><strong>et</strong></span> <span class='ocrx_word' id='word_1_282' title='bbox 3074 1196 3417 1249; x_wconf 86' lang='lat' dir='ltr'><strong>curationem</strong></span> 
     </span>
    </p>
   </div>
   <div class='ocr_carea' id='block_1_41' title="bbox 1863 1284 3420 1358">
    <p class='ocr_par' dir='ltr' id='par_1_41' title="bbox 1863 1284 3420 1358">
     <span class='ocr_line' id='line_1_41' title="bbox 1863 1284 3420 1358; baseline -0.003 -17"><span class='ocrx_word' id='word_1_283' title='bbox 1863 1288 2085 1358; x_wconf 80' lang='lat' dir='ltr'><strong>quidem</strong></span> <span class='ocrx_word' id='word_1_284' title='bbox 2112 1302 2233 1341; x_wconf 86' lang='lat' dir='ltr'><strong>esse</strong></span> <span class='ocrx_word' id='word_1_285' title='bbox 2258 1286 2416 1354; x_wconf 84' lang='lat' dir='ltr'><strong>jubet</strong></span> <span class='ocrx_word' id='word_1_286' title='bbox 2445 1287 2781 1355; x_wconf 80' lang='lat' dir='ltr'><strong>diligentem,</strong></span> <span class='ocrx_word' id='word_1_287' title='bbox 2814 1300 2881 1337; x_wconf 90' lang='lat' dir='ltr'><strong>ne</strong></span> <span class='ocrx_word' id='word_1_288' title='bbox 2912 1284 3087 1338; x_wconf 86' lang='lat' dir='ltr'><strong>solum</strong></span> <span class='ocrx_word' id='word_1_289' title='bbox 3120 1285 3192 1337; x_wconf 87' lang='lat' dir='ltr'><strong>sit</strong></span> <span class='ocrx_word' id='word_1_290' title='bbox 3222 1299 3420 1337; x_wconf 86' lang='lat' dir='ltr'><strong>nomen</strong></span> 
     </span>
    </p>
   </div>
   <div class='ocr_carea' id='block_1_42' title="bbox 1864 1376 3417 1447">
    <p class='ocr_par' dir='ltr' id='par_1_42' title="bbox 1864 1376 3417 1447">
     <span class='ocr_line' id='line_1_42' title="bbox 1864 1376 3417 1447; baseline -0.004 -14"><span class='ocrx_word' id='word_1_291' title='bbox 1864 1382 2069 1447; x_wconf 73' lang='lat' dir='ltr'><strong>absque</strong></span> <span class='ocrx_word' id='word_1_292' title='bbox 2103 1395 2180 1432; x_wconf 90' lang='lat' dir='ltr'><strong>re.</strong></span> <span class='ocrx_word' id='word_1_293' title='bbox 2214 1378 2589 1431; x_wconf 69' lang='lat' dir='ltr'><strong>Beneﬁeentize</strong></span> <span class='ocrx_word' id='word_1_294' title='bbox 2640 1386 2817 1430; x_wconf 89' lang='lat' dir='ltr'><strong>autem</strong></span> <span class='ocrx_word' id='word_1_295' title='bbox 2860 1377 3100 1429; x_wconf 59' lang='lat' dir='ltr'><strong>Ia&#39;titiam</strong></span> <span class='ocrx_word' id='word_1_296' title='bbox 3152 1376 3417 1445; x_wconf 85' lang='lat' dir='ltr'><strong>adjungit,</strong></span> 
     </span>
    </p>
   </div>
   <div class='ocr_carea' id='block_1_43' title="bbox 1863 1466 3420 1538">
    <p class='ocr_par' dir='ltr' id='par_1_43' title="bbox 1863 1466 3420 1538">
     <span class='ocr_line' id='line_1_43' title="bbox 1863 1466 3420 1538; baseline -0.003 -15"><span class='ocrx_word' id='word_1_297' title='bbox 1863 1470 2199 1538; x_wconf 84' lang='lat' dir='ltr'><strong>erogationis</strong></span> <span class='ocrx_word' id='word_1_298' title='bbox 2228 1471 2439 1522; x_wconf 90' lang='lat' dir='ltr'><strong>lucrum</strong></span> <span class='ocrx_word' id='word_1_299' title='bbox 2464 1467 2778 1522; x_wconf 87' lang='lat' dir='ltr'><strong>ostendens.</strong></span> <span class='ocrx_word' id='word_1_300' title='bbox 2805 1467 2995 1520; x_wconf 82' lang='lat' dir='ltr'><strong>Solent</strong></span> <span class='ocrx_word' id='word_1_301' title='bbox 3017 1466 3162 1520; x_wconf 88' lang='lat' dir='ltr'><strong>enim</strong></span> <span class='ocrx_word' id='word_1_302' title='bbox 3185 1467 3420 1533; x_wconf 80' lang='lat' dir='ltr'><strong>gaudere</strong></span> 
     </span>
    </p>
   </div>
   <div class='ocr_carea' id='block_1_44' title="bbox 1863 1557 3421 1632">
    <p class='ocr_par' dir='ltr' id='par_1_44' title="bbox 1863 1557 3421 1632">
     <span class='ocr_line' id='line_1_44' title="bbox 1863 1557 3421 1632; baseline -0.003 -18"><span class='ocrx_word' id='word_1_303' title='bbox 1863 1564 1957 1632; x_wconf 90' lang='lat' dir='ltr'><strong>qui</strong></span> <span class='ocrx_word' id='word_1_304' title='bbox 1991 1564 2292 1616; x_wconf 85' lang='lat' dir='ltr'><strong>luerantur.</strong></span> <span class='ocrx_word' id='word_1_305' title='bbox 2325 1560 2437 1614; x_wconf 83' lang='lat' dir='ltr'><strong>Hoc</strong></span> <span class='ocrx_word' id='word_1_306' title='bbox 2472 1560 2638 1613; x_wconf 91' lang='lat' dir='ltr'><strong>etiam</strong></span> <span class='ocrx_word' id='word_1_307' title='bbox 2676 1558 2810 1612; x_wconf 85' lang='lat' dir='ltr'><strong>dicit</strong></span> <span class='ocrx_word' id='word_1_308' title='bbox 2850 1558 3100 1611; x_wconf 86' lang='lat' dir='ltr'><strong>scribens</strong></span> <span class='ocrx_word' id='word_1_309' title='bbox 3132 1557 3197 1610; x_wconf 89' lang='lat' dir='ltr'><strong>ad</strong></span> <span class='ocrx_word' id='word_1_310' title='bbox 3227 1557 3421 1611; x_wconf 87' lang='lat' dir='ltr'><strong>Corin-</strong></span> 
     </span>
    </p>
   </div>
   <div class='ocr_carea' id='block_1_45' title="bbox 1864 1649 3419 1715">
    <p class='ocr_par' dir='ltr' id='par_1_45' title="bbox 1864 1649 3419 1715">
     <span class='ocr_line' id='line_1_45' title="bbox 1864 1649 3419 1715; baseline -0.005 -8"><span class='ocrx_word' id='word_1_311' title='bbox 1864 1656 2007 1707; x_wconf 77' lang='lat' dir='ltr'><strong>thios</strong></span> <span class='ocrx_word' id='word_1_312' title='bbox 2040 1670 2054 1705; x_wconf 90' lang='lat'><strong>:</strong></span> <span class='ocrx_word' id='word_1_313' title='bbox 2088 1672 2107 1703; x_wconf 85' lang='grc' dir='ltr'><strong>ι</strong></span> <span class='ocrx_word' id='word_1_314' title='bbox 2143 1652 2259 1705; x_wconf 82' lang='grc' dir='ltr'>Νοιι</span> <span class='ocrx_word' id='word_1_315' title='bbox 2306 1668 2371 1706; x_wconf 86' lang='lat' dir='ltr'><strong>ex</strong></span> <span class='ocrx_word' id='word_1_316' title='bbox 2426 1651 2648 1706; x_wconf 86' lang='lat' dir='ltr'><strong>tristitia</strong></span> <span class='ocrx_word' id='word_1_317' title='bbox 2679 1692 2694 1715; x_wconf 91' lang='lat'><strong>,</strong></span> <span class='ocrx_word' id='word_1_318' title='bbox 2755 1658 2849 1702; x_wconf 89' lang='lat' dir='ltr'><strong>aut</strong></span> <span class='ocrx_word' id='word_1_319' title='bbox 2899 1664 2967 1702; x_wconf 92' lang='lat' dir='ltr'><strong>ex</strong></span> <span class='ocrx_word' id='word_1_320' title='bbox 3034 1649 3365 1701; x_wconf 88' lang='lat' dir='ltr'><strong>necessitate</strong></span> <span class='ocrx_word' id='word_1_321' title='bbox 3403 1664 3419 1699; x_wconf 88' lang='lat'><strong>:</strong></span> 
     </span>
    </p>
   </div>
   <div class='ocr_carea' id='block_1_46' title="bbox 1866 1738 3420 1810">
    <p class='ocr_par' dir='ltr' id='par_1_46' title="bbox 1866 1738 3420 1810">
     <span class='ocr_line' id='line_1_46' title="bbox 1866 1738 3420 1810; baseline -0.004 -12"><span class='ocrx_word' id='word_1_322' title='bbox 1866 1746 2090 1799; x_wconf 84' lang='lat' dir='ltr'><strong>hilarem</strong></span> <span class='ocrx_word' id='word_1_323' title='bbox 2125 1745 2269 1798; x_wconf 91' lang='lat' dir='ltr'><strong>enim</strong></span> <span class='ocrx_word' id='word_1_324' title='bbox 2299 1742 2540 1795; x_wconf 84' lang='lat' dir='ltr'><strong>datorem</strong></span> <span class='ocrx_word' id='word_1_325' title='bbox 2573 1741 2751 1810; x_wconf 79' lang='lat' dir='ltr'><strong>diligit</strong></span> <span class='ocrx_word' id='word_1_326' title='bbox 2780 1742 2989 1794; x_wconf 66' lang='lat' dir='ltr'><strong>Deus“.</strong></span> <span class='ocrx_word' id='word_1_327' title='bbox 3025 1758 3044 1790; x_wconf 74' lang='grc' dir='ltr'><strong>ι</strong></span> <span class='ocrx_word' id='word_1_328' title='bbox 3086 1738 3254 1791; x_wconf 87' lang='lat' dir='ltr'><strong>Porro</strong></span> <span class='ocrx_word' id='word_1_329' title='bbox 3286 1739 3420 1792; x_wconf 89' lang='lat' dir='ltr'><strong>dile-</strong></span> 
     </span>
    </p>
   </div>
   <div class='ocr_carea' id='block_1_47' title="bbox 1861 1830 3417 1904">
    <p class='ocr_par' dir='ltr' id='par_1_47' title="bbox 1861 1830 3417 1904">
     <span class='ocr_line' id='line_1_47' title="bbox 1861 1830 3417 1904; baseline -0.005 -13"><span class='ocrx_word' id='word_1_330' title='bbox 1861 1838 2099 1891; x_wconf 89' lang='lat' dir='ltr'><strong>ctionem</strong></span> <span class='ocrx_word' id='word_1_331' title='bbox 2137 1849 2353 1904; x_wconf 83' lang='lat' dir='ltr'><strong>quoque.</strong></span> <span class='ocrx_word' id='word_1_332' title='bbox 2384 1834 2657 1887; x_wconf 86' lang='lat' dir='ltr'><strong>sinceram</strong></span> <span class='ocrx_word' id='word_1_333' title='bbox 2692 1848 2811 1885; x_wconf 88' lang='lat' dir='ltr'><strong>esse</strong></span> <span class='ocrx_word' id='word_1_334' title='bbox 2851 1830 3119 1900; x_wconf 66' lang='lat' dir='ltr'><strong>praecipit,</strong></span> <span class='ocrx_word' id='word_1_335' title='bbox 3164 1839 3218 1884; x_wconf 91' lang='lat' dir='ltr'><strong>et</strong></span> <span class='ocrx_word' id='word_1_336' title='bbox 3244 1831 3417 1884; x_wconf 90' lang='lat' dir='ltr'><strong>simu-</strong></span> 
     </span>
    </p>
   </div>
   <div class='ocr_carea' id='block_1_48' title="bbox 1860 1920 3419 1995">
    <p class='ocr_par' dir='ltr' id='par_1_48' title="bbox 1860 1920 3419 1995">
     <span class='ocr_line' id='line_1_48' title="bbox 1860 1920 3419 1995; baseline -0.006 -12"><span class='ocrx_word' id='word_1_337' title='bbox 1860 1929 2081 1983; x_wconf 87' lang='lat' dir='ltr'><strong>lationis</strong></span> <span class='ocrx_word' id='word_1_338' title='bbox 2108 1941 2397 1995; x_wconf 89' lang='lat' dir='ltr'><strong>personam</strong></span> <span class='ocrx_word' id='word_1_339' title='bbox 2433 1924 2636 1995; x_wconf 86' lang='lat' dir='ltr'><strong>rejieit.</strong></span> <span class='ocrx_word' id='word_1_340' title='bbox 2680 1920 2923 1977; x_wconf 74' lang='lat' dir='ltr'><strong>0dientes</strong></span> <span class='ocrx_word' id='word_1_341' title='bbox 2965 1921 3165 1975; x_wconf 86' lang='lat' dir='ltr'><strong>malum</strong></span> <span class='ocrx_word' id='word_1_342' title='bbox 3190 1962 3204 1986; x_wconf 93' lang='lat'><strong>,</strong></span> <span class='ocrx_word' id='word_1_343' title='bbox 3240 1920 3419 1973; x_wconf 73' lang='lat' dir='ltr'><strong>adlic-</strong></span> 
     </span>
    </p>
   </div>
   <div class='ocr_carea' id='block_1_49' title="bbox 1860 2010 3417 2082">
    <p class='ocr_par' dir='ltr' id='par_1_49' title="bbox 1860 2010 3417 2082">
     <span class='ocr_line' id='line_1_49' title="bbox 1860 2010 3417 2082; baseline -0.007 -7"><span class='ocrx_word' id='word_1_344' title='bbox 1860 2030 2027 2076; x_wconf 77' lang='lat' dir='ltr'><strong>rentes</strong></span> <span class='ocrx_word' id='word_1_345' title='bbox 2070 2021 2222 2073; x_wconf 81' lang='lat' dir='ltr'><strong>bono.</strong></span> <span class='ocrx_word' id='word_1_346' title='bbox 2260 2017 2470 2072; x_wconf 84' lang='lat' dir='ltr'><strong>Rursus</strong></span> <span class='ocrx_word' id='word_1_347' title='bbox 2522 2031 2630 2070; x_wconf 92' lang='lat' dir='ltr'><strong>non</strong></span> <span class='ocrx_word' id='word_1_348' title='bbox 2688 2015 2825 2069; x_wconf 87' lang='lat' dir='ltr'><strong>dixit</strong></span> <span class='ocrx_word' id='word_1_349' title='bbox 2878 2013 3249 2082; x_wconf 83' lang='lat' dir='ltr'><strong>simpliciter,</strong></span> <span class='ocrx_word' id='word_1_350' title='bbox 3312 2010 3417 2065; x_wconf 90' lang='lat' dir='ltr'><strong>hoc</strong></span> 
     </span>
    </p>
   </div>
   <div class='ocr_carea' id='block_1_50' title="bbox 1860 2101 3415 2185">
    <p class='ocr_par' dir='ltr' id='par_1_50' title="bbox 1860 2101 3415 2185">
     <span class='ocr_line' id='line_1_50' title="bbox 1860 2101 3415 2185; baseline -0.01 -17"><span class='ocrx_word' id='word_1_351' title='bbox 1860 2114 2078 2185; x_wconf 81' lang='lat' dir='ltr'><strong>quidem</strong></span> <span class='ocrx_word' id='word_1_352' title='bbox 2130 2111 2334 2182; x_wconf 80' lang='lat' dir='ltr'><strong>fugere,</strong></span> <span class='ocrx_word' id='word_1_353' title='bbox 2373 2110 2504 2162; x_wconf 90' lang='lat' dir='ltr'><strong>illud</strong></span> <span class='ocrx_word' id='word_1_354' title='bbox 2542 2124 2669 2162; x_wconf 87' lang='lat' dir='ltr'><strong>vero</strong></span> <span class='ocrx_word' id='word_1_355' title='bbox 2711 2107 2963 2176; x_wconf 88' lang='lat' dir='ltr'><strong>persequi</strong></span> <span class='ocrx_word' id='word_1_356' title='bbox 3015 2120 3030 2157; x_wconf 91' lang='lat'><strong>:</strong></span> <span class='ocrx_word' id='word_1_357' title='bbox 3087 2101 3183 2158; x_wconf 85' lang='lat' dir='ltr'><strong>sed</strong></span> <span class='ocrx_word' id='word_1_358' title='bbox 3224 2102 3415 2155; x_wconf 81' lang='lat' dir='ltr'><strong>vitium</strong></span> 
     </span>
    </p>
   </div>
   <div class='ocr_carea' id='block_1_51' title="bbox 1858 2200 3417 2274">
    <p class='ocr_par' dir='ltr' id='par_1_51' title="bbox 1858 2200 3417 2274">
     <span class='ocr_line' id='line_1_51' title="bbox 1858 2200 3417 2274; baseline -0.007 -15"><span class='ocrx_word' id='word_1_359' title='bbox 1858 2206 2075 2274; x_wconf 86' lang='lat' dir='ltr'><strong>quidem</strong></span> <span class='ocrx_word' id='word_1_360' title='bbox 2114 2205 2463 2258; x_wconf 80' lang='lat' dir='ltr'><strong>vehementer</strong></span> <span class='ocrx_word' id='word_1_361' title='bbox 2490 2201 2707 2263; x_wconf 84' lang='lat' dir='ltr'><strong>odisse,</strong></span> <span class='ocrx_word' id='word_1_362' title='bbox 2760 2200 3026 2252; x_wconf 89' lang='lat' dir='ltr'><strong>bonorum</strong></span> <span class='ocrx_word' id='word_1_363' title='bbox 3062 2203 3247 2250; x_wconf 87' lang='lat' dir='ltr'><strong>autem</strong></span> <span class='ocrx_word' id='word_1_364' title='bbox 3282 2207 3417 2263; x_wconf 87' lang='lat' dir='ltr'><strong>ope-</strong></span> 
     </span>
    </p>
   </div>
   <div class='ocr_carea' id='block_1_52' title="bbox 1858 2286 3417 2360">
    <p class='ocr_par' dir='ltr' id='par_1_52' title="bbox 1858 2286 3417 2360">
     <span class='ocr_line' id='line_1_52' title="bbox 1858 2286 3417 2360; baseline -0.01 -7"><span class='ocrx_word' id='word_1_365' title='bbox 1858 2299 2055 2354; x_wconf 89' lang='lat' dir='ltr'><strong>rationi</strong></span> <span class='ocrx_word' id='word_1_366' title='bbox 2108 2296 2264 2350; x_wconf 80' lang='lat' dir='ltr'><strong>valtle</strong></span> <span class='ocrx_word' id='word_1_367' title='bbox 2298 2294 2576 2347; x_wconf 55' lang='lat' dir='ltr'><strong>adhaerere</strong></span> <span class='ocrx_word' id='word_1_368' title='bbox 2629 2290 2919 2360; x_wconf 70' lang='lat' dir='ltr'><strong>praecipit,</strong></span> <span class='ocrx_word' id='word_1_369' title='bbox 2968 2286 3258 2342; x_wconf 78' lang='lat' dir='ltr'><strong>aﬂ’ectione</strong></span> <span class='ocrx_word' id='word_1_370' title='bbox 3290 2295 3417 2340; x_wconf 85' lang='lat' dir='ltr'><strong>tan-</strong></span> 
     </span>
    </p>
   </div>
   <div class='ocr_carea' id='block_1_53' title="bbox 1857 2388 2747 2461">
    <p class='ocr_par' dir='ltr' id='par_1_53' title="bbox 1857 2388 2747 2461">
     <span class='ocr_line' id='line_1_53' title="bbox 1857 2388 2747 2461; baseline -0.008 -17"><span class='ocrx_word' id='word_1_371' title='bbox 1857 2408 2019 2461; x_wconf 85' lang='lat' dir='ltr'><strong>quam</strong></span> <span class='ocrx_word' id='word_1_372' title='bbox 2052 2391 2260 2461; x_wconf 85' lang='lat' dir='ltr'><strong>glutine</strong></span> <span class='ocrx_word' id='word_1_373' title='bbox 2288 2388 2473 2456; x_wconf 89' lang='lat' dir='ltr'><strong>aliquo</strong></span> <span class='ocrx_word' id='word_1_374' title='bbox 2513 2392 2747 2439; x_wconf 86' lang='lat' dir='ltr'><strong>utentes.</strong></span> 
     </span>
    </p>
   </div>
   <div class='ocr_carea' id='block_1_54' title="bbox 1932 2472 3418 2547">
    <p class='ocr_par' dir='ltr' id='par_1_54' title="bbox 1932 2472 3418 2547">
     <span class='ocr_line' id='line_1_54' title="bbox 1932 2472 3418 2547; baseline -0.007 -11"><span class='ocrx_word' id='word_1_375' title='bbox 1932 2484 2098 2536; x_wconf 64' lang='grc' dir='ltr'>ναις.</span> <span class='ocrx_word' id='word_1_376' title='bbox 2128 2481 2212 2534; x_wconf 73' lang='grc'><strong>10.</strong></span> <span class='ocrx_word' id='word_1_377' title='bbox 2250 2478 2522 2534; x_wconf 81' lang='lat' dir='ltr'><strong>Charitate</strong></span> <span class='ocrx_word' id='word_1_378' title='bbox 2561 2477 2915 2547; x_wconf 78' lang='lat' dir='ltr'><strong>fraternitatis</strong></span> <span class='ocrx_word' id='word_1_379' title='bbox 2940 2477 3159 2528; x_wconf 61' lang='lat' dir='ltr'><strong>invicem</strong></span> <span class='ocrx_word' id='word_1_380' title='bbox 3190 2472 3418 2543; x_wconf 79' lang='lat' dir='ltr'><strong>diligen-</strong></span> 
     </span>
    </p>
   </div>
   <div class='ocr_carea' id='block_1_55' title="bbox 1858 2563 3414 2639">
    <p class='ocr_par' dir='ltr' id='par_1_55' title="bbox 1858 2563 3414 2639">
     <span class='ocr_line' id='line_1_55' title="bbox 1858 2563 3414 2639; baseline -0.008 -13"><span class='ocrx_word' id='word_1_381' title='bbox 1858 2584 1955 2639; x_wconf 80' lang='lat' dir='ltr'><strong>tes,</strong></span> <span class='ocrx_word' id='word_1_382' title='bbox 1988 2573 2180 2625; x_wconf 83' lang='lat' dir='ltr'><strong>honore</strong></span> <span class='ocrx_word' id='word_1_383' title='bbox 2221 2572 2439 2623; x_wconf 85' lang='lat' dir='ltr'><strong>invicem</strong></span> <span class='ocrx_word' id='word_1_384' title='bbox 2470 2568 2857 2637; x_wconf 73' lang='lat' dir='ltr'><strong>pm&#39;venientes.</strong></span> <span class='ocrx_word' id='word_1_385' title='bbox 2890 2564 3094 2620; x_wconf 87' lang='lat' dir='ltr'><strong>llabete</strong></span> <span class='ocrx_word' id='word_1_386' title='bbox 3137 2563 3414 2617; x_wconf 84' lang='lat' dir='ltr'><strong>ardentem</strong></span> 
     </span>
    </p>
   </div>
   <div class='ocr_carea' id='block_1_56' title="bbox 1855 2655 3411 2721">
    <p class='ocr_par' dir='ltr' id='par_1_56' title="bbox 1855 2655 3411 2721">
     <span class='ocr_line' id='line_1_56' title="bbox 1855 2655 3411 2721; baseline -0.009 -1"><span class='ocrx_word' id='word_1_387' title='bbox 1855 2677 1908 2721; x_wconf 92' lang='lat' dir='ltr'><strong>et</strong></span> <span class='ocrx_word' id='word_1_388' title='bbox 1947 2666 2209 2718; x_wconf 81' lang='lat' dir='ltr'><strong>fratribus</strong></span> <span class='ocrx_word' id='word_1_389' title='bbox 2242 2662 2659 2717; x_wconf 79' lang='lat' dir='ltr'><strong>convenientem</strong></span> <span class='ocrx_word' id='word_1_390' title='bbox 2708 2661 2850 2713; x_wconf 87' lang='lat' dir='ltr'><strong>inter</strong></span> <span class='ocrx_word' id='word_1_391' title='bbox 2899 2673 2997 2712; x_wconf 89' lang='lat' dir='ltr'><strong>vos</strong></span> <span class='ocrx_word' id='word_1_392' title='bbox 3029 2655 3369 2709; x_wconf 70' lang='lat' dir='ltr'><strong>aﬂectionem</strong></span> <span class='ocrx_word' id='word_1_393' title='bbox 3399 2671 3411 2706; x_wconf 91' lang='lat'><strong>:</strong></span> 
     </span>
    </p>
   </div>
   <div class='ocr_carea' id='block_1_57' title="bbox 1855 2750 3411 2823">
    <p class='ocr_par' dir='ltr' id='par_1_57' title="bbox 1855 2750 3411 2823">
     <span class='ocr_line' id='line_1_57' title="bbox 1855 2750 3411 2823; baseline -0.009 -10"><span class='ocrx_word' id='word_1_394' title='bbox 1855 2759 2011 2814; x_wconf 86' lang='lat' dir='ltr'><strong>cedat</strong></span> <span class='ocrx_word' id='word_1_395' title='bbox 2034 2770 2215 2811; x_wconf 89' lang='lat' dir='ltr'><strong>autem</strong></span> <span class='ocrx_word' id='word_1_396' title='bbox 2247 2756 2625 2823; x_wconf 85' lang='lat' dir='ltr'><strong>unusquisque</strong></span> <span class='ocrx_word' id='word_1_397' title='bbox 2656 2752 2903 2821; x_wconf 83' lang='lat' dir='ltr'><strong>proximo</strong></span> <span class='ocrx_word' id='word_1_398' title='bbox 2939 2750 3145 2819; x_wconf 86' lang='lat' dir='ltr'><strong>primas</strong></span> <span class='ocrx_word' id='word_1_399' title='bbox 3181 2754 3365 2818; x_wconf 89' lang='lat' dir='ltr'><strong>partes</strong></span> <span class='ocrx_word' id='word_1_400' title='bbox 3400 2766 3411 2799; x_wconf 92' lang='lat'>:</span> 
     </span>
    </p>
   </div>
   <div class='ocr_carea' id='block_1_58' title="bbox 1855 2842 3199 2917">
    <p class='ocr_par' dir='ltr' id='par_1_58' title="bbox 1855 2842 3199 2917">
     <span class='ocr_line' id='line_1_58' title="bbox 1855 2842 3199 2917; baseline -0.01 -11"><span class='ocrx_word' id='word_1_401' title='bbox 1855 2852 1962 2906; x_wconf 87' lang='lat' dir='ltr'><strong>hoc</strong></span> <span class='ocrx_word' id='word_1_402' title='bbox 1994 2858 2076 2904; x_wconf 86' lang='lat' dir='ltr'><strong>est.</strong></span> <span class='ocrx_word' id='word_1_403' title='bbox 2105 2851 2248 2902; x_wconf 85' lang='lat' dir='ltr'><strong>enim</strong></span> <span class='ocrx_word' id='word_1_404' title='bbox 2285 2847 2439 2917; x_wconf 77' lang='lat'><strong>133</strong></span> <span class='ocrx_word' id='word_1_405' title='bbox 2468 2861 2607 2900; x_wconf 77' lang='lat' dir='ltr'><strong>vera:</strong></span> <span class='ocrx_word' id='word_1_406' title='bbox 2636 2844 2886 2897; x_wconf 73' lang='lat' dir='ltr'><strong>amicitia:</strong></span> <span class='ocrx_word' id='word_1_407' title='bbox 2915 2842 3199 2895; x_wconf 84' lang='lat' dir='ltr'><strong>indicium.</strong></span> 
     </span>
    </p>
   </div>
   <div class='ocr_carea' id='block_1_59' title="bbox 1925 2930 3418 3002">
    <p class='ocr_par' dir='ltr' id='par_1_59' title="bbox 1925 2930 3418 3002">
     <span class='ocr_line' id='line_1_59' title="bbox 1925 2930 3418 3002; baseline -0.008 -7"><span class='ocrx_word' id='word_1_408' title='bbox 1925 2943 2091 2996; x_wconf 73' lang='lat' dir='ltr'><strong>Vens.</strong></span> <span class='ocrx_word' id='word_1_409' title='bbox 2139 2941 2224 2993; x_wconf 86' lang='grc'><strong>11.</strong></span> <span class='ocrx_word' id='word_1_410' title='bbox 2252 2938 2615 2992; x_wconf 83' lang='lat' dir='ltr'><strong>Sollicitudine</strong></span> <span class='ocrx_word' id='word_1_411' title='bbox 2663 2952 2764 2988; x_wconf 88' lang='lat' dir='ltr'><strong>non</strong></span> <span class='ocrx_word' id='word_1_412' title='bbox 2795 2934 2952 3002; x_wconf 78' lang='lat' dir='ltr'><strong>pigri.</strong></span> <span class='ocrx_word' id='word_1_413' title='bbox 2988 2933 3186 2984; x_wconf 86' lang='lat' dir='ltr'><strong>Puram</strong></span> <span class='ocrx_word' id='word_1_414' title='bbox 3216 2938 3270 2984; x_wconf 87' lang='lat' dir='ltr'><strong>et</strong></span> <span class='ocrx_word' id='word_1_415' title='bbox 3302 2930 3418 2984; x_wconf 83' lang='lat' dir='ltr'><strong>sin-</strong></span> 
     </span>
    </p>
   </div>
   <div class='ocr_carea' id='block_1_60' title="bbox 1854 3020 3411 3099">
    <p class='ocr_par' dir='ltr' id='par_1_60' title="bbox 1854 3020 3411 3099">
     <span class='ocr_line' id='line_1_60' title="bbox 1854 3020 3411 3099; baseline -0.01 -11"><span class='ocrx_word' id='word_1_416' title='bbox 1854 3049 2036 3089; x_wconf 89' lang='lat' dir='ltr'><strong>ceram</strong></span> <span class='ocrx_word' id='word_1_417' title='bbox 2074 3030 2240 3085; x_wconf 80' lang='lat' dir='ltr'><strong>animi</strong></span> <span class='ocrx_word' id='word_1_418' title='bbox 2274 3020 2753 3099; x_wconf 85' lang='lat' dir='ltr'><strong>promptitudinem</strong></span> <span class='ocrx_word' id='word_1_419' title='bbox 2796 3027 2860 3075; x_wconf 73' lang='grc' dir='ltr'>τιςι</span> <span class='ocrx_word' id='word_1_420' title='bbox 2896 3041 2956 3076; x_wconf 89' lang='lat' dir='ltr'><strong>ea</strong></span> <span class='ocrx_word' id='word_1_421' title='bbox 3001 3038 3122 3091; x_wconf 69' lang='lat' dir='ltr'><strong>quae</strong></span> <span class='ocrx_word' id='word_1_422' title='bbox 3155 3028 3283 3075; x_wconf 87' lang='lat' dir='ltr'><strong>sunt</strong></span> <span class='ocrx_word' id='word_1_423' title='bbox 3314 3021 3411 3073; x_wconf 87' lang='lat' dir='ltr'><strong>lio-</strong></span> 
     </span>
    </p>
   </div>
   <div class='ocr_carea' id='block_1_61' title="bbox 176 3098 1838 3183">
    <p class='ocr_par' dir='ltr' id='par_1_61' title="bbox 176 3098 1820 3175">
     <span class='ocr_line' id='line_1_61' title="bbox 176 3098 1820 3175; baseline -0.002 -24"><span class='ocrx_word' id='word_1_424' title='bbox 176 3098 457 3161; x_wconf 76' lang='grc' dir='ltr'>παντελῶς</span> <span class='ocrx_word' id='word_1_425' title='bbox 486 3098 903 3160; x_wconf 73' lang='grc' dir='ltr'>ἀπελαύνοντες.</span> <span class='ocrx_word' id='word_1_426' title='bbox 958 3098 1040 3161; x_wconf 78' lang='grc' dir='ltr'><strong>Τῷ</strong></span> <span class='ocrx_word' id='word_1_427' title='bbox 1080 3100 1369 3167; x_wconf 80' lang='grc' dir='ltr'>πνεύματι</span> <span class='ocrx_word' id='word_1_428' title='bbox 1412 3098 1657 3164; x_wconf 75' lang='grc' dir='ltr'>ζέοντες.</span> <span class='ocrx_word' id='word_1_429' title='bbox 1681 3128 1750 3137; x_wconf 92' lang='grc'><strong><em>-</em></strong></span> <span class='ocrx_word' id='word_1_430' title='bbox 1778 3119 1820 3175; x_wconf 76' lang='lat' dir='ltr'><strong>C</strong></span> 
     </span>
    </p>
   </div>
   <div class='ocr_carea' id='block_1_62' title="bbox 1753 3098 3415 3183">
    <p class='ocr_par' dir='ltr' id='par_1_62' title="bbox 1778 3112 3415 3183">
     <span class='ocr_line' id='line_1_62' title="bbox 1778 3112 3415 3183; baseline -0.007 -8"><span class='ocrx_word' id='word_1_431' title='bbox 1778 3119 1820 3175; x_wconf 87' lang='lat' dir='ltr'><strong>C</strong></span> <span class='ocrx_word' id='word_1_432' title='bbox 1855 3133 2010 3179; x_wconf 84' lang='lat' dir='ltr'><strong>uesta</strong></span> <span class='ocrx_word' id='word_1_433' title='bbox 2066 3121 2437 3183; x_wconf 79' lang='lat' dir='ltr'><strong>ostendentes,</strong></span> <span class='ocrx_word' id='word_1_434' title='bbox 2490 3126 2544 3172; x_wconf 85' lang='lat' dir='ltr'><strong>et.</strong></span> <span class='ocrx_word' id='word_1_435' title='bbox 2590 3116 2902 3173; x_wconf 82' lang='lat' dir='ltr'><strong>socordiam</strong></span> <span class='ocrx_word' id='word_1_436' title='bbox 2956 3114 3181 3168; x_wconf 89' lang='lat' dir='ltr'><strong>omnino</strong></span> <span class='ocrx_word' id='word_1_437' title='bbox 3236 3112 3415 3180; x_wconf 83' lang='lat' dir='ltr'><strong>expel-</strong></span> 
     </span>
    </p>
   </div>
   <div class='ocr_carea' id='block_1_63' title="bbox 176 3188 1754 3260">
    <p class='ocr_par' dir='ltr' id='par_1_63' title="bbox 176 3188 1754 3260">
     <span class='ocr_line' id='line_1_63' title="bbox 176 3188 1754 3260; baseline -0.001 -18"><span class='ocrx_word' id='word_1_438' title='bbox 176 3192 417 3258; x_wconf 79' lang='grc' dir='ltr'>Πνεῦμα</span> <span class='ocrx_word' id='word_1_439' title='bbox 440 3188 503 3240; x_wconf 80' lang='grc' dir='ltr'>τὸ</span> <span class='ocrx_word' id='word_1_440' title='bbox 534 3189 779 3258; x_wconf 77' lang='grc' dir='ltr'>χάρισμα</span> <span class='ocrx_word' id='word_1_441' title='bbox 811 3190 1265 3260; x_wconf 75' lang='grc' dir='ltr'>προσηγόρευσεν.</span> <span class='ocrx_word' id='word_1_442' title='bbox 1300 3190 1471 3259; x_wconf 78' lang='grc' dir='ltr'>Ὕλην</span> <span class='ocrx_word' id='word_1_443' title='bbox 1501 3190 1555 3242; x_wconf 74' lang='grc' dir='ltr'>δὲ</span> <span class='ocrx_word' id='word_1_444' title='bbox 1581 3190 1754 3259; x_wconf 80' lang='grc' dir='ltr'>τούτῳ</span> 
     </span>
    </p>
   </div>
   <div class='ocr_carea' id='block_1_64' title="bbox 176 3279 1753 3350">
    <p class='ocr_par' dir='ltr' id='par_1_64' title="bbox 176 3279 1753 3350">
     <span class='ocr_line' id='line_1_64' title="bbox 176 3279 1753 3350; baseline 0 -19"><span class='ocrx_word' id='word_1_445' title='bbox 176 3280 535 3350; x_wconf 66' lang='grc' dir='ltr'>προσφέρειν,</span> <span class='ocrx_word' id='word_1_446' title='bbox 599 3279 850 3348; x_wconf 66' lang='grc' dir='ltr'>καθάπερ</span> <span class='ocrx_word' id='word_1_447' title='bbox 907 3279 1039 3343; x_wconf 79' lang='grc' dir='ltr'>ξύλα</span> <span class='ocrx_word' id='word_1_448' title='bbox 1094 3281 1263 3349; x_wconf 74' lang='grc' dir='ltr'>πυρὶ,</span> <span class='ocrx_word' id='word_1_449' title='bbox 1296 3281 1393 3349; x_wconf 72' lang='grc' dir='ltr'><strong>τὴν</strong></span> <span class='ocrx_word' id='word_1_450' title='bbox 1441 3281 1753 3350; x_wconf 73' lang='grc' dir='ltr'>προθυμίαν</span> 
     </span>
    </p>
   </div>
   <div class='ocr_carea' id='block_1_65' title="bbox 176 3370 1752 3440">
    <p class='ocr_par' dir='ltr' id='par_1_65' title="bbox 176 3370 1752 3440">
     <span class='ocr_line' id='line_1_65' title="bbox 176 3370 1752 3440; baseline -0.001 -15"><span class='ocrx_word' id='word_1_451' title='bbox 176 3374 428 3425; x_wconf 69' lang='grc' dir='ltr'>ἐκέλευσε</span> <span class='ocrx_word' id='word_1_452' title='bbox 442 3373 511 3424; x_wconf 78' lang='grc'><strong>’⁵.</strong></span> <span class='ocrx_word' id='word_1_453' title='bbox 532 3370 703 3423; x_wconf 75' lang='grc' dir='ltr'>Τοῦτο</span> <span class='ocrx_word' id='word_1_454' title='bbox 722 3371 777 3422; x_wconf 82' lang='grc' dir='ltr'>δὲ</span> <span class='ocrx_word' id='word_1_455' title='bbox 812 3372 906 3422; x_wconf 70' lang='grc' dir='ltr'>καὶ</span> <span class='ocrx_word' id='word_1_456' title='bbox 928 3370 1153 3439; x_wconf 77' lang='grc' dir='ltr'>ἑτέρωθι</span> <span class='ocrx_word' id='word_1_457' title='bbox 1177 3372 1344 3436; x_wconf 75' lang='grc' dir='ltr'>λέγει·</span> <span class='ocrx_word' id='word_1_458' title='bbox 1379 3370 1495 3423; x_wconf 78' lang='grc' dir='ltr'><strong>ι’Τὸ</strong></span> <span class='ocrx_word' id='word_1_459' title='bbox 1530 3372 1752 3440; x_wconf 75' lang='grc' dir='ltr'>Πνεῦμα</span> 
     </span>
    </p>
   </div>
   <div class='ocr_carea' id='block_1_66' title="bbox 180 3464 1754 3537">
    <p class='ocr_par' dir='ltr' id='par_1_66' title="bbox 180 3464 1754 3537">
     <span class='ocr_line' id='line_1_66' title="bbox 180 3464 1754 3537; baseline -0.003 -18"><span class='ocrx_word' id='word_1_460' title='bbox 180 3468 250 3537; x_wconf 80' lang='grc' dir='ltr'>μὴ</span> <span class='ocrx_word' id='word_1_461' title='bbox 281 3467 562 3519; x_wconf 72' lang='grc' dir='ltr'>σϐέννυτε.</span> <span class='ocrx_word' id='word_1_462' title='bbox 593 3484 609 3515; x_wconf 72' lang='grc' dir='ltr'><strong>ι</strong></span> <span class='ocrx_word' id='word_1_463' title='bbox 644 3464 936 3515; x_wconf 74' lang='grc' dir='ltr'>Σὸἐννυται</span> <span class='ocrx_word' id='word_1_464' title='bbox 965 3464 1021 3515; x_wconf 80' lang='grc' dir='ltr'>δὲ</span> <span class='ocrx_word' id='word_1_465' title='bbox 1046 3464 1106 3516; x_wconf 70' lang='grc' dir='ltr'><strong>τὸ</strong></span> <span class='ocrx_word' id='word_1_466' title='bbox 1130 3464 1351 3533; x_wconf 75' lang='grc' dir='ltr'>Πνεῦμα</span> <span class='ocrx_word' id='word_1_467' title='bbox 1379 3467 1487 3527; x_wconf 86' lang='grc' dir='ltr'>τοῖς</span> <span class='ocrx_word' id='word_1_468' title='bbox 1521 3465 1754 3528; x_wconf 75' lang='grc' dir='ltr'>ἀναξίοις</span> 
     </span>
    </p>
   </div>
   <div class='ocr_carea' id='block_1_67' title="bbox 176 3553 1754 3629">
    <p class='ocr_par' dir='ltr' id='par_1_67' title="bbox 176 3553 1754 3629">
     <span class='ocr_line' id='line_1_67' title="bbox 176 3553 1754 3629; baseline -0.004 -18"><span class='ocrx_word' id='word_1_469' title='bbox 176 3560 265 3625; x_wconf 72' lang='grc' dir='ltr'>τῆς</span> <span class='ocrx_word' id='word_1_470' title='bbox 295 3560 547 3629; x_wconf 77' lang='grc' dir='ltr'>χάριτος.</span> <span class='ocrx_word' id='word_1_471' title='bbox 581 3556 695 3607; x_wconf 79' lang='grc' dir='ltr'><strong>Ούκ</strong></span> <span class='ocrx_word' id='word_1_472' title='bbox 717 3554 932 3624; x_wconf 80' lang='grc' dir='ltr'>ἔχοντες</span> <span class='ocrx_word' id='word_1_473' title='bbox 960 3555 1069 3624; x_wconf 77' lang='grc' dir='ltr'>γὰρ</span> <span class='ocrx_word' id='word_1_474' title='bbox 1110 3553 1349 3623; x_wconf 68' lang='grc' dir='ltr'>καθαρὸν</span> <span class='ocrx_word' id='word_1_475' title='bbox 1381 3558 1479 3623; x_wconf 85' lang='grc' dir='ltr'>τῆς</span> <span class='ocrx_word' id='word_1_476' title='bbox 1517 3555 1754 3619; x_wconf 79' lang='grc' dir='ltr'>διανοίας</span> 
     </span>
    </p>
   </div>
   <div class='ocr_carea' id='block_1_68' title="bbox 175 3644 1755 3717">
    <p class='ocr_par' dir='ltr' id='par_1_68' title="bbox 175 3644 1755 3717">
     <span class='ocr_line' id='line_1_68' title="bbox 175 3644 1755 3717; baseline -0.001 -17"><span class='ocrx_word' id='word_1_477' title='bbox 175 3649 231 3700; x_wconf 69' lang='grc' dir='ltr'>τὸ</span> <span class='ocrx_word' id='word_1_478' title='bbox 256 3649 435 3717; x_wconf 68' lang='grc' dir='ltr'>ὄμμα,</span> <span class='ocrx_word' id='word_1_479' title='bbox 466 3648 567 3717; x_wconf 83' lang='grc' dir='ltr'>τὴν</span> <span class='ocrx_word' id='word_1_480' title='bbox 600 3647 795 3714; x_wconf 78' lang='grc' dir='ltr'>αἴγλην</span> <span class='ocrx_word' id='word_1_481' title='bbox 828 3645 1043 3715; x_wconf 77' lang='grc' dir='ltr'>ἐκείνην</span> <span class='ocrx_word' id='word_1_482' title='bbox 1075 3645 1134 3696; x_wconf 80' lang='grc' dir='ltr'>οὐ</span> <span class='ocrx_word' id='word_1_483' title='bbox 1170 3645 1439 3714; x_wconf 78' lang='grc' dir='ltr'>δέχονται.</span> <span class='ocrx_word' id='word_1_484' title='bbox 1481 3644 1638 3698; x_wconf 76' lang='grc' dir='ltr'>Οὕτω</span> <span class='ocrx_word' id='word_1_485' title='bbox 1661 3646 1755 3698; x_wconf 60' lang='grc' dir='ltr'>καὶ</span> 
     </span>
    </p>
   </div>
   <div class='ocr_carea' id='block_1_69' title="bbox 176 3736 1751 3808">
    <p class='ocr_par' dir='ltr' id='par_1_69' title="bbox 176 3736 1751 3808">
     <span class='ocr_line' id='line_1_69' title="bbox 176 3736 1751 3808; baseline -0.001 -18"><span class='ocrx_word' id='word_1_486' title='bbox 176 3744 280 3803; x_wconf 77' lang='grc' dir='ltr'>τοῖς</span> <span class='ocrx_word' id='word_1_487' title='bbox 304 3741 365 3791; x_wconf 78' lang='grc' dir='ltr'>τὸ</span> <span class='ocrx_word' id='word_1_488' title='bbox 406 3738 573 3808; x_wconf 85' lang='grc' dir='ltr'>σῶμα</span> <span class='ocrx_word' id='word_1_489' title='bbox 606 3736 971 3804; x_wconf 60' lang='grc' dir='ltr'>τυφλώττονσι</span> <span class='ocrx_word' id='word_1_490' title='bbox 1011 3736 1200 3799; x_wconf 81' lang='grc' dir='ltr'>σκότος</span> <span class='ocrx_word' id='word_1_491' title='bbox 1245 3738 1360 3789; x_wconf 76' lang='grc' dir='ltr'>ἐστὶ</span> <span class='ocrx_word' id='word_1_492' title='bbox 1391 3738 1485 3789; x_wconf 67' lang='grc' dir='ltr'><strong>κα)⁵</strong></span> <span class='ocrx_word' id='word_1_493' title='bbox 1520 3738 1581 3790; x_wconf 83' lang='grc' dir='ltr'>τὸ</span> <span class='ocrx_word' id='word_1_494' title='bbox 1618 3737 1751 3807; x_wconf 76' lang='grc' dir='ltr'>φῶς,</span> 
     </span>
    </p>
   </div>
   <div class='ocr_carea' id='block_1_70' title="bbox 178 3827 1753 3900">
    <p class='ocr_par' dir='ltr' id='par_1_70' title="bbox 178 3827 1753 3900">
     <span class='ocr_line' id='line_1_70' title="bbox 178 3827 1753 3900; baseline -0.002 -17"><span class='ocrx_word' id='word_1_495' title='bbox 178 3832 265 3883; x_wconf 74' lang='grc' dir='ltr'>καὶ</span> <span class='ocrx_word' id='word_1_496' title='bbox 296 3832 352 3882; x_wconf 77' lang='grc' dir='ltr'>ἐν</span> <span class='ocrx_word' id='word_1_497' title='bbox 399 3829 725 3900; x_wconf 75' lang='grc' dir='ltr'>μεσημϐρίᾳ</span> <span class='ocrx_word' id='word_1_498' title='bbox 782 3828 923 3900; x_wconf 76' lang='grc' dir='ltr'>μέσῃ</span> <span class='ocrx_word' id='word_1_499' title='bbox 967 3827 1046 3897; x_wconf 82' lang='grc' dir='ltr'><strong>τῷ</strong></span> <span class='ocrx_word' id='word_1_500' title='bbox 1103 3828 1248 3896; x_wconf 78' lang='grc' dir='ltr'>ζόφῳ</span> <span class='ocrx_word' id='word_1_501' title='bbox 1293 3828 1623 3883; x_wconf 85' lang='grc' dir='ltr'>δουλεύουσι.</span> <span class='ocrx_word' id='word_1_502' title='bbox 1656 3831 1753 3881; x_wconf 84' lang='grc' dir='ltr'>Διά</span> 
     </span>
    </p>
   </div>
   <div class='ocr_carea' id='block_1_71' title="bbox 181 3917 1753 3989">
    <p class='ocr_par' dir='ltr' id='par_1_71' title="bbox 181 3917 1753 3989">
     <span class='ocr_line' id='line_1_71' title="bbox 181 3917 1753 3989; baseline -0.001 -18"><span class='ocrx_word' id='word_1_503' title='bbox 181 3921 335 3973; x_wconf 70' lang='grc' dir='ltr'>τοῦτο</span> <span class='ocrx_word' id='word_1_504' title='bbox 370 3920 519 3983; x_wconf 80' lang='grc' dir='ltr'>ζέειν</span> <span class='ocrx_word' id='word_1_505' title='bbox 553 3920 703 3988; x_wconf 71' lang='grc' dir='ltr'>ἡμᾶς</span> <span class='ocrx_word' id='word_1_506' title='bbox 747 3918 959 3971; x_wconf 79' lang='grc' dir='ltr'>κελεύει</span> <span class='ocrx_word' id='word_1_507' title='bbox 991 3917 1070 3988; x_wconf 82' lang='grc' dir='ltr'>τῷ</span> <span class='ocrx_word' id='word_1_508' title='bbox 1105 3917 1397 3988; x_wconf 84' lang='grc' dir='ltr'>πνεύματι,</span> <span class='ocrx_word' id='word_1_509' title='bbox 1421 3919 1519 3971; x_wconf 78' lang='grc' dir='ltr'>καὶ</span> <span class='ocrx_word' id='word_1_510' title='bbox 1552 3918 1753 3989; x_wconf 73' lang='grc' dir='ltr'>θερμὸν</span> 
     </span>
    </p>
   </div>
   <div class='ocr_carea' id='block_1_72' title="bbox 180 4008 1678 4083">
    <p class='ocr_par' dir='ltr' id='par_1_72' title="bbox 180 4008 1678 4083">
     <span class='ocr_line' id='line_1_72' title="bbox 180 4008 1678 4083; baseline -0.001 -20"><span class='ocrx_word' id='word_1_511' title='bbox 180 4012 313 4081; x_wconf 79' lang='grc' dir='ltr'>ἔχειν</span> <span class='ocrx_word' id='word_1_512' title='bbox 334 4013 471 4083; x_wconf 86' lang='grc' dir='ltr'>ρί</span> <span class='ocrx_word' id='word_1_513' title='bbox 489 4010 559 4063; x_wconf 85' lang='grc' dir='ltr'><strong>τά</strong></span> <span class='ocrx_word' id='word_1_514' title='bbox 585 4010 703 4063; x_wconf 82' lang='grc' dir='ltr'>θεῖα</span> <span class='ocrx_word' id='word_1_515' title='bbox 728 4010 817 4062; x_wconf 81' lang='grc' dir='ltr'>τὸν</span> <span class='ocrx_word' id='word_1_516' title='bbox 855 4009 1038 4062; x_wconf 84' lang='grc' dir='ltr'>πόθον.</span> <span class='ocrx_word' id='word_1_517' title='bbox 1071 4008 1243 4062; x_wconf 71' lang='grc' dir='ltr'>Τοῦτο</span> <span class='ocrx_word' id='word_1_518' title='bbox 1266 4009 1373 4080; x_wconf 79' lang='grc' dir='ltr'><strong>γὰρ</strong></span> <span class='ocrx_word' id='word_1_519' title='bbox 1405 4009 1678 4079; x_wconf 76' lang='grc' dir='ltr'>ἐπήγαγε·</span> 
     </span>
    </p>
   </div>
   <div class='ocr_carea' id='block_1_73' title="bbox 251 4208 1757 4279">
    <p class='ocr_par' dir='ltr' id='par_1_73' title="bbox 251 4208 1757 4279">
     <span class='ocr_line' id='line_1_73' title="bbox 251 4208 1757 4279; baseline -0.001 -15"><span class='ocrx_word' id='word_1_520' title='bbox 251 4210 333 4275; x_wconf 82' lang='grc' dir='ltr'><strong>Τῷ</strong></span> <span class='ocrx_word' id='word_1_521' title='bbox 362 4213 563 4277; x_wconf 81' lang='grc' dir='ltr'>Κυρίῳ</span> <span class='ocrx_word' id='word_1_522' title='bbox 597 4209 1009 4275; x_wconf 68' lang='grc' dir='ltr'>δουλεύοντες,</span> <span class='ocrx_word' id='word_1_523' title='bbox 1032 4208 1168 4279; x_wconf 81' lang='grc' dir='ltr'>(ιβ’.)</span> <span class='ocrx_word' id='word_1_524' title='bbox 1190 4208 1263 4278; x_wconf 77' lang='grc' dir='ltr'>τῇ</span> <span class='ocrx_word' id='word_1_525' title='bbox 1288 4208 1489 4263; x_wconf 73' lang='grc' dir='ltr'>ἐλπίδι</span> <span class='ocrx_word' id='word_1_526' title='bbox 1517 4209 1757 4276; x_wconf 80' lang='grc' dir='ltr'>χαίρον-</span> 
     </span>
    </p>
   </div>
   <div class='ocr_carea' id='block_1_74' title="bbox 184 4297 1758 4369">
    <p class='ocr_par' dir='ltr' id='par_1_74' title="bbox 184 4297 1758 4369">
     <span class='ocr_line' id='line_1_74' title="bbox 184 4297 1758 4369; baseline -0.001 -16"><span class='ocrx_word' id='word_1_527' title='bbox 184 4318 293 4367; x_wconf 84' lang='grc' dir='ltr'>τες,</span> <span class='ocrx_word' id='word_1_528' title='bbox 319 4300 397 4369; x_wconf 79' lang='grc' dir='ltr'>τῇ</span> <span class='ocrx_word' id='word_1_529' title='bbox 431 4302 641 4369; x_wconf 65' lang='grc' dir='ltr'>θλίψει</span> <span class='ocrx_word' id='word_1_530' title='bbox 672 4300 1099 4369; x_wconf 70' lang='grc' dir='ltr'>ὑπομένοντες,</span> <span class='ocrx_word' id='word_1_531' title='bbox 1127 4298 1203 4368; x_wconf 77' lang='grc' dir='ltr'>τῇ</span> <span class='ocrx_word' id='word_1_532' title='bbox 1234 4297 1547 4367; x_wconf 80' lang='grc' dir='ltr'>προσευχῇ</span> <span class='ocrx_word' id='word_1_533' title='bbox 1578 4313 1758 4367; x_wconf 83' lang='grc' dir='ltr'>προσ-</span> 
     </span>
    </p>
   </div>
   <div class='ocr_carea' id='block_1_75' title="bbox 186 4391 1753 4462">
    <p class='ocr_par' dir='ltr' id='par_1_75' title="bbox 186 4391 1753 4462">
     <span class='ocr_line' id='line_1_75' title="bbox 186 4391 1753 4462; baseline -0.002 -16"><span class='ocrx_word' id='word_1_534' title='bbox 186 4392 629 4460; x_wconf 71' lang='grc' dir='ltr'>καρτεροῦντες.</span> <span class='ocrx_word' id='word_1_535' title='bbox 670 4394 728 4445; x_wconf 83' lang='grc' dir='ltr'><strong>ὐ</strong></span> <span class='ocrx_word' id='word_1_536' title='bbox 760 4393 869 4462; x_wconf 76' lang='grc' dir='ltr'>γὰρ</span> <span class='ocrx_word' id='word_1_537' title='bbox 892 4391 970 4462; x_wconf 81' lang='grc' dir='ltr'>τῷ</span> <span class='ocrx_word' id='word_1_538' title='bbox 1009 4391 1279 4462; x_wconf 85' lang='grc' dir='ltr'>πνεύματι</span> <span class='ocrx_word' id='word_1_539' title='bbox 1305 4392 1463 4456; x_wconf 79' lang='grc' dir='ltr'>ζέων,</span> <span class='ocrx_word' id='word_1_540' title='bbox 1491 4392 1586 4444; x_wconf 75' lang='grc' dir='ltr'>καὶ</span> <span class='ocrx_word' id='word_1_541' title='bbox 1619 4408 1753 4462; x_wconf 84' lang='grc' dir='ltr'>προ-</span> 
     </span>
    </p>
   </div>
   <div class='ocr_carea' id='block_1_76' title="bbox 188 4482 1751 4553">
    <p class='ocr_par' dir='ltr' id='par_1_76' title="bbox 188 4482 1751 4553">
     <span class='ocr_line' id='line_1_76' title="bbox 188 4482 1751 4553; baseline -0.001 -17"><span class='ocrx_word' id='word_1_542' title='bbox 188 4484 364 4553; x_wconf 81' lang='grc' dir='ltr'>θύμως</span> <span class='ocrx_word' id='word_1_543' title='bbox 382 4484 467 4553; x_wconf 83' lang='grc' dir='ltr'>τῷ</span> <span class='ocrx_word' id='word_1_544' title='bbox 486 4484 732 4553; x_wconf 80' lang='grc' dir='ltr'>Δεσπότῃ</span> <span class='ocrx_word' id='word_1_545' title='bbox 761 4483 1020 4546; x_wconf 84' lang='grc' dir='ltr'>δουλεύει,</span> <span class='ocrx_word' id='word_1_546' title='bbox 1054 4484 1151 4535; x_wconf 72' lang='grc' dir='ltr'>καὶ</span> <span class='ocrx_word' id='word_1_547' title='bbox 1177 4482 1475 4553; x_wconf 79' lang='grc' dir='ltr'>προσμένει</span> <span class='ocrx_word' id='word_1_548' title='bbox 1518 4482 1627 4534; x_wconf 86' lang='grc' dir='ltr'><strong>τῶν</strong></span> <span class='ocrx_word' id='word_1_549' title='bbox 1664 4482 1751 4535; x_wconf 78' lang='grc' dir='ltr'><strong>ἐλ-</strong></span> 
     </span>
    </p>
   </div>
   <div class='ocr_carea' id='block_1_77' title="bbox 190 4573 1754 4644">
    <p class='ocr_par' dir='ltr' id='par_1_77' title="bbox 190 4573 1754 4644">
     <span class='ocr_line' id='line_1_77' title="bbox 190 4573 1754 4644; baseline 0.002 -19"><span class='ocrx_word' id='word_1_550' title='bbox 190 4573 491 4643; x_wconf 77' lang='grc' dir='ltr'>πιζομένων</span> <span class='ocrx_word' id='word_1_551' title='bbox 524 4573 748 4641; x_wconf 79' lang='grc' dir='ltr'>ἀγαθῶν</span> <span class='ocrx_word' id='word_1_552' title='bbox 777 4573 875 4644; x_wconf 78' lang='grc' dir='ltr'>τὴν</span> <span class='ocrx_word' id='word_1_553' title='bbox 929 4574 1247 4637; x_wconf 75' lang='grc' dir='ltr'>ἀπόλαυσιν,</span> <span class='ocrx_word' id='word_1_554' title='bbox 1285 4574 1381 4627; x_wconf 76' lang='grc' dir='ltr'>καὶ</span> <span class='ocrx_word' id='word_1_555' title='bbox 1423 4573 1532 4626; x_wconf 91' lang='grc' dir='ltr'><strong>τῶν</strong></span> <span class='ocrx_word' id='word_1_556' title='bbox 1582 4591 1754 4644; x_wconf 87' lang='grc' dir='ltr'>προσ-</span> 
     </span>
    </p>
   </div>
   <div class='ocr_carea' id='block_1_78' title="bbox 189 4661 1752 4733">
    <p class='ocr_par' dir='ltr' id='par_1_78' title="bbox 189 4661 1752 4733">
     <span class='ocr_line' id='line_1_78' title="bbox 189 4661 1752 4733; baseline 0.002 -18"><span class='ocrx_word' id='word_1_557' title='bbox 189 4664 491 4716; x_wconf 74' lang='grc' dir='ltr'>πιπτόντων</span> <span class='ocrx_word' id='word_1_558' title='bbox 549 4663 886 4733; x_wconf 82' lang='grc' dir='ltr'>περιγίνεται</span> <span class='ocrx_word' id='word_1_559' title='bbox 951 4661 1305 4732; x_wconf 82' lang='grc' dir='ltr'>πειρασμῶν,</span> <span class='ocrx_word' id='word_1_560' title='bbox 1368 4665 1489 4726; x_wconf 83' lang='grc' dir='ltr'>ταϊς</span> <span class='ocrx_word' id='word_1_561' title='bbox 1545 4663 1752 4718; x_wconf 82' lang='grc' dir='ltr'>τούτων</span> 
     </span>
    </p>
   </div>
   <div class='ocr_carea' id='block_1_79' title="bbox 189 4756 1753 4828">
    <p class='ocr_par' dir='ltr' id='par_1_79' title="bbox 189 4756 1753 4828">
     <span class='ocr_line' id='line_1_79' title="bbox 189 4756 1753 4828; baseline 0.002 -20"><span class='ocrx_word' id='word_1_562' title='bbox 189 4757 512 4827; x_wconf 77' lang='grc' dir='ltr'>προσϐολαῖς</span> <span class='ocrx_word' id='word_1_563' title='bbox 541 4758 642 4827; x_wconf 78' lang='grc' dir='ltr'>τὴν</span> <span class='ocrx_word' id='word_1_564' title='bbox 674 4756 947 4826; x_wconf 77' lang='grc' dir='ltr'>ὑπομονὴν</span> <span class='ocrx_word' id='word_1_565' title='bbox 980 4759 1331 4818; x_wconf 77' lang='grc' dir='ltr'>ἀντιτάττων,</span> <span class='ocrx_word' id='word_1_566' title='bbox 1352 4759 1445 4811; x_wconf 76' lang='grc' dir='ltr'>καὶ</span> <span class='ocrx_word' id='word_1_567' title='bbox 1472 4758 1570 4828; x_wconf 82' lang='grc' dir='ltr'>τὴν</span> <span class='ocrx_word' id='word_1_568' title='bbox 1600 4758 1753 4811; x_wconf 84' lang='grc' dir='ltr'>θείαν</span> 
     </span>
    </p>
   </div>
   <div class='ocr_carea' id='block_1_80' title="bbox 189 4848 1753 4920">
    <p class='ocr_par' dir='ltr' id='par_1_80' title="bbox 189 4848 1753 4920">
     <span class='ocr_line' id='line_1_80' title="bbox 189 4848 1753 4920; baseline -0.001 -17"><span class='ocrx_word' id='word_1_569' title='bbox 189 4851 339 4919; x_wconf 72' lang='grc' dir='ltr'>χάριν</span> <span class='ocrx_word' id='word_1_570' title='bbox 396 4849 668 4917; x_wconf 80' lang='grc' dir='ltr'>διηνεκῶς</span> <span class='ocrx_word' id='word_1_571' title='bbox 698 4850 774 4911; x_wconf 79' lang='grc' dir='ltr'>εἰς</span> <span class='ocrx_word' id='word_1_572' title='bbox 824 4849 1140 4919; x_wconf 81' lang='grc' dir='ltr'>συμμαχίαν</span> <span class='ocrx_word' id='word_1_573' title='bbox 1186 4848 1386 4902; x_wconf 90' lang='grc' dir='ltr'>καλῶν.</span> <span class='ocrx_word' id='word_1_574' title='bbox 1427 4849 1597 4902; x_wconf 79' lang='grc' dir='ltr'>Τοῦτο</span> <span class='ocrx_word' id='word_1_575' title='bbox 1644 4850 1753 4920; x_wconf 88' lang='grc' dir='ltr'><strong>γάρ</strong></span> 
     </span>
    </p>
   </div>
   <div class='ocr_carea' id='block_1_81' title="bbox 190 4940 1749 5010">
    <p class='ocr_par' dir='ltr' id='par_1_81' title="bbox 190 4940 1749 5010">
     <span class='ocr_line' id='line_1_81' title="bbox 190 4940 1749 5010; baseline 0.001 -19"><span class='ocrx_word' id='word_1_576' title='bbox 190 4940 326 5003; x_wconf 78' lang='grc' dir='ltr'>εἷπε,</span> <span class='ocrx_word' id='word_1_577' title='bbox 359 4940 437 5008; x_wconf 75' lang='grc' dir='ltr'>τῇ</span> <span class='ocrx_word' id='word_1_578' title='bbox 479 4940 794 5009; x_wconf 78' lang='grc' dir='ltr'>προσευχῇ</span> <span class='ocrx_word' id='word_1_579' title='bbox 840 4941 1457 5010; x_wconf 77' lang='grc' dir='ltr'>προσκαρτεροῦντες,</span> <span class='ocrx_word' id='word_1_580' title='bbox 1484 4941 1749 5005; x_wconf 79' lang='grc' dir='ltr'>τουτέστι,</span> 
     </span>
    </p>
   </div>
   <div class='ocr_carea' id='block_1_82' title="bbox 188 5031 931 5100">
    <p class='ocr_par' dir='ltr' id='par_1_82' title="bbox 188 5031 931 5100">
     <span class='ocr_line' id='line_1_82' title="bbox 188 5031 931 5100; baseline 0.003 -18"><span class='ocrx_word' id='word_1_581' title='bbox 188 5032 445 5100; x_wconf 74' lang='grc' dir='ltr'>διηνεκῶς</span> <span class='ocrx_word' id='word_1_582' title='bbox 483 5031 645 5084; x_wconf 81' lang='grc' dir='ltr'>τοῦτο</span> <span class='ocrx_word' id='word_1_583' title='bbox 680 5031 931 5100; x_wconf 88' lang='grc' dir='ltr'>δρῶντες.</span> 
     </span>
    </p>
   </div>
   <div class='ocr_carea' id='block_1_83' title="bbox 257 5120 1752 5194">
    <p class='ocr_par' dir='ltr' id='par_1_83' title="bbox 257 5120 1752 5194">
     <span class='ocr_line' id='line_1_83' title="bbox 257 5120 1752 5194; baseline 0.001 -20"><span class='ocrx_word' id='word_1_584' title='bbox 257 5130 341 5190; x_wconf 82' lang='grc' dir='ltr'>ιγ’.</span> <span class='ocrx_word' id='word_1_585' title='bbox 378 5122 515 5186; x_wconf 81' lang='grc' dir='ltr'>Ταῖς</span> <span class='ocrx_word' id='word_1_586' title='bbox 548 5121 774 5189; x_wconf 81' lang='grc' dir='ltr'>χρείαις</span> <span class='ocrx_word' id='word_1_587' title='bbox 824 5121 941 5175; x_wconf 86' lang='grc' dir='ltr'><strong>τῶν</strong></span> <span class='ocrx_word' id='word_1_588' title='bbox 972 5120 1156 5191; x_wconf 80' lang='grc' dir='ltr'>ἁγίων</span> <span class='ocrx_word' id='word_1_589' title='bbox 1196 5122 1643 5187; x_wconf 81' lang='grc' dir='ltr'>κοινωνοῦντες.</span> <span class='ocrx_word' id='word_1_590' title='bbox 1675 5123 1752 5194; x_wconf 79' lang='grc' dir='ltr'><strong>Τῇ</strong></span> 
     </span>
    </p>
   </div>
   <div class='ocr_carea' id='block_1_84' title="bbox 194 5212 1755 5286">
    <p class='ocr_par' dir='ltr' id='par_1_84' title="bbox 194 5212 1755 5286">
     <span class='ocr_line' id='line_1_84' title="bbox 194 5212 1755 5286; baseline -0.001 -19"><span class='ocrx_word' id='word_1_591' title='bbox 194 5217 371 5286; x_wconf 68' lang='grc' dir='ltr'>μνήμῃ</span> <span class='ocrx_word' id='word_1_592' title='bbox 400 5216 502 5283; x_wconf 81' lang='grc' dir='ltr'>τῆς</span> <span class='ocrx_word' id='word_1_593' title='bbox 534 5213 821 5276; x_wconf 80' lang='grc' dir='ltr'>κοινωνίας</span> <span class='ocrx_word' id='word_1_594' title='bbox 854 5214 935 5279; x_wconf 82' lang='grc' dir='ltr'><strong>είς</strong></span> <span class='ocrx_word' id='word_1_595' title='bbox 984 5212 1291 5283; x_wconf 79' lang='grc' dir='ltr'>φιλοτιμίαν</span> <span class='ocrx_word' id='word_1_596' title='bbox 1314 5215 1627 5286; x_wconf 78' lang='grc' dir='ltr'>προτρέπει.</span> <span class='ocrx_word' id='word_1_597' title='bbox 1660 5215 1755 5277; x_wconf 91' lang='grc' dir='ltr'>Τίς</span> 
     </span>
    </p>
   </div>
   <div class='ocr_carea' id='block_1_85' title="bbox 194 5304 1757 5377">
    <p class='ocr_par' dir='ltr' id='par_1_85' title="bbox 194 5304 1757 5377">
     <span class='ocr_line' id='line_1_85' title="bbox 194 5304 1757 5377; baseline 0.001 -21"><span class='ocrx_word' id='word_1_598' title='bbox 194 5307 291 5373; x_wconf 72' lang='grc' dir='ltr'><strong>γαρ</strong></span> <span class='ocrx_word' id='word_1_599' title='bbox 317 5307 418 5374; x_wconf 71' lang='grc' dir='ltr'>οὐχ</span> <span class='ocrx_word' id='word_1_600' title='bbox 448 5306 683 5375; x_wconf 80' lang='grc' dir='ltr'>αἱρεῖται</span> <span class='ocrx_word' id='word_1_601' title='bbox 722 5304 1039 5374; x_wconf 82' lang='grc' dir='ltr'>μεταδοῦναι</span> <span class='ocrx_word' id='word_1_602' title='bbox 1082 5306 1399 5377; x_wconf 79' lang='grc' dir='ltr'>χρημάτων,</span> <span class='ocrx_word' id='word_1_603' title='bbox 1430 5306 1523 5358; x_wconf 77' lang='grc' dir='ltr'><strong>καὶ</strong></span> <span class='ocrx_word' id='word_1_604' title='bbox 1576 5323 1757 5358; x_wconf 76' lang='grc' dir='ltr'>κοινωο</span> 
     </span>
    </p>
   </div>
   <div class='ocr_carea' id='block_1_86' title="bbox 260 5478 1340 5547">
    <p class='ocr_par' dir='ltr' id='par_1_86' title="bbox 260 5478 1340 5547">
     <span class='ocr_line' id='line_1_86' title="bbox 260 5478 1340 5547; baseline -0.002 -10"><span class='ocrx_word' id='word_1_605' title='bbox 260 5492 286 5519; x_wconf 80' lang='grc' dir='ltr'>ι</span> <span class='ocrx_word' id='word_1_606' title='bbox 325 5483 366 5537; x_wconf 92' lang='grc'><strong>11</strong></span> <span class='ocrx_word' id='word_1_607' title='bbox 408 5484 537 5538; x_wconf 82' lang='lat' dir='ltr'><strong>Cor.</strong></span> <span class='ocrx_word' id='word_1_608' title='bbox 577 5498 671 5545; x_wconf 80' lang='lat' dir='ltr'><strong>ix,</strong></span> <span class='ocrx_word' id='word_1_609' title='bbox 696 5482 750 5534; x_wconf 89' lang='lat'><strong>7.</strong></span> <span class='ocrx_word' id='word_1_610' title='bbox 824 5490 845 5511; x_wconf 84' lang='grc'><strong><em>⁸</em></strong></span> <span class='ocrx_word' id='word_1_611' title='bbox 882 5479 904 5534; x_wconf 87' lang='grc'><strong>1</strong></span> <span class='ocrx_word' id='word_1_612' title='bbox 942 5478 1136 5537; x_wconf 78' lang='lat' dir='ltr'><strong>Thess.</strong></span> <span class='ocrx_word' id='word_1_613' title='bbox 1173 5498 1225 5547; x_wconf 73' lang='grc' dir='ltr'><strong>ν,</strong></span> <span class='ocrx_word' id='word_1_614' title='bbox 1257 5482 1340 5536; x_wconf 82' lang='grc'>19.</span> 
     </span>
    </p>
   </div>
   <div class='ocr_carea' id='block_1_87' title="bbox 1857 3204 3415 3283">
    <p class='ocr_par' dir='ltr' id='par_1_87' title="bbox 1857 3204 3415 3283">
     <span class='ocr_line' id='line_1_87' title="bbox 1857 3204 3415 3283; baseline -0.012 -13"><span class='ocrx_word' id='word_1_615' title='bbox 1857 3219 2047 3271; x_wconf 89' lang='lat' dir='ltr'><strong>lentes.</strong></span> <span class='ocrx_word' id='word_1_616' title='bbox 2080 3214 2286 3283; x_wconf 81' lang='lat' dir='ltr'><strong>Spiritu</strong></span> <span class='ocrx_word' id='word_1_617' title='bbox 2321 3213 2597 3279; x_wconf 75' lang='lat' dir='ltr'><strong>ferventes.</strong></span> <span class='ocrx_word' id='word_1_618' title='bbox 2650 3240 2719 3249; x_wconf 88' lang='lat'><strong>——-</strong></span> <span class='ocrx_word' id='word_1_619' title='bbox 2761 3206 3019 3276; x_wconf 82' lang='lat' dir='ltr'><strong>Spiritum</strong></span> <span class='ocrx_word' id='word_1_620' title='bbox 3056 3204 3282 3274; x_wconf 76' lang='lat' dir='ltr'><strong>gratiam</strong></span> <span class='ocrx_word' id='word_1_621' title='bbox 3318 3218 3415 3269; x_wconf 75' lang='lat' dir='ltr'><strong>ap-</strong></span> 
     </span>
    </p>
   </div>
   <div class='ocr_carea' id='block_1_88' title="bbox 1856 3293 3417 3376">
    <p class='ocr_par' dir='ltr' id='par_1_88' title="bbox 1856 3293 3417 3376">
     <span class='ocr_line' id='line_1_88' title="bbox 1856 3293 3417 3376; baseline -0.011 -15"><span class='ocrx_word' id='word_1_622' title='bbox 1856 3306 2076 3376; x_wconf 85' lang='lat' dir='ltr'><strong>pellavit</strong></span> <span class='ocrx_word' id='word_1_623' title='bbox 2108 3323 2121 3359; x_wconf 85' lang='lat'><strong>:</strong></span> <span class='ocrx_word' id='word_1_624' title='bbox 2158 3306 2205 3357; x_wconf 88' lang='lat' dir='ltr'><strong>ei</strong></span> <span class='ocrx_word' id='word_1_625' title='bbox 2246 3311 2427 3357; x_wconf 88' lang='lat' dir='ltr'><strong>autem</strong></span> <span class='ocrx_word' id='word_1_626' title='bbox 2471 3301 2778 3364; x_wconf 87' lang='lat' dir='ltr'><strong>materiam,</strong></span> <span class='ocrx_word' id='word_1_627' title='bbox 2808 3308 3067 3366; x_wconf 87' lang='lat' dir='ltr'><strong>tanquam</strong></span> <span class='ocrx_word' id='word_1_628' title='bbox 3106 3294 3215 3363; x_wconf 89' lang='lat' dir='ltr'><strong>igni</strong></span> <span class='ocrx_word' id='word_1_629' title='bbox 3248 3293 3417 3361; x_wconf 82' lang='lat' dir='ltr'><strong>ligna,</strong></span> 
     </span>
    </p>
   </div>
   <div class='ocr_carea' id='block_1_89' title="bbox 1855 3384 3416 3467">
    <p class='ocr_par' dir='ltr' id='par_1_89' title="bbox 1855 3384 3416 3467">
     <span class='ocr_line' id='line_1_89' title="bbox 1855 3384 3416 3467; baseline -0.01 -18"><span class='ocrx_word' id='word_1_630' title='bbox 1855 3398 2101 3467; x_wconf 54' lang='lat' dir='ltr'><strong>pramerc</strong></span> <span class='ocrx_word' id='word_1_631' title='bbox 2129 3396 2296 3448; x_wconf 72' lang='lat' dir='ltr'><strong>animi</strong></span> <span class='ocrx_word' id='word_1_632' title='bbox 2335 3393 2820 3463; x_wconf 85' lang='lat' dir='ltr'><strong>promptitudiuem</strong></span> <span class='ocrx_word' id='word_1_633' title='bbox 2867 3388 3057 3457; x_wconf 78' lang='lat' dir='ltr'><strong>jussit.</strong></span> <span class='ocrx_word' id='word_1_634' title='bbox 3101 3384 3211 3437; x_wconf 85' lang='lat' dir='ltr'><strong>lluc</strong></span> <span class='ocrx_word' id='word_1_635' title='bbox 3234 3391 3416 3438; x_wconf 86' lang='lat' dir='ltr'><strong>autem</strong></span> 
     </span>
    </p>
   </div>
   <div class='ocr_carea' id='block_1_90' title="bbox 1854 3477 3410 3552">
    <p class='ocr_par' dir='ltr' id='par_1_90' title="bbox 1854 3477 3410 3552">
     <span class='ocr_line' id='line_1_90' title="bbox 1854 3477 3410 3552; baseline -0.013 -7"><span class='ocrx_word' id='word_1_636' title='bbox 1854 3493 2012 3545; x_wconf 87' lang='lat' dir='ltr'><strong>etiam</strong></span> <span class='ocrx_word' id='word_1_637' title='bbox 2057 3489 2185 3540; x_wconf 87' lang='lat' dir='ltr'><strong>alibi</strong></span> <span class='ocrx_word' id='word_1_638' title='bbox 2233 3488 2407 3539; x_wconf 81' lang='lat' dir='ltr'><strong>dicit:</strong></span> <span class='ocrx_word' id='word_1_639' title='bbox 2456 3504 2474 3536; x_wconf 80' lang='grc' dir='ltr'><strong>ι</strong></span> <span class='ocrx_word' id='word_1_640' title='bbox 2524 3486 2788 3552; x_wconf 88' lang='lat' dir='ltr'><strong>Spiritum</strong></span> <span class='ocrx_word' id='word_1_641' title='bbox 2839 3496 2906 3535; x_wconf 89' lang='lat' dir='ltr'><strong>ne</strong></span> <span class='ocrx_word' id='word_1_642' title='bbox 2954 3477 3282 3547; x_wconf 86' lang='lat' dir='ltr'><strong>exstinguite</strong></span> <span class='ocrx_word' id='word_1_643' title='bbox 3317 3484 3365 3530; x_wconf 87' lang='lat'><strong>°.</strong></span> <span class='ocrx_word' id='word_1_644' title='bbox 3395 3494 3410 3524; x_wconf 76' lang='grc' dir='ltr'><strong>ι</strong></span> 
     </span>
    </p>
   </div>
   <div class='ocr_carea' id='block_1_91' title="bbox 1854 3568 3417 3651">
    <p class='ocr_par' dir='ltr' id='par_1_91' title="bbox 1854 3568 3417 3651">
     <span class='ocr_line' id='line_1_91' title="bbox 1854 3568 3417 3651; baseline -0.009 -16"><span class='ocrx_word' id='word_1_645' title='bbox 1854 3580 2234 3651; x_wconf 78' lang='lat' dir='ltr'><strong>Exstinguitur</strong></span> <span class='ocrx_word' id='word_1_646' title='bbox 2272 3589 2452 3631; x_wconf 90' lang='lat' dir='ltr'><strong>autem</strong></span> <span class='ocrx_word' id='word_1_647' title='bbox 2485 3576 2727 3645; x_wconf 89' lang='lat' dir='ltr'><strong>Spiritus</strong></span> <span class='ocrx_word' id='word_1_648' title='bbox 2782 3573 2851 3627; x_wconf 91' lang='lat' dir='ltr'><strong>iis</strong></span> <span class='ocrx_word' id='word_1_649' title='bbox 2904 3572 2997 3643; x_wconf 88' lang='lat' dir='ltr'><strong>qui</strong></span> <span class='ocrx_word' id='word_1_650' title='bbox 3043 3578 3170 3624; x_wconf 90' lang='lat' dir='ltr'><strong>sunt</strong></span> <span class='ocrx_word' id='word_1_651' title='bbox 3214 3568 3417 3637; x_wconf 80' lang='lat' dir='ltr'><strong>indigni</strong></span> 
     </span>
    </p>
   </div>
   <div class='ocr_carea' id='block_1_92' title="bbox 1856 3660 3420 3744">
    <p class='ocr_par' dir='ltr' id='par_1_92' title="bbox 1856 3660 3420 3744">
     <span class='ocr_line' id='line_1_92' title="bbox 1856 3660 3420 3744; baseline -0.01 -17"><span class='ocrx_word' id='word_1_652' title='bbox 1856 3674 2051 3744; x_wconf 88' lang='lat' dir='ltr'><strong>gratia.</strong></span> <span class='ocrx_word' id='word_1_653' title='bbox 2088 3672 2221 3726; x_wconf 85' lang='lat' dir='ltr'><strong>Cum</strong></span> <span class='ocrx_word' id='word_1_654' title='bbox 2257 3672 2400 3724; x_wconf 86' lang='lat' dir='ltr'><strong>enim</strong></span> <span class='ocrx_word' id='word_1_655' title='bbox 2437 3685 2632 3739; x_wconf 91' lang='lat' dir='ltr'><strong>purum</strong></span> <span class='ocrx_word' id='word_1_656' title='bbox 2671 3668 2871 3720; x_wconf 85' lang='lat' dir='ltr'><strong>mentis</strong></span> <span class='ocrx_word' id='word_1_657' title='bbox 2917 3665 3135 3718; x_wconf 90' lang='lat' dir='ltr'><strong>oculum</strong></span> <span class='ocrx_word' id='word_1_658' title='bbox 3190 3676 3299 3715; x_wconf 88' lang='lat' dir='ltr'><strong>non</strong></span> <span class='ocrx_word' id='word_1_659' title='bbox 3325 3660 3420 3713; x_wconf 83' lang='lat' dir='ltr'><strong>ha-</strong></span> 
     </span>
    </p>
   </div>
   <div class='ocr_carea' id='block_1_93' title="bbox 1854 3751 3419 3834">
    <p class='ocr_par' dir='ltr' id='par_1_93' title="bbox 1854 3751 3419 3834">
     <span class='ocr_line' id='line_1_93' title="bbox 1854 3751 3419 3834; baseline -0.012 -13"><span class='ocrx_word' id='word_1_660' title='bbox 1854 3767 2044 3828; x_wconf 90' lang='lat' dir='ltr'><strong>beant,</strong></span> <span class='ocrx_word' id='word_1_661' title='bbox 2082 3763 2431 3834; x_wconf 79' lang='lat' dir='ltr'><strong>Splendorem</strong></span> <span class='ocrx_word' id='word_1_662' title='bbox 2482 3760 2635 3814; x_wconf 93' lang='lat' dir='ltr'><strong>illum</strong></span> <span class='ocrx_word' id='word_1_663' title='bbox 2679 3773 2787 3812; x_wconf 88' lang='lat' dir='ltr'><strong>non</strong></span> <span class='ocrx_word' id='word_1_664' title='bbox 2828 3755 3154 3823; x_wconf 82' lang='lat' dir='ltr'><strong>suscipiunt.</strong></span> <span class='ocrx_word' id='word_1_665' title='bbox 3213 3753 3288 3805; x_wconf 81' lang='lat' dir='ltr'><strong>Ita</strong></span> <span class='ocrx_word' id='word_1_666' title='bbox 3352 3751 3419 3803; x_wconf 82' lang='lat' dir='ltr'><strong>iis</strong></span> 
     </span>
    </p>
   </div>
   <div class='ocr_carea' id='block_1_94' title="bbox 1852 3849 3418 3926">
    <p class='ocr_par' dir='ltr' id='par_1_94' title="bbox 1852 3849 3418 3926">
     <span class='ocr_line' id='line_1_94' title="bbox 1852 3849 3418 3926; baseline -0.012 -14"><span class='ocrx_word' id='word_1_667' title='bbox 1852 3860 2017 3913; x_wconf 83' lang='lat' dir='ltr'><strong>etiam</strong></span> <span class='ocrx_word' id='word_1_668' title='bbox 2049 3858 2140 3926; x_wconf 92' lang='lat' dir='ltr'><strong>qui</strong></span> <span class='ocrx_word' id='word_1_669' title='bbox 2169 3868 2402 3924; x_wconf 85' lang='lat' dir='ltr'><strong>corpore</strong></span> <span class='ocrx_word' id='word_1_670' title='bbox 2452 3851 2769 3911; x_wconf 53' lang='lat' dir='ltr'><strong>ca‘cutiunt,</strong></span> <span class='ocrx_word' id='word_1_671' title='bbox 2818 3849 2905 3901; x_wconf 83' lang='lat' dir='ltr'><strong>lux</strong></span> <span class='ocrx_word' id='word_1_672' title='bbox 2928 3861 3145 3915; x_wconf 91' lang='lat' dir='ltr'><strong>quoque</strong></span> <span class='ocrx_word' id='word_1_673' title='bbox 3178 3850 3307 3898; x_wconf 90' lang='lat' dir='ltr'><strong>sunt.</strong></span> <span class='ocrx_word' id='word_1_674' title='bbox 3343 3851 3418 3894; x_wconf 86' lang='lat' dir='ltr'><strong>te-</strong></span> 
     </span>
    </p>
   </div>
   <div class='ocr_carea' id='block_1_95' title="bbox 1855 3932 3418 4016">
    <p class='ocr_par' dir='ltr' id='par_1_95' title="bbox 1855 3932 3418 4016">
     <span class='ocr_line' id='line_1_95' title="bbox 1855 3932 3418 4016; baseline -0.013 -11"><span class='ocrx_word' id='word_1_675' title='bbox 1855 3951 2058 4013; x_wconf 73' lang='lat' dir='ltr'><strong>nebrae,</strong></span> <span class='ocrx_word' id='word_1_676' title='bbox 2097 3957 2150 4003; x_wconf 92' lang='lat' dir='ltr'><strong>et</strong></span> <span class='ocrx_word' id='word_1_677' title='bbox 2184 3948 2239 4001; x_wconf 82' lang='lat' dir='ltr'><strong>in</strong></span> <span class='ocrx_word' id='word_1_678' title='bbox 2273 3948 2396 4016; x_wconf 89' lang='lat' dir='ltr'><strong>ipso</strong></span> <span class='ocrx_word' id='word_1_679' title='bbox 2422 3943 2650 3998; x_wconf 89' lang='lat' dir='ltr'><strong>meridie</strong></span> <span class='ocrx_word' id='word_1_680' title='bbox 2680 3939 2898 4009; x_wconf 88' lang='lat' dir='ltr'><strong>caligini</strong></span> <span class='ocrx_word' id='word_1_681' title='bbox 2932 3934 3321 3993; x_wconf 87' lang='lat' dir='ltr'><strong>suntobnoxii.</strong></span> <span class='ocrx_word' id='word_1_682' title='bbox 3352 3932 3418 3985; x_wconf 83' lang='lat' dir='ltr'><strong>Et</strong></span> 
     </span>
    </p>
   </div>
   <div class='ocr_carea' id='block_1_96' title="bbox 1855 4024 3418 4106">
    <p class='ocr_par' dir='ltr' id='par_1_96' title="bbox 1855 4024 3418 4106">
     <span class='ocr_line' id='line_1_96' title="bbox 1855 4024 3418 4106; baseline -0.009 -13"><span class='ocrx_word' id='word_1_683' title='bbox 1855 4039 1977 4093; x_wconf 89' lang='lat' dir='ltr'><strong>ideo</strong></span> <span class='ocrx_word' id='word_1_684' title='bbox 2019 4036 2174 4106; x_wconf 84' lang='lat' dir='ltr'><strong>jubet</strong></span> <span class='ocrx_word' id='word_1_685' title='bbox 2218 4050 2317 4090; x_wconf 89' lang='lat' dir='ltr'><strong>nos</strong></span> <span class='ocrx_word' id='word_1_686' title='bbox 2369 4034 2566 4103; x_wconf 89' lang='lat' dir='ltr'><strong>spiritu</strong></span> <span class='ocrx_word' id='word_1_687' title='bbox 2615 4031 2845 4091; x_wconf 79' lang='lat' dir='ltr'><strong>fervere,</strong></span> <span class='ocrx_word' id='word_1_688' title='bbox 2878 4037 2932 4082; x_wconf 88' lang='lat' dir='ltr'><strong>et</strong></span> <span class='ocrx_word' id='word_1_689' title='bbox 2985 4028 3186 4081; x_wconf 88' lang='lat' dir='ltr'><strong>habere</strong></span> <span class='ocrx_word' id='word_1_690' title='bbox 3217 4024 3418 4079; x_wconf 84' lang='lat' dir='ltr'><strong>ardens</strong></span> 
     </span>
    </p>
   </div>
   <div class='ocr_carea' id='block_1_97' title="bbox 1854 4113 3417 4184">
    <p class='ocr_par' dir='ltr' id='par_1_97' title="bbox 1854 4113 3417 4184">
     <span class='ocr_line' id='line_1_97' title="bbox 1854 4113 3417 4184; baseline -0.012 0"><span class='ocrx_word' id='word_1_691' title='bbox 1854 4144 2037 4184; x_wconf 88' lang='lat' dir='ltr'><strong>rerum</strong></span> <span class='ocrx_word' id='word_1_692' title='bbox 2064 4126 2369 4181; x_wconf 88' lang='lat' dir='ltr'><strong>divinarum</strong></span> <span class='ocrx_word' id='word_1_693' title='bbox 2395 4122 2747 4177; x_wconf 80' lang='lat' dir='ltr'><strong>desiderium.</strong></span> <span class='ocrx_word' id='word_1_694' title='bbox 2776 4117 2890 4173; x_wconf 86' lang='lat' dir='ltr'><strong>lloe</strong></span> <span class='ocrx_word' id='word_1_695' title='bbox 2918 4117 3062 4171; x_wconf 90' lang='lat' dir='ltr'><strong>enim</strong></span> <span class='ocrx_word' id='word_1_696' title='bbox 3092 4113 3377 4184; x_wconf 83' lang='lat' dir='ltr'><strong>subjunxit</strong></span> <span class='ocrx_word' id='word_1_697' title='bbox 3401 4130 3417 4165; x_wconf 87' lang='lat'><strong>:</strong></span> 
     </span>
    </p>
   </div>
   <div class='ocr_carea' id='block_1_98' title="bbox 1927 4205 3417 4280">
    <p class='ocr_par' dir='ltr' id='par_1_98' title="bbox 1927 4205 3417 4280">
     <span class='ocr_line' id='line_1_98' title="bbox 1927 4205 3417 4280; baseline -0.011 -7"><span class='ocrx_word' id='word_1_698' title='bbox 1927 4219 2148 4273; x_wconf 86' lang='lat' dir='ltr'><strong>Domino</strong></span> <span class='ocrx_word' id='word_1_699' title='bbox 2188 4217 2484 4278; x_wconf 67' lang='lat' dir='ltr'><strong>servientes,</strong></span> <span class='ocrx_word' id='word_1_700' title='bbox 2518 4212 2710 4280; x_wconf 71' lang='lat' dir='ltr'><strong>(Vens.</strong></span> <span class='ocrx_word' id='word_1_701' title='bbox 2745 4210 2855 4279; x_wconf 69' lang='grc' dir='ltr'><strong>Η.)</strong></span> <span class='ocrx_word' id='word_1_702' title='bbox 2886 4225 2975 4276; x_wconf 82' lang='lat' dir='ltr'><strong>spe</strong></span> <span class='ocrx_word' id='word_1_703' title='bbox 3015 4206 3322 4277; x_wconf 73' lang='lat' dir='ltr'><strong>gaudentes,</strong></span> <span class='ocrx_word' id='word_1_704' title='bbox 3362 4205 3417 4257; x_wconf 86' lang='lat' dir='ltr'><strong>in</strong></span> 
     </span>
    </p>
   </div>
   <div class='ocr_carea' id='block_1_99' title="bbox 1858 4296 3416 4376">
    <p class='ocr_par' dir='ltr' id='par_1_99' title="bbox 1858 4296 3416 4376">
     <span class='ocr_line' id='line_1_99' title="bbox 1858 4296 3416 4376; baseline -0.01 -12"><span class='ocrx_word' id='word_1_705' title='bbox 1858 4310 2196 4365; x_wconf 85' lang='lat' dir='ltr'><strong>tribulatione</strong></span> <span class='ocrx_word' id='word_1_706' title='bbox 2235 4308 2515 4376; x_wconf 77' lang='lat' dir='ltr'><strong>patientes,</strong></span> <span class='ocrx_word' id='word_1_707' title='bbox 2555 4303 2787 4359; x_wconf 85' lang='lat' dir='ltr'><strong>orationi</strong></span> <span class='ocrx_word' id='word_1_708' title='bbox 2820 4303 3096 4354; x_wconf 74' lang='lat' dir='ltr'><strong>instantes.</strong></span> <span class='ocrx_word' id='word_1_709' title='bbox 3134 4297 3238 4362; x_wconf 87' lang='lat' dir='ltr'><strong>Qui</strong></span> <span class='ocrx_word' id='word_1_710' title='bbox 3268 4296 3416 4350; x_wconf 88' lang='lat' dir='ltr'><strong>enim</strong></span> 
     </span>
    </p>
   </div>
   <div class='ocr_carea' id='block_1_100' title="bbox 1858 4389 3418 4471">
    <p class='ocr_par' dir='ltr' id='par_1_100' title="bbox 1858 4389 3418 4471">
     <span class='ocr_line' id='line_1_100' title="bbox 1858 4389 3418 4471; baseline -0.01 -14"><span class='ocrx_word' id='word_1_711' title='bbox 1858 4404 2027 4459; x_wconf 79' lang='lat' dir='ltr'><strong>fervet</strong></span> <span class='ocrx_word' id='word_1_712' title='bbox 2060 4402 2277 4471; x_wconf 89' lang='lat' dir='ltr'><strong>spiritu,</strong></span> <span class='ocrx_word' id='word_1_713' title='bbox 2316 4408 2371 4453; x_wconf 91' lang='lat' dir='ltr'><strong>et</strong></span> <span class='ocrx_word' id='word_1_714' title='bbox 2394 4398 2622 4452; x_wconf 90' lang='lat' dir='ltr'><strong>Domino</strong></span> <span class='ocrx_word' id='word_1_715' title='bbox 2651 4396 2905 4450; x_wconf 85' lang='lat' dir='ltr'><strong>alacriter</strong></span> <span class='ocrx_word' id='word_1_716' title='bbox 2939 4391 3130 4455; x_wconf 82' lang='lat' dir='ltr'><strong>servit,</strong></span> <span class='ocrx_word' id='word_1_717' title='bbox 3159 4398 3215 4445; x_wconf 86' lang='lat' dir='ltr'><strong>et</strong></span> <span class='ocrx_word' id='word_1_718' title='bbox 3247 4389 3418 4442; x_wconf 91' lang='lat' dir='ltr'><strong>bono-</strong></span> 
     </span>
    </p>
   </div>
   <div class='ocr_carea' id='block_1_101' title="bbox 1853 4481 3419 4563">
    <p class='ocr_par' dir='ltr' id='par_1_101' title="bbox 1853 4481 3419 4563">
     <span class='ocr_line' id='line_1_101' title="bbox 1853 4481 3419 4563; baseline -0.011 -15"><span class='ocrx_word' id='word_1_719' title='bbox 1853 4510 1973 4548; x_wconf 90' lang='lat' dir='ltr'><strong>rum</strong></span> <span class='ocrx_word' id='word_1_720' title='bbox 2014 4508 2136 4563; x_wconf 71' lang='lat' dir='ltr'><strong>qute</strong></span> <span class='ocrx_word' id='word_1_721' title='bbox 2191 4499 2487 4561; x_wconf 88' lang='lat' dir='ltr'><strong>sperantur</strong></span> <span class='ocrx_word' id='word_1_722' title='bbox 2521 4487 2759 4542; x_wconf 82' lang='lat' dir='ltr'><strong>fructum</strong></span> <span class='ocrx_word' id='word_1_723' title='bbox 2801 4491 3104 4554; x_wconf 82' lang='lat' dir='ltr'><strong>exspectat,</strong></span> <span class='ocrx_word' id='word_1_724' title='bbox 3148 4488 3202 4535; x_wconf 89' lang='lat' dir='ltr'><strong>et</strong></span> <span class='ocrx_word' id='word_1_725' title='bbox 3238 4481 3419 4534; x_wconf 82' lang='lat' dir='ltr'><strong>insur-</strong></span> 
     </span>
    </p>
   </div>
   <div class='ocr_carea' id='block_1_102' title="bbox 1849 4570 3419 4656">
    <p class='ocr_par' dir='ltr' id='par_1_102' title="bbox 1849 4570 3419 4656">
     <span class='ocr_line' id='line_1_102' title="bbox 1849 4570 3419 4656; baseline -0.01 -16"><span class='ocrx_word' id='word_1_726' title='bbox 1849 4597 2038 4656; x_wconf 85' lang='lat' dir='ltr'><strong>gentes</strong></span> <span class='ocrx_word' id='word_1_727' title='bbox 2082 4583 2413 4639; x_wconf 90' lang='lat' dir='ltr'><strong>tentationcs</strong></span> <span class='ocrx_word' id='word_1_728' title='bbox 2449 4588 2692 4651; x_wconf 89' lang='lat' dir='ltr'><strong>superat,</strong></span> <span class='ocrx_word' id='word_1_729' title='bbox 2718 4594 2905 4633; x_wconf 85' lang='lat' dir='ltr'><strong>earum</strong></span> <span class='ocrx_word' id='word_1_730' title='bbox 2941 4573 3247 4629; x_wconf 86' lang='lat' dir='ltr'><strong>insultibus</strong></span> <span class='ocrx_word' id='word_1_731' title='bbox 3283 4570 3419 4624; x_wconf 87' lang='lat' dir='ltr'><strong>tole-</strong></span> 
     </span>
    </p>
   </div>
   <div class='ocr_carea' id='block_1_103' title="bbox 1850 4664 3415 4743">
    <p class='ocr_par' dir='ltr' id='par_1_103' title="bbox 1850 4664 3415 4743">
     <span class='ocr_line' id='line_1_103' title="bbox 1850 4664 3415 4743; baseline -0.012 -12"><span class='ocrx_word' id='word_1_732' title='bbox 1850 4678 2082 4731; x_wconf 85' lang='lat' dir='ltr'><strong>rantiam</strong></span> <span class='ocrx_word' id='word_1_733' title='bbox 2142 4675 2429 4743; x_wconf 81' lang='lat' dir='ltr'><strong>objiciens,</strong></span> <span class='ocrx_word' id='word_1_734' title='bbox 2469 4676 2488 4696; x_wconf 76' lang='lat'><strong><em>‘</em></strong></span> <span class='ocrx_word' id='word_1_735' title='bbox 2540 4680 2595 4727; x_wconf 89' lang='lat' dir='ltr'><strong>et</strong></span> <span class='ocrx_word' id='word_1_736' title='bbox 2659 4671 2856 4725; x_wconf 67' lang='lat' dir='ltr'><strong>divinae</strong></span> <span class='ocrx_word' id='word_1_737' title='bbox 2895 4668 3082 4739; x_wconf 73' lang='lat' dir='ltr'><strong>gratia:</strong></span> <span class='ocrx_word' id='word_1_738' title='bbox 3151 4664 3415 4718; x_wconf 75' lang='lat' dir='ltr'><strong>auxilium</strong></span> 
     </span>
    </p>
   </div>
   <div class='ocr_carea' id='block_1_104' title="bbox 1852 4755 3416 4835">
    <p class='ocr_par' dir='ltr' id='par_1_104' title="bbox 1852 4755 3416 4835">
     <span class='ocr_line' id='line_1_104' title="bbox 1852 4755 3416 4835; baseline -0.01 -14"><span class='ocrx_word' id='word_1_739' title='bbox 1852 4768 2075 4823; x_wconf 89' lang='lat' dir='ltr'><strong>assidue</strong></span> <span class='ocrx_word' id='word_1_740' title='bbox 2121 4767 2442 4835; x_wconf 81' lang='lat' dir='ltr'><strong>implorans.</strong></span> <span class='ocrx_word' id='word_1_741' title='bbox 2496 4764 2613 4818; x_wconf 88' lang='lat' dir='ltr'><strong>Hoc</strong></span> <span class='ocrx_word' id='word_1_742' title='bbox 2655 4765 2798 4817; x_wconf 91' lang='lat' dir='ltr'><strong>enim</strong></span> <span class='ocrx_word' id='word_1_743' title='bbox 2849 4762 3021 4825; x_wconf 90' lang='lat' dir='ltr'><strong>dixit,</strong></span> <span class='ocrx_word' id='word_1_744' title='bbox 3066 4756 3295 4812; x_wconf 86' lang='lat' dir='ltr'><strong>orationi</strong></span> <span class='ocrx_word' id='word_1_745' title='bbox 3330 4755 3416 4807; x_wconf 86' lang='lat' dir='ltr'><strong>in-</strong></span> 
     </span>
    </p>
   </div>
   <div class='ocr_carea' id='block_1_105' title="bbox 1854 4853 2991 4923">
    <p class='ocr_par' dir='ltr' id='par_1_105' title="bbox 1854 4853 2991 4923">
     <span class='ocr_line' id='line_1_105' title="bbox 1854 4853 2991 4923; baseline -0.006 -11"><span class='ocrx_word' id='word_1_746' title='bbox 1854 4866 2077 4923; x_wconf 71' lang='lat' dir='ltr'><strong>stantes,</strong></span> <span class='ocrx_word' id='word_1_747' title='bbox 2114 4858 2166 4911; x_wconf 90' lang='lat' dir='ltr'><strong>id</strong></span> <span class='ocrx_word' id='word_1_748' title='bbox 2196 4865 2298 4923; x_wconf 82' lang='lat' dir='ltr'><strong>est,</strong></span> <span class='ocrx_word' id='word_1_749' title='bbox 2330 4856 2548 4910; x_wconf 86' lang='lat' dir='ltr'><strong>assidue</strong></span> <span class='ocrx_word' id='word_1_750' title='bbox 2576 4855 2679 4908; x_wconf 84' lang='lat' dir='ltr'><strong>hoc</strong></span> <span class='ocrx_word' id='word_1_751' title='bbox 2713 4853 2991 4907; x_wconf 78' lang='lat' dir='ltr'><strong>iacientes.</strong></span> 
     </span>
    </p>
   </div>
   <div class='ocr_carea' id='block_1_106' title="bbox 1929 5103 3415 5174">
    <p class='ocr_par' dir='ltr' id='par_1_106' title="bbox 1929 5103 3415 5174">
     <span class='ocr_line' id='line_1_106' title="bbox 1929 5103 3415 5174; baseline -0.013 0"><span class='ocrx_word' id='word_1_752' title='bbox 1929 5120 2091 5174; x_wconf 72' lang='lat' dir='ltr'><strong>Vens.</strong></span> <span class='ocrx_word' id='word_1_753' title='bbox 2124 5120 2210 5172; x_wconf 78' lang='grc'><strong>15.</strong></span> <span class='ocrx_word' id='word_1_754' title='bbox 2266 5114 2683 5170; x_wconf 74' lang='lat' dir='ltr'><strong>Necessitatibus</strong></span> <span class='ocrx_word' id='word_1_755' title='bbox 2755 5120 3061 5164; x_wconf 81' lang='lat' dir='ltr'><strong>sanctorum</strong></span> <span class='ocrx_word' id='word_1_756' title='bbox 3130 5103 3415 5159; x_wconf 83' lang='lat' dir='ltr'><strong>communi-</strong></span> 
     </span>
    </p>
   </div>
   <div class='ocr_carea' id='block_1_107' title="bbox 1857 5197 3415 5267">
    <p class='ocr_par' dir='ltr' id='par_1_107' title="bbox 1857 5197 3415 5267">
     <span class='ocr_line' id='line_1_107' title="bbox 1857 5197 3415 5267; baseline -0.012 -2"><span class='ocrx_word' id='word_1_757' title='bbox 1857 5221 2055 5267; x_wconf 76' lang='lat' dir='ltr'><strong>cantes.</strong></span> <span class='ocrx_word' id='word_1_758' title='bbox 2092 5210 2365 5264; x_wconf 81' lang='lat' dir='ltr'><strong>Mentioue</strong></span> <span class='ocrx_word' id='word_1_759' title='bbox 2400 5208 2537 5261; x_wconf 79' lang='lat' dir='ltr'><strong>facta</strong></span> <span class='ocrx_word' id='word_1_760' title='bbox 2573 5200 3111 5263; x_wconf 68' lang='lat' dir='ltr'><strong>communicationis;</strong></span> <span class='ocrx_word' id='word_1_761' title='bbox 3163 5197 3415 5250; x_wconf 88' lang='lat' dir='ltr'><strong>hortatur</strong></span> 
     </span>
    </p>
   </div>
   <div class='ocr_carea' id='block_1_108' title="bbox 1864 5288 3410 5366">
    <p class='ocr_par' dir='ltr' id='par_1_108' title="bbox 1864 5288 3410 5366">
     <span class='ocr_line' id='line_1_108' title="bbox 1864 5288 3410 5366; baseline -0.012 -9"><span class='ocrx_word' id='word_1_762' title='bbox 1864 5303 1929 5357; x_wconf 85' lang='lat' dir='ltr'><strong>ad</strong></span> <span class='ocrx_word' id='word_1_763' title='bbox 1963 5304 2368 5358; x_wconf 87' lang='lat' dir='ltr'><strong>liberalitatem.</strong></span> <span class='ocrx_word' id='word_1_764' title='bbox 2397 5299 2532 5366; x_wconf 84' lang='lat' dir='ltr'><strong>Quis</strong></span> <span class='ocrx_word' id='word_1_765' title='bbox 2559 5297 2703 5351; x_wconf 88' lang='lat' dir='ltr'><strong>enim</strong></span> <span class='ocrx_word' id='word_1_766' title='bbox 2732 5310 2835 5348; x_wconf 89' lang='lat' dir='ltr'><strong>non</strong></span> <span class='ocrx_word' id='word_1_767' title='bbox 2868 5294 3100 5347; x_wconf 90' lang='lat' dir='ltr'><strong>libenter</strong></span> <span class='ocrx_word' id='word_1_768' title='bbox 3121 5288 3410 5360; x_wconf 85' lang='lat' dir='ltr'><strong>pecuniam</strong></span> 
     </span>
    </p>
   </div>
   <div class='ocr_carea' id='block_1_109' title="bbox 1449 5592 2122 5649">
    <p class='ocr_par' dir='ltr' id='par_1_109' title="bbox 1449 5592 2122 5649">
     <span class='ocr_line' id='line_1_109' title="bbox 1449 5592 2122 5649; baseline -0.006 0"><span class='ocrx_word' id='word_1_769' title='bbox 1449 5595 1683 5649; x_wconf 65' lang='lat' dir='ltr'><strong>VARUS</strong></span> <span class='ocrx_word' id='word_1_770' title='bbox 1721 5592 2122 5648; x_wconf 71' lang='lat' dir='ltr'><strong>LECTIONES.</strong></span> 
     </span>
    </p>
   </div>
   <div class='ocr_carea' id='block_1_110' title="bbox 268 5736 3441 5824">
    <p class='ocr_par' dir='ltr' id='par_1_110' title="bbox 268 5736 3441 5824">
     <span class='ocr_line' id='line_1_110' title="bbox 268 5736 3441 5824; baseline -0.004 -19"><span class='ocrx_word' id='word_1_771' title='bbox 268 5753 315 5783; x_wconf 84' lang='lat'>“</span> <span class='ocrx_word' id='word_1_772' title='bbox 340 5756 380 5805; x_wconf 67' lang='grc' dir='ltr'>Δ</span> <span class='ocrx_word' id='word_1_773' title='bbox 412 5752 520 5805; x_wconf 83' lang='grc' dir='ltr'><strong>τῶν</strong></span> <span class='ocrx_word' id='word_1_774' title='bbox 550 5753 866 5824; x_wconf 79' lang='grc' dir='ltr'>ἀνθρώπων.</span> <span class='ocrx_word' id='word_1_775' title='bbox 943 5752 989 5785; x_wconf 65' lang='grc'><em>’³</em></span> <span class='ocrx_word' id='word_1_776' title='bbox 1014 5751 1093 5807; x_wconf 80' lang='lat' dir='ltr'><strong>Ita</strong></span> <span class='ocrx_word' id='word_1_777' title='bbox 1121 5758 1174 5807; x_wconf 86' lang='lat' dir='ltr'><strong>et</strong></span> <span class='ocrx_word' id='word_1_778' title='bbox 1206 5752 1271 5805; x_wconf 83' lang='grc' dir='ltr'>Α.</span> <span class='ocrx_word' id='word_1_779' title='bbox 1308 5749 1413 5808; x_wconf 87' lang='lat' dir='ltr'><strong>Sed</strong></span> <span class='ocrx_word' id='word_1_780' title='bbox 1442 5748 1481 5803; x_wconf 88' lang='grc' dir='ltr'><strong><em>Β</em></strong></span> <span class='ocrx_word' id='word_1_781' title='bbox 1513 5748 1626 5804; x_wconf 72' lang='grc' dir='ltr'>τοῦ.</span> <span class='ocrx_word' id='word_1_782' title='bbox 1700 5749 1741 5781; x_wconf 81' lang='lat'>&quot;&#39;</span> <span class='ocrx_word' id='word_1_783' title='bbox 1771 5749 1875 5803; x_wconf 85' lang='lat' dir='ltr'><strong>Pro</strong></span> <span class='ocrx_word' id='word_1_784' title='bbox 1915 5748 2005 5801; x_wconf 66' lang='grc' dir='ltr'>καὶ</span> <span class='ocrx_word' id='word_1_785' title='bbox 2056 5747 2215 5803; x_wconf 83' lang='lat' dir='ltr'><strong>habet</strong></span> <span class='ocrx_word' id='word_1_786' title='bbox 2246 5746 2288 5800; x_wconf 85' lang='lat' dir='ltr'><strong>A</strong></span> <span class='ocrx_word' id='word_1_787' title='bbox 2322 5744 2524 5807; x_wconf 81' lang='grc' dir='ltr'>ἁπλῶς.</span> <span class='ocrx_word' id='word_1_788' title='bbox 2601 5744 2643 5773; x_wconf 70' lang='grc'><strong>’⁵⁸</strong></span> <span class='ocrx_word' id='word_1_789' title='bbox 2672 5740 2758 5796; x_wconf 89' lang='lat' dir='ltr'><strong>Sic</strong></span> <span class='ocrx_word' id='word_1_790' title='bbox 2793 5747 2846 5796; x_wconf 83' lang='lat' dir='ltr'><strong>et</strong></span> <span class='ocrx_word' id='word_1_791' title='bbox 2887 5738 2949 5794; x_wconf 81' lang='grc' dir='ltr'>Α.</span> <span class='ocrx_word' id='word_1_792' title='bbox 2986 5736 3087 5793; x_wconf 76' lang='lat' dir='ltr'><strong>Sed</strong></span> <span class='ocrx_word' id='word_1_793' title='bbox 3130 5736 3167 5789; x_wconf 87' lang='grc' dir='ltr'>Β</span> <span class='ocrx_word' id='word_1_794' title='bbox 3199 5740 3441 5793; x_wconf 74' lang='grc' dir='ltr'>ἐκάλεσε.</span> 
     </span>
    </p>
   </div>
  </div>
