4210 6438
765 401 858 469 191

1719 399 2204 460 THEODORETI
2232 397 2568 459 EPISCOPI
2595 399 2955 461 CYRENSIS

3884 395 3980 460 192

765 506 1154 569 communicet,
1187 516 1246 559 ut
1270 514 1419 560 recte
1445 505 1718 560 factorum
1752 505 1824 560 sit
1859 501 2179 574 particeps?
2207 500 2319 556 Hoc
2349 507 2394 560 Δ
2421 501 2473 555 νδ

2434 501 2510 579 νὸς
2534 503 2784 572 γενέσθαι
2806 503 2852 535 ’⁸
2882 499 3316 570 κατορθωμάτων
3343 517 3359 565 ;
3397 500 3564 554 Τοῦτο
3607 502 3715 574 γὰρ
3745 503 3836 556 καὶ
3878 507 3990 558 Ko-

763 599 910 652 enim
942 598 1105 652 etiam
1141 596 1336 651 scribit
1364 597 1429 650 ad
1461 596 1818 652 Corinthios:
1856 613 1875 644 ι
1919 593 2114 648 Vestra
2145 594 2320 648 abun-

762 689 947 741 :Iantia
999 688 1212 740 illorum
1278 686 1514 755 inopiam
1571 685 1840 754 suppleat,
1886 691 1950 738 ut
1989 690 2044 738 et
2099 683 2318 738 illorum

761 777 1093 831 abundantia
1145 785 1336 832 vestra:
1386 758 1583 847 inopize
1619 777 1692 831 sit
1740 775 2177 846 supplementum
2215 784 2262 825 Ρ.
2296 792 2316 825 ι

765 867 1196 935 Hospitalitatem
1237 876 1516 921 sectantes.
1547 896 1616 908 —
1637 866 1886 936 Hospites
1914 865 2070 935 134
2093 880 2198 918 non
2231 879 2322 918 so-

764 955 843 1010 ios
894 966 1118 1012 sanctos
1163 960 1421 1028 appellat,
1478 959 1570 1014 sed
1616 974 1714 1013 eos
1758 958 1923 1013 etiam
1971 957 2060 1026 qui
2100 956 2321 1011 aliunde

762 1058 1050 1114 venerunt,
1081 1059 1133 1104 et
1155 1042 1440 1105 curatione
1471 1050 1743 1122 indigent,
1774 1064 2006 1121 quorum
2031 1048 2186 1118 jubet
2224 1064 2320 1104 cu-

761 1154 877 1191 ram
912 1155 1087 1208 agerc.

835 1230 991 1284 Vens.
1031 1232 1113 1284 Μ.
1155 1233 1446 1288 Benedicite
1473 1233 1895 1302 persequentibus
1921 1250 2006 1286 vos
2045 1248 2061 1283 :
2112 1232 2321 1284 bcn‘edi—

763 1325 879 1380 rite,
911 1332 959 1374 et
993 1325 1153 1376 nolite
1186 1325 1513 1377 maledicere.
1540 1324 1662 1378 limo.
1689 1327 1881 1390 estlex
1917 1324 2148 1378 Dou'iini.
2172 1322 2320 1376 llauc

760 1416 902 1465 enim
942 1414 1202 1469 Donninus
1235 1417 1433 1470 divinis
1466 1417 1730 1484 apostolis
1771 1418 1893 1468 tulit
1929 1426 1976 1466 τι.

833 1585 996 1644 Vleas.
1039 1589 1122 1647 lii,
1155 1589 1237 1648 16,
1274 1588 1513 1643 Gaudere
1543 1607 1657 1642 cum
1693 1590 2060 1660 gaudentibus,
2109 1600 2156 1642 et
2196 1591 2320 1658 ﬂere

762 1694 875 1727 rum
914 1678 1180 1744 ﬂentibus,
1218 1682 1271 1732 id
1314 1683 1484 1746 ipsum
1533 1682 1750 1734 inuicem
1801 1682 2098 1734 sentientes.
2140 1680 2318 1749 Etju-

762 1767 940 1820 cunda
994 1780 1048 1822 et
1089 1771 1319 1823 molesta
1376 1770 1610 1824 invicem
1677 1771 2083 1825 communicato
2144 1790 2156 1824 :
2215 1772 2318 1824 hoc

763 1861 904 1910 enim
939 1860 1152 1930 signum
1188 1869 1272 1919 est
1305 1862 1715 1924 misericordias,
1744 1862 1875 1915 illud
1908 1877 2040 1917 vero
2062 1863 2318 1918 amicitiae

764 1963 882 2015 qua:
914 1949 982 2000 ab
1021 1949 1237 2003 invidiae
1277 1950 1410 2004 vitio
1441 1952 1614 2004 aliena
1667 1959 1772 2005 est.
1809 1951 1926 2004 Non
1966 1951 2078 2004 alta
2105 1955 2318 2021 sapien-

766 2050 858 2102 tcs,
885 2040 972 2093 sed
997 2042 1282 2094 humilibus
1309 2044 1703 2096 consentientes.
1738 2041 1951 2098 Rursus
1980 2045 2204 2112 expellit
2222 2060 2318 2099 su-

765 2132 965 2198 perbiae
1012 2140 1297 2196 tumorem,
1356 2141 1409 2188 et
1457 2134 1764 2189 humilibus
1803 2151 1923 2190 sese
1956 2144 2322 2204 attemperare

766 2223 1032 2292 prmeipit.
1082 2222 1264 2278 Nolite
1299 2241 1409 2278 esse
1443 2226 1724 2294 prudentes
1778 2226 1918 2294 apud
1956 2228 2318 2294 vosmetipsos.

765 2314 868 2367 Pro
896 2331 960 2369 eo
987 2315 1131 2386 quod
1153 2327 1236 2372 est
1271 2336 1284 2371 :
1316 2317 1494 2372 Nolite
1532 2320 1730 2373 vestris
1767 2319 2019 2375 consiliis
2039 2335 2163 2374 csse
2189 2334 2322 2373 cou—

764 2408 923 2472 tcnti,
955 2411 1047 2464 sed
1079 2410 1307 2465 aliorum
1352 2412 1581 2466 consilia
1614 2413 1862 2481 accipite.

841 2585 1004 2642 Vens.
1036 2590 1122 2644 l7.
1168 2588 1319 2643 Nulli
1366 2591 1562 2643 malum
1584 2606 1677 2659 pro
1707 2590 1844 2644 malo
1871 2591 2161 2647 reddentes.
2209 2592 2325 2650 Hoc

765 2697 980 2752 quoque.
1013 2680 1423 2748 perfectissinnc
1452 2689 1535 2734 est
1579 2682 1816 2748 virtutis,
1859 2691 1914 2736 et
1937 2682 2106 2736 animi
2138 2699 2326 2753 prope-

769 2773 982 2824 modum
1019 2772 1087 2824 ab
1105 2771 1251 2825 omni
1275 2772 1689 2839 perturbatione
1714 2774 1872 2826 vacui
1898 2773 2157 2827 oliicium.
2184 2773 2315 2828 Pro-

770 2865 995 2915 ridentes
1019 2863 1152 2914 bona
1183 2878 1356 2912 coram
1385 2859 1735 2914 onmibns.lta
1771 2864 1932 2916 etiam
1954 2864 2081 2917 alibi
2115 2883 2126 2918 :
2154 2883 2172 2915 ι
2199 2861 2329 2918 Sine

769 2951 1066 3005 olionsione
1099 2958 1293 3012 estote,
1334 2959 1385 3003 et
1409 2936 1634 3016 Iudaeis,
1669 2960 1721 3004 cl
1751 2951 1974 3016 Graecis,
1995 2963 2046 3008 et
2072 2953 2330 3010 Ecclesia:

773 3043 863 3096 Dei
900 3053 938 3090 τ.
977 3060 994 3092 ι

839 3133 1001 3186 Vens.
1034 3135 1120 3187 l8.
1157 3133 1217 3187 Si
1246 3136 1362 3202 ﬁeri
1385 3143 1572 3203 potest,
1611 3137 1749 3204 quod
1790 3151 1854 3188 ex
1899 3137 2041 3190 vobis
2072 3147 2170 3196 est.
2214 3155 2330 3191 cum
2361 3168 2406 3230 ο

769 3223 1006 3277 omnibus
1027 3225 1320 3278 hominibus
1334 3242 1508 3292 pacem
1529 3227 1792 3280 habentes.
1815 3228 2079 3282 Consulto
2090 3229 2332 3283 additum

768 3323 874 3376 est,
911 3314 969 3369 Si
991 3315 1106 3383 fieri
1133 3325 1321 3382 potest,
1356 3323 1429 3377 et,
1466 3316 1605 3385 quod
1635 3334 1700 3371 ea:
1731 3318 1871 3372 vobis
1911 3329 2006 3372 est.
2039 3320 2207 3383 Nihil,
2255 3323 2337 3373 in-

771 3408 912 3476 quit,
944 3408 978 3459 a'
1008 3408 1163 3462 vobis
1195 3407 1307 3470 ﬁat,
1336 3409 1428 3462 sed
1469 3424 1685 3462 onmem
1723 3425 1824 3478 pro
1857 3426 1991 3478 pace
2027 3412 2333 3464 machinam

775 3501 1045 3554 adhibete.
1089 3499 1200 3553 llue
1240 3508 1420 3554 autem
1459 3517 1522 3555 ex
1562 3501 1629 3555 iis
1657 3517 1778 3570 qua:
1822 3504 1976 3571 prius
2021 3503 2166 3556 dicta
2206 3511 2336 3557 sunt

775 3594 1145 3661 consequitur.
1179 3591 1281 3658 Qui
1312 3593 1455 3645 enim
1486 3593 1761 3648 benedicit
1783 3595 1832 3648 ei
1857 3596 1950 3664 qui
1970 3597 2336 3666 persequitur,

776 3692 823 3734 el
857 3699 962 3735 non
994 3683 1282 3736 ulciscitur
1321 3698 1417 3737 eos
1459 3684 1549 3752 qui
1589 3683 1797 3738 iaciunt
1838 3685 2118 3753 injuriam,
2159 3687 2338 3757 quod-

777 3790 899 3826 nam
934 3773 988 3826 in
1017 3789 1076 3828 se
1113 3775 1296 3828 odium
1345 3783 1438 3828 aut
1473 3775 1806 3830 simultatem
1841 3777 2109 3846 suscipit?

844 3865 1008 3919 Vens.
1045 3867 1128 3928 19,
1160 3866 1248 3920 20.
1295 3865 1417 3919 Non
1448 3869 1787 3935 vosmetipsos
1817 3868 2178 3935 defendentes.
2212 3871 2339 3924 cha-

781 3957 998 4020 rissimi,
1057 3955 1146 4011 sed
1189 3956 1310 4010 date
1355 3957 1526 4010 locum
1569 3959 1679 4013 iraa.
1741 3959 2007 4028 Scriptum
2044 3970 2120 4015 est
2153 3963 2289 4014 enim
2319 3976 2337 4013 :

780 4049 912 4100 Milli
948 4049 1204 4112 vindicta,
1242 4065 1332 4119 ego
1360 4049 1667 4116 retribuam,
1694 4052 1822 4104 dicit
1872 4051 2150 4106 Dominus.
2187 4053 2338 4118 Quod

780 4143 824 4194 si
860 4141 1103 4194 esurierit
1128 4140 1370 4217 inimicus
1397 4151 1538 4203 tuus,
1569 4142 1684 4194 ciba
1737 4141 1913 4207 illum;
1946 4143 1993 4196 si
2023 4143 2156 4207 sitit,
2184 4143 2341 4212 135

781 4237 796 4250 ‘
829 4241 1008 4301 potum
1055 4231 1123 4283 da
1167 4233 1248 4284 illi
1279 4249 1296 4285 :
1324 4233 1418 4286 hoc
1465 4234 1602 4286 enim
1645 4234 1870 4303 faciens,
1916 4235 2164 4287 carbones
2203 4235 2338 4303 ignis

782 4338 1022 4392 congeres
1040 4338 1194 4390 super
1210 4335 1362 4391 caput
1385 4325 1517 4390 ejus.
1557 4324 2110 4394 Postquamjudicem
2158 4334 2341 4380 osten-

782 4415 882 4474 dit,
913 4415 1194 4480 etjustum
1225 4417 1344 4482 ejus
1374 4415 1640 4483 judicium
1673 4413 1889 4486 aperuit
1922 4417 2051 4485 (hoc
2093 4419 2237 4473 enim
2261 4420 2337 4474 si-

2425 595 2645 663 ρινθίοις
2666 592 2992 645 ἐπιστέλλων
3008 591 3132 662 ἐφηο
3157 611 3175 644 ι
3198 593 3272 644 Τὸ
3286 591 3438 662 ὑμῶν
3458 592 3800 662 περίσσευμα
3827 595 3906 657 είς
3924 596 3984 648 τὸ

2422 684 2642 738 ἐκείνων
2671 684 2974 753 ὑστέρημα,
2999 683 3086 736 ῐνα
3111 683 3206 734 καὶ
3240 683 3285 714 ’⁷
3311 682 3372 736 τὸ
3398 682 3624 736 ἐκείνων
3641 684 3984 754 περίσσευμα

2422 775 2644 845 γένηται
2666 777 2743 836 εἰς
2773 775 2836 828 τὸ
2868 775 3020 843 ύμῶν
3053 774 3362 845 ὑστέρημα.
3399 792 3419 825 ι
3458 774 3576 842 Τὴν
3627 776 3982 844 φιλοξενίαν

2421 865 2758 931 διώκοντες.
2779 895 2850 904 —
2875 865 3099 930 Ξὲνους
3127 865 3190 920 οὺ
3215 865 3340 927 τοὺς
3359 865 3549 932 ἁγίους
3577 867 3773 936 μόνους
3807 865 3984 930 καλεῖ,

2421 958 2556 1011 ἀλλά
2585 957 2821 1020 καὶτοὺς
2848 956 3110 1028 ἑτέρωθεν
3139 955 3237 1026 μέν
3257 955 3420 1011 ποθεν
3451 957 3804 1025 ἀφιγμένους,
3827 957 3986 1030 θερα-

2425 1050 2583 1111 πείας
2606 1049 2661 1101 δὲ
2683 1048 2966 1119 δεομένους
2985 1087 3000 1112 ,
3035 1043 3110 1102 ὧν
3141 1046 3514 1118 ἐπιμελεῖσθαι
3543 1048 3771 1102 κελεύειι

2496 1226 2576 1279 ιδ’.
2607 1226 2923 1295 Εὑλογεῖτε
2948 1226 3087 1292 τοὺς
3110 1225 3432 1291 διώκοντας
3460 1227 3637 1295 ὑμᾶς·
3655 1227 3984 1296 εὐλογεῖτε,

2422 1318 2514 1370 καί
2545 1316 2629 1386 μὴ
2659 1318 3021 1386 καταρᾶσθε.
3048 1319 3373 1381 Δεσποτικὸς
3406 1309 3554 1382 οὗτος
3585 1321 3612 1372 ὀ
3638 1319 3818 1388 νόμος.
3861 1319 3985 1380 Τοῖς

2422 1407 2530 1479 γὰρ
2583 1409 2747 1471 θείοις
2810 1408 2971 1462 αὐτὸ)
3018 1408 3334 1471 ἀποστόλοις
3385 1410 3418 1461 ’ό
3472 1397 3748 1476 Δεσπότης
3813 1424 3983 1477 προσ-

2422 1504 2640 1570 ἠνεγκε.

2493 1598 2573 1655 ιε’,
2614 1598 2708 1656 ις’.
2744 1593 2981 1659 Χαίρειν
3015 1591 3162 1661 μετὰ
3217 1594 3581 1662 χαιρόντων,
3614 1592 3711 1645 καὶ
3753 1592 3986 1644 κλαίειν

2415 1685 2562 1756 μετὰ
2593 1688 2941 1746 κλαιόντων,
2975 1683 3040 1737 τὸ
3075 1683 3217 1738 αὐτὸ
3255 1685 3339 1748 είς
3358 1682 3666 1751 ἀλλήλους
3695 1681 3986 1750 φρονοῦν-

2422 1795 2540 1844 τες.
2567 1778 2888 1831 Κοινωνεῖτε
2916 1775 3184 1846 ἀλλήλοις,
3219 1775 3311 1829 καὶ
3340 1775 3447 1827 τῶν
3475 1773 3732 1845 λυπηρῶν
3759 1774 3851 1827 καὶ
3877 1773 4007 1825 τῶνο

2424 1866 2675 1922 ἐναντίων
2703 1885 2716 1898 ·
2739 1866 2801 1920 τὸ
2831 1865 2929 1936 μὲν
2957 1862 3064 1933 γὰρ
3108 1864 3467 1934 συμπαθείας,
3501 1864 3562 1936 τὸ
3588 1864 3644 1917 δὲ
3676 1863 3854 1932 φιλίας
3887 1865 3988 1916 οὐκ

2425 1961 2652 2030 ἐχούσης
2675 1958 2767 2012 τοῦ
2797 1935 2990 2028 φθόνου
3019 1957 3108 2010 τὸν
3144 1956 3351 2028 μῶμον.
3381 1955 3476 2023 Μὴ
3505 1935 3576 2010 τὰ
3601 1955 3814 2024 ὑψηλὰ
3843 1973 3986 2024 φρο-

2424 2045 2671 2110 νοῦντες
2690 2086 2704 2110 ,
2746 2044 2904 2098 ἀλλὰ
2951 2043 3074 2110 τοῖς
3132 2044 3430 2110 ταπεινοῖς
3480 2046 3986 2114 συναπαγόμενοι.

2427 2137 2594 2191 Πάλιν
2629 2136 2861 2206 ἐξορίζει
2913 2136 3014 2203 τῆς
3046 2137 3453 2207 ὑπερηφανείας
3497 2137 3555 2188 τὸ
3606 2137 3833 2204 φύσημα
3855 2177 3866 2192 .
3897 2134 3992 2187 καὶ

2425 2231 2538 2293 τοῖς
2588 2228 2800 2298 δοκοῦσι
2856 2229 3127 2290 ταπεινοῖς
3181 2227 3526 2296 συγκατιέναι
3570 2226 3865 2297 νομοθετεῖ.
3894 2225 3989 2291 Μὴ

2427 2321 2665 2394 γίνεσθε
2710 2321 2981 2388 φρόνιμοι
3031 2319 3164 2386 παρ’
3217 2318 3466 2384 ἑαυτοῖς.
3537 2319 3681 2371 Ἀντὶ
3737 2316 3851 2380 τοῦ,
3898 2319 3990 2385 Μὴ

2426 2412 2546 2472 ταῖς
2570 2411 2797 2471 οἰκείαις
2817 2409 3068 2480 ἀρκεῖσθε
3095 2408 3326 2479 βουλαῖς,
3354 2409 3489 2464 ἀλλὰ
3521 2410 3619 2472 τὰς
3641 2409 3769 2480 παρ’
3792 2408 3992 2477 ἐτέρων

2428 2502 2646 2572 δέχεσθε
2677 2519 2738 2554 συ
2748 2501 3015 2571 μϐουλάς..

2505 2593 2589 2657 ιζ’.
2619 2591 2841 2660 Μηδενὶ
2861 2592 3049 2646 κακὸν
3080 2592 3214 2645 ἀντι
3243 2593 3434 2645 κακοῦ
3461 2591 3867 2655 ἀποδιδόντες.
3886 2590 3995 2642 Καὶ

2430 2682 2588 2736 τοῦτο
2622 2683 2723 2751 τῆς
2746 2682 3079 2752 τελεωτάτηνς
3109 2683 3305 2752 ἀρετῆς
3335 2683 3429 2735 καὶ
3456 2681 3718 2745 ἀπαθείας
3741 2681 3905 2748 ἐγγὺς
3935 2679 3998 2731 τὸ

2434 2774 2782 2846 κατόρθωμα.
2803 2775 3235 2842 Προνοούμενοι
3266 2775 3419 2827 καλὰ
3452 2773 3705 2826 ἐνώπιον
3734 2771 3992 2824 πάντων.

2435 2867 2591 2920 Οὕτω
2653 2866 2749 2920 καὶ
2802 2865 3067 2936 ἀλλαχοῦ·
3132 2885 3152 2916 ι
3218 2865 3579 2936 ’Λπρόσκοποι
3633 2861 3845 2933 γίνεσθε
3902 2863 3999 2915 καὶ

2446 2957 2750 3020 Ἰουδαίοις,
2803 2957 2894 3009 καὶ
2960 2956 3213 3026 Ἕλλησι,
3264 2955 3357 3009 καὶ
3419 2957 3484 3025 τῇ
3545 2953 3840 3024 Ἐκκλησία
3903 2951 3997 3005 τοῦ
4026 3025 4038 3035 .

2437 3049 2591 3103 Θεοῦ.
2632 3066 2650 3097 ι

2509 3148 2597 3208 ιη’.
2623 3140 2687 3191 El
2715 3137 2990 3202 δυνατὸν,
3027 3139 3091 3191 τὸ
3129 3139 3198 3203 ἐξ
3225 3138 3413 3208 ὑμῶν,
3442 3138 3592 3207 μετὰ
3626 3135 3864 3190 πάντων
3895 3135 4000 3188 ἀι·-

2438 3228 2681 3296 Ορὼπων
2706 3227 3130 3296 εἰρηνεύοντες.
3150 3227 3304 3280 Μετά
3331 3227 3614 3297 ἀκριϐείας
3636 3227 3668 3294 ή
3696 3222 4001 3292 προσθήκη,

2436 3319 2529 3371 καὶ
2564 3319 2642 3380 co,
2675 3321 2725 3371 εί
2754 3317 3033 3379 δυνατὸν,
3064 3317 3154 3369 καὶ
3182 3316 3262 3379 τὸ,
3294 3316 3363 3379 ἐξ
3395 3315 3577 3384 ὑμῶν.
3607 3314 3808 3382 Μηδὲν,
3848 3312 4000 3381 φησὶ,

2437 3411 2566 3482 παρ’
2608 3412 2748 3480 ὑμᾶς
2778 3409 3028 3477 γινέσθω,
3056 3407 3188 3461 ἀλλὰ
3237 3409 3416 3461 πᾶσαν
3457 3407 3594 3476 ὑπὲρ
3635 3407 3733 3475 τῆς
3785 3406 4005 3474 εἰρήνης

2439 3503 2772 3572 προσφέρετε
2803 3500 3068 3570 μηχανήν.
3094 3500 3204 3551 Καὶ
3257 3498 3412 3551 τοῦτο
3442 3498 3497 3551 δέ
3531 3498 3641 3559 τοῖς
3671 3494 4005 3568 προειρημέ-

2437 3611 2547 3654 νοις
2581 3590 2884 3662 ἀκόλουθον.
2931 3591 2989 3641 '0
3038 3589 3146 3658 γὰρ
3184 3589 3418 3656 εὐλογῶν
3463 3588 3554 3640 τὸν
3593 3585 3872 3646 διώκοντα,
3913 3583 4006 3637 καὶ

2441 3684 2518 3754 μὴ
2571 3682 2908 3752 ἀμυνόμενος
2966 3681 3057 3732 τὸν
3120 3679 3446 3746 ἀδικοῦντα,
3479 3679 3638 3731 ποίαν
3689 3676 4007 3745 δυσμένειαν

2438 3773 2756 3844 ἀναδέχεται
2781 3791 2795 3838 ;

2510 3865 2596 3930 ιϐ’,
2639 3873 2707 3919 κ’.
2756 3865 2852 3932 Μὴ
2913 3863 3165 3929 ἑαυτοὺς
3217 3861 3638 3926 ἐκδικοῦντες,
3676 3860 4005 3932 ἀγαπητοί,

2439 3951 2598 4010 ἀλλᾶ
2628 3953 2762 4007 δότε
2794 3953 2980 4007 τόπον
3021 3950 3096 4019 τῇ
3132 3949 3298 4020 ὀργῇ.
3322 3950 3651 4018 Γέγραπται
3681 3949 3818 4018 τᾶρ’
3845 3951 4007 4018 Ἐμοὶ

2438 4047 2771 4119 ἐκδίκησις,
2797 4044 2912 4113 ἐγὼ
2932 4041 3382 4118 όνταποδώσω,
3411 4041 3571 4108 λέγει
3612 4041 3845 4108 Κύριος.
3877 4042 4012 4093 Ἐὰν

2439 4141 2550 4193 οὖν
2572 4135 2748 4203 πεινᾷ
2774 4139 2806 4191 ό
2826 4136 3038 4206 ἐχθρός
3069 4131 3436 4200 σου,ι5·ιὶ›μιζ“ε
3465 4132 3652 4185 αὐτόν
3670 4147 3682 4159 ⁸
3706 4130 3816 4184 ἐὰν
3839 4130 4008 4199 διψᾷ,

2439 4229 2632 4297 πότιζε
2664 4230 2850 4284 αὐτόν
2868 4245 2881 4257 ·
2910 4226 3086 4280 τοῦτο
3123 4224 3232 4293 τὰρ
3264 4222 3469 4289 ποιῶν,
3499 4222 3806 4290 ἄνθρακας
3821 4223 4010 4290 πυρὸς

2439 4323 2762 4390 σωρεύσεις
2815 4319 2911 4372 ἐπὶ
2951 4317 3066 4385 τὴν
3097 4314 3370 4383 κεφαλὴν
3417 4312 3622 4366 αὑτοῦ.
3659 4311 3762 4364 Τδν
3819 4312 4013 4380 κριτὴν

2441 4413 2742 4477 ὑποδείξας,
2769 4411 2860 4464 καὶ¹
2888 4404 2984 4480 τὴν
3008 4407 3220 4461 δικαίαν
3276 4404 3438 4458 αὐτοῦ
3484 4403 3665 4472 ψῆφον
3719 4402 4012 4471 γυμνώσας

784 4505 1004 4573 gniﬁcat
1036 4520 1048 4559 ε
1082 4505 1213 4557 Mihi
1254 4508 1502 4569 vindicta,
1522 4524 1614 4575 ego
1649 4508 1958 4578 retribuam,
1982 4509 2111 4562 dicit
2159 4508 2343 4564 Domi-
2373 4503 2418 4560 D

2449 4505 2625 4581 (τοῦτο
2655 4505 2763 4574 γάρ
2805 4501 2955 4570 δηλοῖ
2981 4499 3074 4552 ’τό⁹
3127 4496 3288 4566 Ἐμοὶ
3332 4495 3666 4562 ἐκδίκησις,
3720 4493 3833 4563 ἐγὼ
3874 4495 4014 4547 ἀντ-

785 4597 926 4661 nus),
954 4597 1106 4664 jubet
1141 4613 1241 4651 nos
1263 4598 1479 4664 fortiter
1511 4599 1654 4653 ferre
1677 4599 1912 4668 injurias
1943 4600 2145 4668 quibus
2172 4599 2337 4654 allici~

786 4701 926 4748 mur,
950 4693 1002 4738 et
1026 4685 1281 4754 injuriam
1326 4685 1658 4741 facientibus
1697 4688 1976 4743 contraria
2009 4687 2259 4751 reddere,
2291 4697 2344 4742 et

787 4776 1025 4829 inimicis
1059 4777 1369 4831 necessaria
1395 4778 1658 4846 praebere.
1696 4780 1824 4831 Haec
1858 4777 2004 4832 enim
2035 4778 2104 4832 iis
2123 4778 2358 4848 quidem

786 4867 878 4934 qui
925 4866 1209 4936 sapientia:
1258 4867 1491 4922 studiosi
1541 4876 1693 4934 sunt,
1737 4883 1975 4922 coronas
2015 4876 2341 4933 contexunt,

787 4974 975 5011 eorum
1012 4967 1213 5023 autem,
1240 4961 1333 5029 qui
1363 4961 1616 5029 injuriam
1651 4960 1880 5024 faciunt,
1905 4974 2097 5029 poenas
2123 4969 2343 5030 augent.

793 5047 1086 5101 Sciendum
1117 5058 1297 5104 autem
1356 5067 1463 5105 non
1513 5060 1772 5121 Oportere
1808 5067 1910 5106 nos
1948 5051 2069 5105 ideo
2096 5053 2348 5120 inimicos

791 5140 991 5203 colere,
1025 5148 1082 5195 ut
1115 5143 1190 5195 illi
1234 5143 1471 5213 majores
1502 5133 1634 5200 dent
1668 5160 1877 5214 poenas.
1915 5143 2151 5198 Divinus
2193 5143 2341 5197 enim

793 5233 1080 5300 Apostolus
1109 5233 1223 5290 lucc
1244 5235 1471 5297 addidit,
1485 5236 1676 5291 volens
1691 5237 1812 5304 ejus
1843 5237 1978 5289 iram
1998 5228 2350 5304 exstinguere

793 5323 883 5391 qui
909 5323 1110 5394 injuria
1146 5324 1402 5392 adicitur,
1442 5343 1549 5384 non
1591 5335 1771 5383 autem
1820 5327 1965 5382 bono
2009 5324 2212 5380 malum
2248 5341 2347 5380 au-

2446 4597 2753 4656 αποδώσω,
2776 4593 2935 4662 λέγει
2966 4589 3224 4658 Κύριος),
3253 4587 3353 4650 τάς
3380 4585 3775 4656 ἐπιφερομένας
3805 4584 4015 4646 ἀδικίας

2448 4688 2634 4757 φέρειν
2676 4684 2884 4738 κελεύει
2942 4681 3234 4750 γενναίως,
3268 4679 3362 4732 καὶ
3410 4681 3522 4742 τοῖς
3573 4677 3834 4737 ἐναντίοις
3886 4677 4016 4737 τοὺς

2447 4778 2762 4839 ἀδικοῦντας
2795 4773 3136 4845 ἀμείϐεσθαι,
3171 4771 3263 4824 καὶ
3305 4769 3404 4833 τὰς
3441 4769 3627 4840 χρείας
3651 4770 3763 4827 τοῖς
3817 4765 4014 4834 δυσμε-

2447 4872 2561 4924 νέσι
2593 4869 2868 4938 παρέχειν.
2900 4864 3085 4918 Ταῦτα
3113 4861 3220 4932 γάρ
3248 4865 3360 4924 τοῖς
3391 4861 3487 4931 μὲν
3516 4857 3861 4931 φιλοσοφοῦσι
3888 4857 4019 4918 τοὺς

2449 4959 3013 5031 στεφάνουςύφαίνει,
3043 4954 3151 5008 τῶν
3183 4954 3238 5006 δέ
3285 4972 3347 5022 γε
3377 4951 3704 5013 ἀδικούντων
3736 4944 3891 5026 αὔξει
3916 4948 4017 5015 τὴν

2443 5034 2733 5124 τιμωρίαν.
2783 5048 2992 5102 Εἱδέναί
3025 5042 3206 5116 μέντοι
3230 5042 3354 5115 χρὴ,
3387 5042 3461 5103 ὡς
3486 5040 3585 5095 οὐκ
3609 5039 3701 5092 ἐπὶ
3732 5036 3907 5104 τούτῳ
3932 5036 4020 5088 θε-

2451 5143 2708 5218 ραπεύειν
2731 5141 2996 5212 προσήκει
3024 5137 3148 5199 τοὺς
3176 5135 3478 5203 δυσμενεῖς,
3511 5131 3596 5183 ῐνα
3638 5126 3856 5206 μείζους
3876 5127 4020 5180 ἐκεῖ-

2449 5216 2531 5288 νοι
2576 5234 2766 5288 τίσωσι
2802 5231 2977 5292 δίκας.
3020 5227 3078 5280 '0
3125 5227 3241 5296 γάρ
3279 5224 3418 5286 θεῖος
3476 5216 3797 5282 Ἀπόστολος
3843 5216 4016 5270 ταῦτα

2451 5321 2892 5398 προστέθεικεη,
2923 5319 3107 5374 σὸἐσαι
3155 5315 3248 5372 τοῦ
3293 5314 3644 5386 ἀδικουμένου
3697 5309 4019 5382 βουλόμενος

870 5510 896 5550 ν
935 5500 978 5554 11
1002 5501 1125 5556 Cor.
1152 5515 1249 5556 vui
1275 5539 1291 5567 ,
1323 5501 1407 5556 14.
1485 5513 1512 5552 ς
1541 5500 1732 5559 Matth.
1757 5518 1811 5572 ν,
1839 5501 1928 5558 44.
2007 5514 2029 5542 τ
2067 5499 2088 5554 l
2119 5501 2243 5559 Cor.
2279 5520 2312 5558 κ
2335 5543 2351 5569 ,
2383 5499 2473 5556 53.

2059 5657 2298 5714 VAltlE
2340 5653 2740 5714 LECTIONES.

871 5775 917 5806 “
938 5777 982 5831 Α
1003 5775 1088 5831 ἵνα
1123 5793 1255 5830 κοιν.
1293 5776 1510 5846 γένηται
1537 5774 1758 5846 κατορθ.

1862 5777 1904 5810 ⁸⁷
1931 5777 2023 5831 καὶ
2049 5775 2199 5832 deest
2222 5775 2276 5830 in
2312 5775 2373 5828 A.

2454 5773 2500 5806 "
2533 5773 2576 5825 Δ
2602 5766 2933 5840 προσέθηκε.
