4210 6438
216 373 318 437 193

1050 357 1655 425 INTERPRETATIO
1674 354 1908 417 EPIST.
1939 355 2038 414 AD
2070 352 2252 413 ROM.
2282 353 2437 411 CAP.
2468 352 2633 411 XIII.

3324 346 3421 414 ιιι

203 485 300 538 τὸν
327 482 521 552 θυμὸν,
559 480 620 533 οὐ
646 479 728 550 τῷ
772 475 959 547 ἁγαθῷ
990 477 1052 530 τὸ
1104 477 1268 530 κακδν
1308 474 1538 542 αὐξῆσαι
1569 466 1764 539 πειρώο
1800 467 1844 522 Α

1760 494 1764 507 ι
1800 467 1844 522 Α
1871 477 1999 531 gere
2034 462 2282 517 studens.
2316 460 2468 525 Quod
2504 460 2649 513 enim
2698 471 2798 510 nos
2827 454 3105 524 sapientia
3143 457 3422 512 studiosos

208 551 551 644 μενος.ί”οτι
608 571 717 641 γὰρ
760 569 1064 639 φιλοσοφεῖν
1106 567 1327 620 «sum
1353 605 1368 630 ,
1398 564 1493 618 καὶ
1531 562 1598 615 τὰ
1642 559 1770 629 ἑξῆς

1531 562 1598 615 τὰ
1642 559 1770 629 ἑξῆς
1870 553 2216 622 essejubeat,
2242 551 2445 605 docent
2481 551 2649 602 etiam
2694 561 2815 614 quae
2841 553 3167 613 sequuntur.

204 664 473 718 διδάσκει.

277 752 392 807 καί.
420 755 520 819 Μὴ
550 751 693 805 νικῶ
721 750 839 806 ὑπὸ
872 748 976 803 τοῦ
1001 748 1207 811 κακοῦ,
1240 746 1400 800 ἀλλὰ
1428 744 1569 798 νίκα
1595 742 1665 795 ἐν
1693 739 1772 805 τῷ

207 846 415 914 ἀγαθῷ
443 846 511 898 τὸ
536 845 742 897 κακόν.
770 841 844 894 Τὸ
874 841 971 911 μὲν
998 839 1106 910 γὰρ
1131 837 1449 908 ἀμύνεσθαι,
1477 837 1576 904 τὴν
1606 830 1769 906 ἧτταν

213 937 474 1006 σημαίνει
499 952 513 966 ·
549 934 667 1005 νίκη
696 932 753 985 δὲ
784 932 1063 1002 προφανὴς
1082 971 1097 995 ,
1133 930 1192 982 τὸ
1219 932 1331 993 τοῖς
1360 927 1584 995 ἀγαθοῖς
1618 925 1774 993 ἀμεί-

212 1024 406 1078 ϐεσθαι
446 1024 516 1078 τὰ
547 1023 711 1077 κακά.
745 1021 901 1075 Οὕτω
931 1022 1018 1074 διὰ
1065 1020 1267 1093 τούτων
1295 1019 1355 1071 τὺ
1382 1015 1513 1087 ἦθος
1554 1014 1767 1066 παιδεόι

215 1134 349 1178 σας,
400 1113 831 1184 παρακελεύεται
881 1114 973 1164 καὶ
1027 1114 1138 1173 τοῖς
1202 1110 1425 1178 ἄρχουσι
1454 1107 1550 1175 τὴν
1609 1121 1775 1174 προσ-

213 1212 457 1275 ήκουσαν
496 1205 785 1273 ἀπονέμειν
816 1205 998 1273 τιμήν.
1038 1200 1264 1271 Προῂδει
1296 1203 1425 1269 γὰρ,
1456 1198 1549 1250 ἅτε
1580 1197 1641 1266 δὴ
1681 1195 1773 1247 τοῦ

214 1298 485 1364 παναγίου
521 1296 830 1365 Πνεύματος
855 1293 1119 1353 πλουσίως
1146 1291 1241 1361 τὴν
1275 1290 1433 1358 χάριν
1462 1286 1771 1356 δεξάμενος,

212 1385 287 1448 ὥς
321 1402 501 1447 τινες,
553 1383 706 1452 τύφῳ
752 1381 1009 1451 μᾶλλονῆ
1054 1380 1197 1451 ζήλῳ
1250 1377 1611 1448 κεχρημένοι,
1670 1375 1776 1425 τῶν

215 1478 486 1547 βιωτικῶν
535 1477 808 1545 ἀρχόντων
845 1472 1311 1541 καταφρονήσουσι
1336 1511 1350 1534 ,
1391 1466 1607 1537 μείζους
1648 1467 1775 1517 ἑαυ-

211 1570 335 1629 τοὺς
388 1568 477 1620 διὰ
519 1569 615 1638 τὴν
679 1565 879 1633 γνῶσιν
943 1562 1445 1630 ὑπολαμϐάνοντες·
1498 1558 1669 1619 ἄλλως
1716 1572 1775 1607 τε

211 1663 305 1713 καὶ
321 1662 367 1691 ’⁸
395 1660 495 1730 τὴν
527 1658 919 1729 καταχυθεῖσαν
943 1655 1119 1708 αὐτῶν
1147 1653 1304 1717 δόξαν
1329 1652 1772 1722 ἀποτριϐόμενος,

211 1751 368 1803 τοῦτο
398 1751 558 1801 ποιεῖ.
590 1748 935 1802 Διεδάλλοντο
968 1746 1076 1817 γὰρ
1096 1788 1110 1811 ,
1144 1745 1215 1808 ὡς
1247 1747 1368 1807 τοὺς
1402 1744 1611 1803 κοινοὺς
1643 1741 1774 1792 ἀνα·
1810 1788 1849 1841 Β

207 1842 508 1910 τρέποντες
542 1841 758 1909 νόμους.
800 1840 908 1892 Καὶ
936 1839 984 1891 oi
1015 1838 1113 1908 μὲν
1141 1836 1346 1903 ελεγον·
1387 1835 1451 1885 0i
1476 1832 1571 1902 τὴν
1601 1834 1776 1882 οἱκου-

212 1936 387 2004 μένην
421 1932 926 1994 ἀναστατώσαντες,
957 1926 1098 1984 οὗτοι
1143 1929 1237 1981 καὶ
1267 1924 1501 1980 ἐνταῦθα
1522 1924 1539 1954 ¹
1589 1922 1777 1991 πάρει-

206 2041 293 2077 σιν
314 2042 329 2054 ·
360 2025 413 2076 oi
436 2023 516 2088 δὲ,
546 2024 629 2076 ὅτι
651 2021 811 2091 ἕτερα
837 2020 931 2089 ἔθη
962 2019 1256 2086 εἰσάγουσι.
1283 2014 1564 2087 Προῠργου
1599 2012 1778 2065 τοίνυν

208 2117 433 2185 ενόμισε
464 2116 562 2168 δια)⁸
592 2113 722 2183 περὶ
750 2111 940 2166 τούτου
970 2109 1353 2180 νομοθετῆσαι.

743 2281 1135 2336 ΚΕΦΑΛΛΙΟΝ
1166 2282 1260 2333 ll".

279 2383 349 2431 α’.
388 2376 568 2431 Πᾶσα
599 2378 771 2444 ψυχὴ
806 2374 1113 2439 ἐξουσίαις
1157 2372 1591 2439 ὑπερεχούσαις
1636 2374 1777 2425 ὐπο-

210 2467 598 2521 τασσέσθω².
640 2467 761 2519 Εῖτε
792 2465 968 2535 ἱερεύς
1001 2464 1083 2527 τίς
1120 2465 1289 2526 ἐστιν,
1320 2464 1427 2515 εἴτε
1470 2464 1777 2533 ἀρχιερεὺς,

213 2559 321 2611 εἴτε
358 2559 454 2609 τὸν
490 2558 699 2627 μονήρη
734 2556 847 2625 βίον
878 2554 1342 2623 ἐπαγγελλόμενος
1366 2597 1380 2619 ,
1420 2557 1528 2616 τοῖς
1556 2556 1653 2616 τὰς
1684 2555 1781 2623 ἀρ-

216 2650 315 2719 χὰς
347 2647 809 2717 πεπιστευμένοις
841 2647 1053 2701 εῑκὲτω.
1090 2646 1364 2717 Πρόδηλον
1393 2647 1438 2697 εί
1482 2648 1597 2716 μετ’
1626 2647 1781 2699 εὐσε-

215 2742 399 2802 ϐείας·
433 2740 495 2791 οὗ
531 2739 641 2809 γὰρ
682 2740 715 2808 ἠ
746 2738 1054 2798 ἐναντίωσις
1085 2737 1193 2789 τῶν
1237 2736 1465 2788 ἐντολῶν
1512 2736 1604 2789 τοῦ
1648 2736 1782 2789 Θεοῦ

218 2832 465 2883 ὑπείκειν
522 2831 796 2898 συγχωρεῖ
851 2833 959 2891 τοῖς
1011 2829 1288 2898 ἄρχουσιν.
1327 2832 1409 2881 Οὐ
1460 2830 1568 2898 γὰρ
1612 2829 1785 2882 ἔστιν

213 2922 489 2985 ἐξουσία,
518 2924 572 2973 εὶ
589 2920 675 2987 μὴ
705 2919 823 2973 ἀπὸ
847 2921 868 2952 ³
903 2918 1068 2973 Θεοῦ.
1111 2923 1175 2973 Αἱ
1203 2920 1270 2972 δὲ
1307 2918 1484 2974 οὖσαι
1514 2921 1783 2983 ἐξουσίαι

214 3013 334 3068 ὑπὸ
372 3012 484 3064 τοῦ
526 3010 674 3064 Θεοῦ
722 3012 1067 3078 τεταγμέναι
1111 3013 1249 3063 εἰσί.
1307 3012 1415 3064 Καὶ
1464 3010 1634 3063 ταῦτα
1686 3012 1785 3081 τῆς

1944 728 2110 783 Vnus.
2148 728 2239 783 21.
2292 727 2422 781 Noti
2471 726 2609 779 vinci
2656 742 2689 777 a
2723 722 2991 785 malo,sed
3033 726 3175 777 vince
3204 723 3255 775 in
3294 722 3425 776 bono

1874 821 2091 875 malum
2130 820 2335 875 Ulcisci
2368 818 2536 883 enim,
2570 815 2886 870 inferiorem
2917 813 3086 868 fuisse
3109 812 3382 883 signiﬁcat
3411 831 3423 866 :

1873 911 2096 966 evidens
2124 919 2305 963 autem
2331 908 2562 963 victoria
2586 915 2691 972 est,
2718 921 2817 973 pro
2838 905 2994 957 malis
3018 904 3156 958 bona
3178 903 3421 957 reddere.

1875 1002 2011 1055 Cum
2050 1016 2228 1055 mores
2260 1002 2359 1053 hac
2385 1001 2599 1053 ratione
2645 998 3024 1059 informasset,
3068 993 3222 1063 jubet
3263 998 3427 1046 etiam

1875 1092 2139 1148 honorem
2195 1092 2262 1146 iis
2320 1091 2413 1161 qui
2471 1098 2713 1158 praesunt
2766 1090 3187 1141 convenientem
3239 1085 3428 1138 tribui.

1876 1180 2216 1236 Praevidcbat
2245 1184 2414 1247 enim,
2450 1188 2636 1248 utpote
2681 1180 2772 1247 qui
2801 1178 2969 1231 divini
3017 1178 3257 1246 Spiritus
3305 1192 3431 1245 gra-

1879 1275 2009 1326 tiani
2046 1272 2247 1326 affatim
2282 1279 2587 1339 acceperat,
2611 1270 2725 1323 fore
2757 1277 2815 1320 ιιι
2847 1269 3126 1331 nonnulli,
3160 1267 3299 1320 fastu
3331 1282 3431 1334 po-

1878 1365 1989 1418 tius
2062 1377 2224 1433 quam
2286 1361 2405 1415 zelo
2438 1367 2691 1421 utentes,
2743 1340 3093 1426 magistratus
3142 1357 3429 1408 satculares

1879 1461 2311 1513 contemnerent,
2350 1452 2581 1521 majores
2607 1464 2665 1503 se
2692 1449 2799 1501 illis
2826 1458 3045 1517 propter
3083 1446 3323 1500 scientia:
3342 1460 3434 1497 co-

1878 1547 2178 1616 gnitionem
2205 1546 2584 1599 existimantes
2620 1560 2632 1593 :
2666 1549 2720 1593 et
2747 1540 2949 1607 alioqui
2980 1552 3229 1607 sparsam
3258 1537 3324 1591 de
3348 1538 3433 1605 ip-

1880 1638 1955 1691 sis
1981 1637 2293 1705 Opinionem
2322 1635 2535 1688 amoliri
2562 1634 2751 1687 volens
2787 1632 2887 1684 hoc
2916 1629 3065 1683 facit.
3103 1628 3243 1682 Male
3286 1630 3434 1680 enim

1880 1727 2197 1789 audiebant,
2235 1734 2494 1792 tanquam
2527 1724 2618 1793 qui
2662 1723 2810 1792 leges
2853 1732 3176 1774 communes
3222 1720 3436 1771 everte;

1880 1824 1999 1871 rent
2037 1833 2050 1869 :
2090 1826 2145 1870 et
2184 1816 2274 1868 alii
2323 1816 2542 1883 quidem
2590 1813 2888 1866 dicebant:
2942 1829 2960 1860 ι
2992 1809 3093 1874 Qui
3124 1809 3435 1862 universum

1879 1917 2151 1967 terrarum
2184 1907 2372 1961 orbem
2424 1910 2770 1967 everterunt,
2802 1903 2909 1971 ipsi
2959 1901 3048 1954 bie
3083 1915 3301 1968 quoque
3338 1899 3435 1951 ad-

1879 2008 2008 2056 sunt
2039 2007 2096 2064 ·;
2128 2018 2145 2050 ι
2181 1998 2270 2052 alii
2295 2011 2445 2063 vero,
2478 1994 2623 2065 quod
2655 1994 2791 2049 alias
2821 1990 3247 2046 consuetudines
3270 1989 3439 2042 intro-

1878 2091 2141 2146 ducunt“.
2170 2088 2312 2145 Utile
2339 2088 2523 2158 itaque
2544 2083 2877 2141 existimavit
2906 2081 2973 2137 de
3004 2082 3107 2136 hoc
3138 2083 3301 2135 etiam
3334 2079 3436 2134 aii-

1879 2184 2011 2255 quid
2044 2183 2363 2239 decernere.

2317 2272 2475 2342 133
2510 2267 2738 2323 CAPUT
2768 2264 2906 2321 xm.

1959 2369 2114 2421 Vsus.
2171 2367 2222 2419 1.
2282 2365 2466 2419 Omnis
2535 2363 2715 2415 anima
2763 2358 3106 2424 potestatibus
3168 2356 3440 2410 sublimio-

1883 2460 2027 2512 ribus
2074 2458 2285 2511 subdita
2322 2457 2407 2509 sit.
2459 2453 2588 2506 Sive
2631 2460 2714 2507 est
2759 2450 3016 2505 sacerdos
3060 2448 3279 2518 aliquis.
3326 2447 3441 2501 sive

1884 2550 2145 2613 antistes,
2180 2548 2293 2601 sive
2328 2543 2685 2599 monasticam
2717 2541 2879 2595 vitam
2913 2538 3216 2610 professus,
3247 2538 3314 2591 iis
3353 2552 3443 2590 ce-

1884 2644 1978 2696 dat
2015 2641 2215 2710 quibus
2253 2636 2496 2691 mandati
2539 2642 2669 2689 sunt
2700 2634 3063 2703 principatus.
3097 2631 3319 2684 Clarum
3360 2635 3445 2681 est

1884 2741 2086 2792 autem.
2114 2732 2157 2786 si
2189 2746 2312 2784 cum
2344 2730 2546 2799 pietate
2579 2748 2590 2781 :
2627 2742 2733 2781 non
2759 2726 2925 2790 enim,
2954 2726 2999 2778 si
3042 2723 3133 2777 Dei
3162 2722 3444 2792 praeceptis

1884 2831 2207 2893 repugnent,
2244 2820 2659 2891 magistratibus
2681 2817 2906 2886 obsequi
2936 2815 3291 2885 permittitur.
3324 2810 3445 2866 Non

1884 2923 1960 2965 est
1980 2915 2115 2965 enim
2153 2921 2404 2979 potestas,
2442 2910 2544 2962 nisi
2585 2926 2615 2960 α
2660 2907 2786 2975 Deo.
2824 2908 2953 2971 Qua:
3004 2913 3175 2957 autem
3204 2913 3321 2957 sunt
3355 2917 3447 2969 po-

1889 3012 2122 3069 testates,
2156 3000 2327 3078 a.Deo
2363 3004 2377 3022 '
2413 3000 2673 3054 ordinata:
2710 3005 2850 3051 sunt.
2883 2996 2950 3049 Et
2981 2995 3095 3049 haec
3124 3009 3152 3047 a
3181 2993 3274 3047 Dei
3317 3008 3444 3063 pro-

215 3104 308 3157 τοῦ
361 3102 502 3155 θεοῦ
549 3101 887 3171 προμηθείας
941 3102 1254 3172 ἐξήρτηται.
1316 3101 1487 3163 Αὐτὸς
1532 3103 1640 3171 γὰρ
1688 3104 1785 3173 τῆς
1814 3116 1858 3174 C

1782 3116 1858 3174 Ic
1888 3094 2127 3149 videntia
2168 3091 2501 3161 dependent.
2549 3088 2669 3158 Ipse
2695 3088 2841 3143 enim
2883 3084 3193 3140 communis
3236 3082 3444 3137 ordinis

216 3196 401 3265 κοινῆς
453 3192 910 3263 προμηθούμενος
949 3192 1200 3255 εὐταξίας
1224 3232 1237 3256 ,
1284 3196 1409 3256 τοὺς
1440 3195 1538 3263 μὲν
1573 3195 1782 3265 ἄρχειν,

214 3288 308 3337 καὶ
345 3282 615 3353 ἄρχεσθαι
664 3283 1044 3352 ᾠκονόμησεν,
1093 3278 1202 3334 οἶόν
1246 3300 1365 3334 τινα
1416 3284 1631 3353 χαλινὸν
1675 3289 1787 3347 τοῖς

216 3374 467 3428 ἀδικοῦσι
513 3373 625 3425 τῶν
666 3374 941 3444 ἀρχόντων
984 3374 1046 3425 τὸ
1073 3374 1189 3435 δέος
1235 3376 1549 3444 περιτιθείς.
1593 3377 1787 3427 ’ῐστέον

220 3466 442 3534 μέντοι,
491 3464 572 3525 ὡς
624 3464 685 3515 τὺ
730 3465 915 3533 ἄρχειν
959 3465 1053 3516 καὶ
1093 3464 1354 3534 ἄρχεσθαι
1390 3465 1491 3534 τῆς
1517 3465 1611 3517 τοῦ
1650 3465 1784 3517 Θεοῦ

218 3554 569 3625 προμηθείας
612 3554 911 3622 ἐξήρτησεν
946 3555 976 3606 ό
1022 3553 1165 3617 θεῖος
1214 3555 1561 3619 Ἀπόστολος,
1616 3556 1677 3607 οὐ
1726 3553 1787 3606 τὸ

219 3648 305 3698 τὸν
334 3647 511 3707 δεῖνα,
543 3644 577 3713 ἢ
612 3644 705 3696 τὸν
732 3644 879 3697 δεῖνα
911 3644 1117 3715 ἄρχειν.
1149 3646 1224 3697 Οὐ
1255 3648 1362 3717 γὰρ
1396 3646 1491 3699 τοῦ
1514 3646 1648 3699 Θεοῦ
1678 3664 1789 3716 χει-

222 3736 437 3806 ροτονίᾳ
493 3735 601 3788 τῶν
651 3735 851 3787 ἀδίκων
899 3736 930 3803 ἡ
981 3735 1219 3814 ἐξουσία,
1258 3737 1372 3789 ἀλλ’
1420 3738 1555 3806 αὑτὴ
1590 3723 1645 3806 ’ἠ
1691 3738 1789 3805 τῆς

220 3830 519 3899 ἡγεμονίας
555 3828 855 3897 οἰκονομία.
894 3829 1134 3899 Εὐμενὴς
1186 3829 1365 3898 μέντοι
1417 3828 1537 3893 ὣν,
1578 3830 1789 3881 δίδωσιν

220 3917 486 3992 ἄρχοντας
526 3920 801 3989 τιμῶντας
840 3920 901 3972 τὸ
934 3920 1161 3975 δίκαιον.
1199 3940 1217 3971 ι
1244 3920 1411 3972 Δώσω
1445 3921 1552 3990 γὰρ
1581 3922 1785 3981 αὐτοῖς,

221 4013 371 4081 φησι,
398 4011 666 4080 ποιμένας
682 4009 821 4063 κατὰ
839 4010 933 4080 τὴν
954 4011 1175 4081 καρδίαν
1195 4028 1316 4079 μου,
1341 4013 1433 4064 καὶ
1469 4029 1556 4063 ποι
1565 4011 1789 4080 μανοῦσι

220 4097 416 4157 αὐτοὺς
448 4095 831 4164 ποιμαίνοντες
881 4098 995 4166 μετ’
1027 4100 1353 4168 ἐπιστήμης.
1409 4119 1426 4149 ι
1463 4100 1567 4152 Καὶ
1595 4100 1788 4153 πάλιν·

224 4206 243 4237 ι
277 4186 451 4239 Δώσω
500 4188 629 4249 τοὺς
674 4188 865 4255 κριτάς
912 4205 1005 4241 σου
1032 4229 1046 4253 ,
1086 4190 1161 4252 ὠς
1211 4174 1299 4242 το
1330 4193 1594 4261 πρότερον
1619 4234 1633 4257 ,
1699 4192 1791 4245 καὶ

218 4278 340 4338 τοὺς
388 4276 731 4345 ωμὸούλους
760 4294 874 4337 σου,
916 4280 992 4340 ὡς
1018 4279 1079 4331 τὸ
1122 4281 1394 4351 ἀπαρχῆς.
1443 4301 1459 4333 ι
1498 4282 1789 4336 Παιδεῦσαι

1887 3199 2076 3239 curam
2117 3197 2336 3252 gerens,
2393 3182 2493 3235 hos
2534 3179 2754 3249 quidem
2804 3178 3099 3247 imperare,
3142 3176 3263 3229 illos
3317 3189 3447 3229 vero

1888 3291 2081 3347 parere
2108 3275 2364 3339 instituit,
2399 3272 2571 3327 veluti
2603 3270 2879 3341 quoddam
2907 3269 3119 3323 frenum
3150 3267 3221 3321 iis
3249 3267 3338 3335 qui
3367 3266 3447 3319 in—

1884 3369 2031 3436 jnstc
2048 3374 2234 3435 agunt,
2258 3365 2643 3431 imperantium
2665 3362 2917 3415 timorem
2944 3358 3238 3413 incutiens.
3276 3355 3445 3415 Porro

1887 3466 2065 3511 autem
2102 3457 2381 3512 sciendum
2418 3463 2522 3517 est,
2559 3454 2707 3524 quod
2737 3460 2792 3507 et
2823 3452 3117 3521 imperare,
3153 3458 3206 3503 et
3224 3448 3448 3516 imperio

1888 3548 2137 3612 subesse,
2184 3560 2212 3598 a
2254 3546 2439 3599 divina
2471 3543 2809 3614 providentia
2836 3540 3071 3610 pendere
3097 3538 3286 3591 doceat
3311 3537 3446 3589 divi-

1889 3655 1992 3694 nus
2026 3637 2354 3709 Apostoi‘us.
2384 3642 2503 3690 non"
2531 3645 2714 3689 autem
2768 3640 2827 3686 ut
2871 3633 2961 3685 hic
2996 3631 3080 3685 vel
3120 3630 3211 3683 ille
3241 3628 3445 3698 princi‘

1890 3740 2074 3803 patum
2115 3738 2319 3784 teneat.
2349 3726 2539 3797 Neque
2580 3726 2727 3779 enim
2788 3724 3101 3792 iniquorum
3166 3718 3451 3795 hominum

1891 3832 2135 3895 potestas
2167 3838 2196 3875 ιι
2238 3822 2329 3875 Dei
2363 3820 2632 3875 electione
2660 3813 2928 3885 procedit,
2961 3812 3055 3866 sed
3089 3811 3207 3878 ipsa
3242 3807 3450 3877 princi~

1890 3921 2051 3983 palus
2082 3910 2428 3966 constitutio.
2462 3906 2739 3975 PrOpitius
2761 3902 2981 3972 quidem
3014 3911 3162 3953 certe
3192 3898 3239 3951 si
3262 3896 3447 3956 fuerit,

1890 4002 1979 4055 dat
2000 4001 2278 4071 principes
2296 4001 2387 4068 qui
2403 3998 2611 4067 justum
2633 3995 2820 4048 colunt
2836 4001 2888 4047 et
2910 3990 3225 4043 observant.
3249 4004 3266 4037 ι
3306 3983 3451 4037 Dabo

1891 4095 2035 4148 enim
2068 4094 2168 4158 eis,
2213 4091 2411 4160 inquit,
2444 4095 2699 4158 pastores
2728 4082 3029 4138 secundum
3055 4094 3149 4133 cor
3175 4092 3375 4139 meum,
3399 4086 3453 4128 et

1893 4192 2117 4254 pascent
2142 4197 2237 4236 eos
2264 4187 2552 4250 pascentes
2580 4191 2704 4230 cum
2728 4174 2958 4229 scientia
2987 4181 3038 4227 ιι.
3071 4189 3089 4223 ι
3116 4169 3179 4223 Ει
3213 4183 3406 4222 rursus
3435 4186 3446 4219 :

1898 4295 1915 4326 ι
1966 4274 2113 4327 Dabo
2153 4272 2369 4340 judices
2423 4278 2547 4322 tuos
2584 4268 2728 4321 sicut
2788 4265 2961 4335 prius,
3009 4270 3061 4316 et
3102 4260 3450 4315 consiliarios

220 4368 273 4420 δὲ
305 4344 763 4437 πλημμελοῦντας
800 4368 1122 4439 βουλόμενος
1146 4411 1159 4436 ,
1211 4344 1307 4424 κάξ
1332 4344 1495 4442 ⁷ιιτιιρᾶι
1540 4371 1789 4442 πονηρῶν
1826 4439 1853 4442 _

1787 4394 1789 4407 ι
1826 4439 1853 4442 _
1892 4375 2015 4419 tuos
2052 4364 2195 4417 sicut
2224 4361 2293 4414 ab
2326 4360 2486 4413 initio
2518 4368 2569 4412 ν.
2606 4376 2624 4408 ι
2656 4356 2791 4410 Cum
2830 4363 3010 4407 autem
3059 4344 3177 4404 vult
3213 4364 3308 4404 eos
3359 4349 3449 4418 qui

220 4459 497 4528 ἀρχόντων
559 4458 822 4529 ἄρχεσθαι
882 4464 1173 4531 συγχωρεῖ.
1223 4479 1240 4511 ι
1292 4439 1599 4532 Ἐπιστήσω
1657 4439 1783 4534 χορ,
1824 4439 1866 4492 D

1824 4439 1866 4492 θ
1893 4466 2113 4528 peccant
2144 4454 2433 4523 castigare,
2458 4465 2557 4511 eos
2571 4450 2736 4502 etiam
2763 4462 2791 4501 a
2821 4446 2978 4498 malis
3002 4443 3339 4511 principibus
3370 4456 3453 4494 re-

223 4549 352 4617 φησι
374 4590 390 4614 ,
434 4550 763 4611 ονεανίσκους
793 4550 1055 4619 ἄρχοντας
1082 4550 1262 4604 αὐτῶν
1290 4591 1304 4615 ,
1360 4552 1454 4604 καὶ
1487 4554 1786 4622 ἐμπαῖκται

1894 4551 1945 4619 gi
1993 4546 2278 4617 permittit.
2321 4561 2339 4593 ι
2391 4540 2736 4594 Constituam
2770 4536 2939 4595 enim,
2999 4532 3215 4600 inquit,
3267 4531 3453 4583 adole-

225 4638 606 4707 κυριεύσουσιν
638 4640 833 4692 αὐτῶν.
850 4660 870 4692 ι
890 4641 1028 4693 Ἀλλ’
1060 4644 1150 4693 ἐπὶ
1175 4642 1241 4694 τὰ
1266 4642 1461 4712 συνεχῆ
1486 4621 1583 4714 τῆς
1613 4646 1785 4713 ἑρμη-

1895 4637 2171 4693 scentulns
2192 4632 2469 4703 principes
2504 4643 2716 4691 eorum,
2736 4632 2789 4680 et
2820 4625 3070 4677 illusores
3095 4621 3453 4675 dominabun—

227 4728 372 4791 νείας
410 4729 732 4781 ἐπανελθεῖν
766 4732 972 4794 καιοός.
1542 4710 1552 4714 ’
1644 4710 1692 4713 Π
1742 4710 1753 4713 ⁷

1899 4735 1985 4781 ιιιι·
2019 4726 2097 4781 eis
2128 4734 2174 4778 ι.
2217 4743 2234 4775 ι
2272 4722 2375 4776 Sed
2403 4721 2513 4789 jam
2538 4728 2753 4786 tempus
2787 4722 2873 4769 est
2908 4721 2967 4766 ut
3000 4711 3065 4764 ad
3092 4712 3338 4781 proxima
3367 4710 3450 4763 in-

1896 4815 2247 4885 terpretanda
2271 4820 2630 4866 revertamur.

292 4907 364 4977 p'.
394 4906 581 4960 Ὥστε
623 4909 657 4960 ὀ
705 4908 1211 4977 ἀντιτασσόμενος
1251 4909 1325 4977 τῇ
1375 4910 1659 4979 ἐξουσίᾳ,
1716 4913 1790 4980 τῇ

220 4998 326 5053 τοῦ
362 4998 524 5052 Θεοῦ
568 4996 821 5067 διαταγῇ
883 5000 1278 5067 ἀνθέστηκεν.
1336 5001 1559 5065 Ἰκανῶς
1622 5003 1787 5056 ἐδεδε-

224 5091 368 5154 ξατο.
430 5092 496 5143 Ol
548 5088 632 5141 δὲ’
669 5090 1146 5157 ἀνθεστηκότες,
1194 5092 1427 5158 ἑαυτοῖς
1466 5092 1641 5161 κρῖμα
1682 5095 1791 5159 λή-

222 5184 463 5250 ψονται.
489 5178 803 5245 Τουτέστιν,
831 5180 1119 5234 ὑπεύθυνοι
1140 5183 1420 5251 τιμωριῶν
1450 5186 1791 5254 γενήσονται.

214 5271 352 5323 Εἶτα
375 5270 623 5324 διδάσκει
658 5268 752 5322 καὶ
775 5272 875 5341 τῆς
917 5271 1214 5341 ἡγεμονίας
1238 5273 1338 5343 τὴν
1367 5274 1577 5344 χρείαν.

282 5454 309 5486 ν
341 5447 466 5499 Act.
494 5458 643 5510 ml,
672 5442 725 5498 ϐ.
807 5445 825 5481 ί
866 5445 990 5500 Act.
1023 5460 1145 5514 xu,
1175 5446 1263 5500 21.
1339 5459 1364 5486 ιι
1404 5448 1601 5505 Jerem.
1641 5466 1733 5516 ιιι,
1763 5450 1851 5506 15.
1924 5460 1944 5492 π

634 5442 725 5509 ,6.
807 5445 825 5481 ί
866 5445 990 5500 Act.
1023 5460 1145 5514 xu,
1175 5446 1263 5500 21.
1339 5459 1364 5486 ιι
1404 5448 1601 5505 Jerem.
1641 5466 1733 5516 ιιι,
1763 5450 1851 5506 15.
1924 5460 1954 5492 ν
1988 5450 2093 5505 lsa.
2131 5462 2178 5511 ι,
2207 5444 2296 5501 26.

1964 4907 2136 4962 Vens.
2189 4906 2246 4959 2.
2297 4903 2486 4974 Itaque
2516 4902 2603 4971 qui
2637 4900 2834 4953 resistit
2876 4897 3140 4966 potestati.
3194 4894 3291 4948 Dei
3320 4895 3457 4947 ordio

1896 5001 2098 5053 nationi
2130 4997 2344 5051 resistit.
2397 4991 2628 5047 Abunde
2656 4990 2940 5044 exterruit.
2973 4987 3077 5052 Qui
3111 4996 3283 5039 autem
3329 4986 3456 5037 resi-

1894 5100 2059 5154 stunt,
2080 5088 2181 5157 ipsi
2197 5086 2295 5140 sibi
2325 5083 2717 5137 damnationem
2740 5079 3036 5148 acquirunt.
3065 5075 3177 5130 Hoc
3201 5083 3304 5137 est,
3324 5090 3455 5142 snp-

1889 5184 2071 5254 pliciis
2104 5186 2266 5233 erunt
2295 5175 2547 5230 obnoxii.
2578 5172 2734 5243 137
2773 5170 2977 5228 Deinde
3010 5170 3171 5225 docet
3197 5182 3451 5239 quaenam

1892 5279 1958 5332 sit
2004 5274 2351 5348 principatus
2378 5270 2617 5325 utilitas.

2396 5460 2423 5487 ι
2464 5440 2567 5497 lsa.
2604 5454 2696 5505 ιιι,
2737 5440 2790 5493 ι.

1522 5603 1757 5661 VARIIE
1798 5602 2201 5659 LECTIONES.

290 5716 337 5749 ”
358 5720 404 5770 A
436 5718 553 5788 ἅμα
579 5716 636 5770 δὲ
660 5716 773 5770 καί.
855 5718 871 5750 ¹
894 5717 939 5770 Δ
963 5716 1167 5772 ἐνθάδε.
1242 5719 1262 5750 ⁸
1295 5715 1502 5774 Theod.
1531 5719 1599 5773 ad
1629 5719 1762 5775 Dan.
1798 5718 1978 5786 ιν,ἳ1,
2022 5715 2417 5773 ὑποταττίσθω.
2494 5716 2513 5746 ³
2535 5714 2580 5768 ’Β
2607 5712 2729 5767 ὑπό.
