4210 6438
826 399 931 466 195

1854 396 2337 459 THEODORETI
2356 397 2696 466 EPISCOPI
2726 410 3089 473 CYRENSIS

3960 406 4055 470 196

898 509 1060 565 Vsus.
1098 512 1149 567 '5.
1197 511 1338 565 Nam
1370 511 1631 578 principes
1659 524 1759 561 non
1791 518 1914 561 sunt
1943 509 2099 562 timor
2129 508 2378 562 bonorum

2557 519 2625 580 γ’.
2662 518 2726 569 οἱ
2764 520 2873 588 γὰρ
2912 519 3196 589 ἄρχοντες
3240 524 3351 575 οὐκ
3397 519 3515 574 εισι
3554 521 3740 588 φόϐος
3767 516 3886 571 τῶν
3914 519 4054 589 dpu-

822 615 1068 667 operum,
1106 603 1195 656 sed
1223 602 1505 655 malorum.
1537 602 1781 667 Quorum
1814 600 1961 653 enim
1999 601 2108 654 vita
2145 609 2231 655 est
2280 602 2385 654 ima

820 690 990 757 proba
1014 732 1026 753 .
1055 706 1151 745 eos
1180 692 1433 759 puniunt.

901 778 988 833 Vis
1018 790 1190 833 autem
1222 797 1325 836 non
1356 783 1533 835 timere
1558 787 1869 850 potestatem
1897 781 1925 833 .7
1944 778 2151 835 Bonum
2181 781 2269 850 fac
2289 821 2303 843 ,
2334 789 2384 834 et

819 870 1032 924 habebis
1069 871 1281 926 laudem
1312 888 1378 927 ea:
1408 875 1543 940 ipsa.
1581 870 1773 942 (Vens.
1805 870 1883 942 4.)
1916 871 2013 925 Dei
2052 874 2191 925 enim
2225 873 2382 925 mini-

815 970 922 1013 ster
945 971 1021 1015 est
1054 961 1151 1015 tibi
1177 965 1231 1015 in
1259 963 1473 1016 bonum.
1506 963 1640 1014 Eum
1669 976 1793 1016 esse
1818 962 2043 1031 dignum
2071 963 2380 1016 reverentia

812 1051 1085 1114 ostendit.
1125 1067 1249 1105 cum
1284 1052 1374 1106 Dei
1410 1053 1725 1106 ministrum
1761 1054 2073 1121 appellavit.
2107 1053 2381 1107 Adhorta-

812 1149 904 1195 tus
936 1151 1018 1195 est
1049 1143 1210 1196 etiam
1258 1143 1325 1196 ad
1357 1143 1499 1197 bona
1528 1158 1694 1211 opera
1716 1184 1730 1206 ,
1767 1159 1891 1195 cum
1927 1143 2068 1197 dixit
2102 1146 2378 1213 principes

810 1244 933 1284 esse
968 1231 1282 1286 laudatores
1321 1232 1613 1285 bonorum.
1643 1230 1702 1284 Si
1733 1243 1907 1283 autem
1937 1235 2135 1284 malum
2168 1234 2375 1299 feceris,

812 1321 935 1371 time
962 1336 979 1372 :
1011 1336 1112 1372 non
1140 1322 1275 1373 enim
1303 1321 1415 1372 sine
1438 1336 1600 1371 causa
1624 1319 1861 1387 gladium
1889 1331 2090 1386 portat.
2122 1322 2215 1374 Dei
2239 1325 2376 1375 enim

810 1409 1051 1459 minister
1083 1417 1158 1460 est
1181 1448 1194 1470 ,
1232 1409 1421 1461 vindex
1457 1409 1509 1459 in
1546 1408 1683 1459 iram
1716 1410 1763 1460 ei
1788 1411 1876 1476 qui
1910 1409 2109 1461 malum
2141 1414 2275 1481 agit.
2317 1412 2373 1465 Si

808 1512 961 1551 amas
1001 1499 1173 1561 bona,
1211 1498 1421 1552 'nonora
1468 1506 1799 1568 potestatein
1824 1539 1839 1563 ,
1879 1508 1938 1551 ut
1972 1516 2092 1568 qua:
2142 1516 2206 1555 ea
2258 1502 2376 1571 lege

805 1586 1087 1641 dvcernat.
1126 1589 1220 1641 Sin
1258 1600 1440 1643 autem
1479 1588 1760 1643 contraria
1798 1593 2221 1657 sequeris,time
2255 1590 2375 1658 ejus

806 1681 1153 1732 sententiam.
1198 1680 1278 1732 Ad
1315 1682 1583 1733 malorum
1617 1678 1763 1732 enim
1800 1681 2131 1748 supplicium
2164 1688 2250 1735 εει
2283 1680 2371 1733 di-

806 1772 1008 1827 vinitus
1043 1775 1309 1826 ordinata.

873 1945 1034 2001 Vens.
1080 1947 1129 2000 5.
1173 1946 1299 2001 Ideo
1334 1966 1539 2004 necesse
1568 1961 1641 2004 est
1673 1951 1944 2005 subditum
1973 1968 2083 2005 esse
2108 1992 2121 2015 ,
2153 1968 2257 2005 non
2285 1966 2371 2003 so-

721 2080 724 2083 λ
801 2038 908 2090 lum
951 2049 1160 2107 propter
1187 2041 1361 2105 iram,
1392 2042 1482 2094 sed
1511 2044 1672 2095 etiam
1715 2054 1930 2110 propter
1954 2043 2360 2096 conscientiam.

796 2156 867 2169 -—
897 2127 1046 2182 Iram
1076 2133 1399 2199 supplicium
1434 2135 1692 2202 appellat.
1717 2134 1875 2187 Jubet
1910 2135 2061 2188 enim
2097 2138 2113 2155 '
2143 2140 2366 2202 propter

798 2228 1095 2290 utrumque
1124 2222 1377 2277 subditos
1403 2240 1526 2277 csse
1547 2262 1561 2283 ,
1592 2233 1644 2277 ct
1672 2236 1897 2294 prepter
1923 2239 2096 2293 ptume
2123 2232 2329 2277 metum
2349 2264 2363 2289 ,

795 2320 851 2366 et
883 2319 940 2365 ut
977 2327 1042 2366 ea
1075 2313 1337 2382 impleant
1378 2330 1500 2383 quae
1531 2317 1891 2370 conveniunt.
1927 2314 2042 2370 Hoc
2081 2314 2229 2369 enim
2268 2328 2369 2385 ap-

797 2406 1022 2475 pellavit
1052 2407 1451 2461 conscientiam.

869 2497 1040 2554 Vens.
1079 2500 1133 2553 6.
1168 2498 1296 2552 Ideo
1321 2502 1457 2553 enim
1487 2510 1535 2553 et
1562 2503 1761 2553 tributa
1791 2501 2060 2570 prwstatis
2088 2517 2106 2553 :
2135 2500 2368 2554 ministri

793 2591 933 2644 enim
962 2590 1063 2644 Dei
1090 2599 1245 2656 sunt,
1281 2593 1334 2644 in
1368 2591 1464 2645 hoc
1495 2594 1669 2661 ipsum
1727 2594 2029 2645 servientes.
2081 2591 2161 2645 Tu
2214 2592 2361 2647 enim

2485 602 2608 655 θῶν
2640 606 2858 672 ἔργων,
2910 610 3069 662 ἀλλὰ
3105 609 3223 662 τῶν
3261 609 3480 663 κακῶν.
3513 609 3650 671 Τοὺς
3678 608 3787 679 γὰρ
3820 609 4054 680 πονηρίᾳ

2490 692 2762 758 συζῶντας
2794 698 3099 762 κολάζουσι.

2558 780 2761 855 Θέλεις
2816 791 2884 845 δὲ
2924 793 3009 861 μὴ
3058 794 3365 862 φοϐεῖσθαι
3420 791 3536 859 τὴν
3605 792 3933 855 ἐξουσιάν;
3986 789 4049 842 τὸ

2485 873 2705 944 ἀγαθὸν
2748 880 2903 932 ποίει
2925 920 2939 944 ,
2988 881 3085 932 καὶ
3112 880 3284 945 ,ἔξεις
3310 879 3559 932 ἔπαινον
3598 877 3665 941 ἐξ
3697 875 3907 944 αὐτῆς.
3943 874 4047 945 (δ’.)

2487 965 2633 1017 Θεοῦ
2658 968 2765 1034 γὰρ
2787 967 3066 1034 διάκονός
3090 970 3222 1020 ἐστί
3249 985 3346 1022 σοι
3370 972 3456 1033 εἰς
3484 968 3553 1020 τὸ
3582 968 3828 1036 ἀγαθόν.
3860 964 4052 1025 Αἰδοῦς

2482 1056 2642 1108 αὐτὸν
2665 1057 2939 1126 ἀπέφηνεν
2964 1058 3133 1122 ἄξιον,
3154 1059 3289 1111 Θεοῦ
3314 1057 3758 1129 προσαγορεύσας
3782 1057 4046 1109 διάκονον.

2481 1143 2791 1215 Προέτρεψε
2843 1147 2899 1198 δὲ
2955 1150 3049 1201 καὶ
3099 1149 3190 1201 ἐπὶ
3250 1148 3348 1219 τὴν
3400 1147 3599 1217 πρᾶξιν
3650 1147 3758 1199 τῶν
3805 1144 4047 1212 ἀγαθῶν,

2480 1235 2658 1302 φήσας
2692 1232 2828 1290 εἶναι
2868 1238 2993 1300 τοὺς
3025 1238 3287 1306 ἄρχοντας
3336 1237 3627 1298 ἐπαινέτας
3666 1235 3773 1287 τῶν
3803 1233 4045 1301 ἀγαθῶν.

2493 1324 2633 1377 Ἐὰν
2673 1327 2740 1378 δὲ
2781 1329 2845 1379 τι)
2889 1328 3079 1381 κακὸν
3114 1328 3289 1395 ποιῇς
3318 1368 3333 1391 ,
3380 1327 3612 1408 φοϐοῦ·
3660 1328 3731 1380 οὐ
3766 1325 3875 1394 γὰρ
3913 1323 4047 1392 εἰκῆ

2477 1418 2593 1485 τὴν
2620 1419 2925 1488 μάχαιραν
2954 1421 3156 1489 φορεῖ·
3206 1422 3351 1475 Θεοῦ
3393 1425 3503 1489 γὰρ
3545 1419 3825 1482 διάκονός
3853 1418 4043 1477 ἐστιν,

2476 1511 2563 1573 εἰς
2606 1510 2792 1579 ὀργὴν
2834 1511 3072 1578 ἔκδικος
3108 1510 3187 1576 τῷ
3229 1512 3295 1565 τὸ
3350 1510 3543 1566 κακὸν
3587 1509 3945 1576 πράσσοντι.
3981 1506 4045 1558 ΕΞ

2474 1599 2580 1651 τῶν
2631 1600 2849 1667 ἀγαθῶν
2907 1602 3070 1671 ἐρᾷς,
3119 1601 3252 1670 τίμα
3290 1602 3389 1671 τὴν
3431 1598 3709 1664 ἐξουσίαν,
3750 1598 3825 1658 ὼς
3869 1592 4046 1648 ταῦτα

2475 1689 2871 1758 νομοθετοῦσαν
2891 1711 2903 1722 ο
2941 1696 2989 1745 εί
3020 1692 3076 1744 δὲ
3108 1692 3368 1745 τάναντία
3401 1692 3641 1762 μετέρχῃ
3670 1730 3684 1750 ,
3716 1689 3883 1742 δέδιθι
3915 1686 4047 1739 ταύ-

2475 1797 2574 1849 της
2624 1781 2721 1852 τὴν
2764 1782 2944 1852 ψῆφον
2979 1798 2991 1810 ·
3045 1784 3139 1836 ἐπὶ
3184 1782 3423 1854 τιμωρίᾳ
3471 1782 3580 1852 γάρ
3631 1780 3739 1833 τῶν
3793 1777 4046 1847 πονηρῶν

2403 1852 2446 1906 Β
2476 1870 2658 1925 θεόθεν
2687 1875 3142 1946 κεχειροτόνηται.

2540 1971 2602 2019 ε’.
2643 1966 2742 2019 Διὸ
2784 1964 3014 2037 ἀνάγκη
3068 1966 3560 2029 ὑποτάσσεσθαι,
3607 1966 3679 2019 οὐ
3719 1962 3914 2033 μόνον
3948 1960 4048 2015 διὰ

2469 2056 2587 2125 τὴν
2603 2058 2808 2126 ὀργὴν,
2827 2059 2985 2112 ἀλλὰ
3003 2059 3100 2112 καὶ
3119 2059 3215 2111 διὰ
3235 2058 3349 2126 τὴν
3362 2056 3816 2123 συνείδησιν.-
3830 2051 4049 2122 Ὀργὴν

2470 2148 2568 2217 τὴν
2606 2148 2875 2219 τιμωρίαν
2921 2150 3095 2201 καλεῖ.
3149 2151 3229 2200 Δι’
3272 2149 3555 2218 ἀμφότερα
3586 2147 3641 2199 δὲ
3681 2143 4048 2212 ὑποτετάχθαι

2470 2235 2679 2289 κελεύει
2705 2277 2719 2299 ,
2774 2237 2861 2290 διά
2888 2256 2947 2291 τε
2978 2238 3037 2290 τὸ
3068 2237 3186 2300 δέος
3233 2239 3333 2307 τῆς
3382 2236 3652 2308 τιμωρίας
3678 2275 3692 2300 ,
3734 2235 3825 2287 καὶ
3855 2232 3945 2284 διὰ
3980 2230 4045 2282 τὸ

2468 2328 2706 2399 πληροῦν
2752 2329 2821 2382 τά
2876 2332 3258 2401 προσήκοντα·
3316 2329 3473 2384 τοῦτο
3517 2328 3627 2399 γὰρ
3680 2324 4046 2394 συνείδησιν

2468 2420 2898 2492 προσηγόρευσε.
3306 2492 3309 2497 _

2540 2519 2612 2576 ς’.
2641 2513 2743 2566 Διά
2768 2513 2943 2567 τοῦτο
2966 2512 3076 2583 γὰρ
3102 2512 3196 2565 καὶ
3221 2513 3444 2581 φόρους
3481 2514 3704 2565 τελεῖτε
3733 2527 3747 2540 '
3774 2513 4044 2578 λειτουρ-

2466 2604 2559 2674 γοὶ
2590 2605 2699 2675 γὰρ
2733 2604 2881 2659 Θεοῦ
2924 2606 3081 2657 εἰσιν
3122 2607 3209 2668 εἰς
3259 2604 3404 2657 αὐτὸ
3445 2601 3622 2655 τοῦτο
3672 2604 4041 2669 προσκαρτε-

793 2682 1003 2737 dormis
1024 2724 1039 2746 ,
1068 2691 1122 2736 et
1152 2682 1243 2737 ille
1270 2697 1618 2737 communem
1664 2697 1856 2736 curam
1894 2684 2128 2738 sustinet
2156 2702 2169 2736 :
2206 2692 2260 2736 et
2306 2692 2363 2736 tu

2466 2694 2730 2761 ροῦντες.
2781 2694 2852 2746 Σὺ
2908 2694 3015 2762 γὰρ
3054 2692 3369 2755 καθεύδεις,
3409 2692 3662 2754 κάκεῖνος
3707 2690 3806 2760 τὴν
3852 2688 4041 2758 κοινὴν

794 2771 939 2826 domi
965 2773 1184 2840 quidem
1217 2773 1376 2827 sedes
1396 2812 1411 2839 ,
1436 2773 1530 2827 ille
1554 2780 1736 2826 autem
1766 2785 1867 2840 pro
1896 2785 2031 2841 pace
2060 2769 2363 2839 obtinenda

794 2860 995 2916 bellum
1012 2862 1288 2929 .suscipit.

869 3053 1026 3109 Vens.
1060 3056 1112 3109 7.
1147 3054 1370 3109 Reddite
1400 3072 1522 3124 ergo
1554 3056 1793 3109 omnibus
1822 3056 2001 3110 debita
2028 3072 2046 3109 :
2080 3055 2166 3108 cui
2197 3055 2363 3107 tribu-

793 3153 936 3211 tum,
964 3146 1256 3208 tributum;
1282 3146 1365 3197 cui
1392 3146 1611 3215 vectigal
1634 3186 1646 3206 .
1677 3147 1899 3214 vectigal
1924 3160 1942 3209 ;
1970 3146 2056 3197 cui
2080 3147 2355 3209 timorem,

793 3238 1077 3296 timorem;
1110 3239 1195 3290 cui
1230 3237 1477 3292 honorem
1499 3279 1512 3300 ,
1551 3238 1819 3291 honorem.
1850 3268 1920 3278 —
1955 3236 2233 3290 Tributum
2264 3253 2362 3306 ap-

791 3330 991 3398 pellat,
1020 3329 1167 3397 quod
1203 3345 1298 3397 pro
1334 3330 1483 3397 agris
1530 3328 1787 3397 penditur
1818 3345 1831 3395 ;
1884 3329 2103 3395 vectigal
2137 3337 2357 3393 autem,

791 3419 939 3489 quod
973 3434 1070 3487 pro
1106 3432 1416 3473 mercatura
1455 3420 1739 3473 confertur
1772 3437 1786 3485 ;
1824 3418 1999 3471 debita
2047 3434 2207 3482 vero,
2248 3435 2360 3473 non

791 3511 907 3565 haec
931 3510 1147 3575 solum,
1186 3510 1279 3563 sed
1313 3519 1367 3563 et
1400 3520 1602 3562 metunt
1635 3520 1687 3563 et
1724 3512 1986 3563 honorem
2018 3522 2195 3564 vocat.
2233 3510 2359 3567 Haec

788 3610 933 3663 enim
969 3607 1038 3661 iis
1068 3606 1162 3676 qui
1192 3617 1433 3675 praesunt
1471 3606 1630 3675 138
1660 3605 1933 3660 debentur
1962 3621 1990 3657 ει
2023 3607 2284 3662 subditis.

858 3782 1024 3837 Vnus.
1054 3783 1108 3838 8.
1143 3781 1355 3835 Nemini
1388 3782 1676 3850 quidquam
1704 3781 1938 3835 debeatis
1961 3824 1974 3847 ,
2004 3784 2110 3836 nisi
2140 3794 2197 3836 ut
2225 3784 2356 3837 invi-

788 3891 897 3929 cem
924 3874 1182 3943 diligatis.
1202 3872 1319 3926 Non
1346 3883 1404 3925 ut
1428 3873 1747 3927 dileCtiouis
1777 3874 2017 3926 debitum
2048 3891 2153 3928 non
2175 3878 2356 3930 cxsol-

786 3982 979 4022 vamus
1012 3985 1024 4020 :
1079 3973 1303 4033 oportet
1350 3964 1495 4018 enim
1535 3964 1585 4018 id
1641 3974 1771 4018 ante
1803 3965 1988 4017 omnia
2024 3967 2129 4018 alia
2159 3968 2348 4020 exsol-

787 4074 915 4114 vere
944 4076 958 4112 :
992 4059 1086 4112 sed
1117 4067 1176 4109 ut
1215 4057 1330 4125 ipsa
1365 4056 1638 4110 solutione
1666 4055 1720 4109 id
1749 4070 2066 4124 augeamus.
2102 4056 2356 4112 Bedditio

786 4153 930 4205 enim
959 4148 1204 4203 debitum
1234 4148 1564 4215 multiplicat
1591 4165 1603 4201 :
1634 4147 2007 4200 ardentiorem
2036 4149 2236 4217 quippe
2262 4149 2349 4203 di-

788 4242 1078 4296 lectionem
1109 4237 1294 4293 eﬂicit.
1336 4238 1440 4303 Qui
1459 4239 1597 4290 enim
1622 4237 1799 4306 diligit
1825 4240 2127 4304 proximum
2146 4278 2161 4304 ,
2190 4240 2353 4309 legem

783 4310 1039 4399 implerit.
1076 4328 1363 4394 Quomodo
1409 4335 1463 4381 et
1492 4342 1727 4397 quanam
1762 4329 2023 4383 ratione?

853 4421 1019 4476 Vsus.
1051 4422 1104 4475 9.
1139 4417 1324 4472 Nam:
1364 4417 1488 4471 Non
1533 4418 1900 4485 adulterabis,
1951 4437 2055 4474 non
2103 4422 2346 4489 occides,

2464 2784 2751 2853 περιφέρει
2804 2784 3090 2853 φροντίδα’
3148 2784 3242 2837 καὶ
3309 2783 3372 2835 σὺ
3431 2783 3531 2853 μὲν
3589 2783 3727 2835 οῐκοι
3775 2780 4036 2849 κάθησαι,

2463 2876 2669 2939 ἐκεῖνος
2717 2875 2771 2927 δὲ
2817 2882 2907 2928 τὸν
2957 2875 3097 2945 ὑπὲρ
3146 2878 3243 2946 τῆς
3292 2876 3516 2947 εἰρήνης
3566 2873 3885 2943 ἀναδέχεται
3936 2872 4036 2923 πό-

2461 2970 2518 3022 λε
2529 2988 2647 3040 μον.

2532 3061 2597 3126 ζ’.
2647 3062 2927 3117 Ἀπόδοτε
2956 3062 3163 3116 τοίνυν
3188 3058 3338 3116 πᾶσι
3364 3058 3741 3128 τὰς-ὀφειλάς
3772 3071 3785 3085 ”
3821 3054 3901 3121 τῷ
3929 3057 4039 3108 τὸν

2464 3155 2653 3222 φόρον
2674 3196 2689 3219 ,
2732 3155 2837 3206 τὸν
2869 3155 3057 3223 φόρον
3080 3168 3095 3183 ’
3144 3152 3225 3217 τῷ
3254 3154 3318 3205 τὸ
3365 3150 3573 3216 τέλος,
3607 3151 3671 3203 τὸ
3704 3148 3880 3212 τέλος
3908 3163 3921 3176 ο
3954 3144 4038 3210 τῷ

2464 3246 2571 3299 τὸν
2603 3247 2810 3315 φόϐον,
2835 3246 2943 3299 τὸν
2964 3247 3155 3315 φόϐον
3177 3261 3191 3275 ο
3224 3242 3302 3309 τῷ
3332 3244 3446 3311 τὴν
3470 3239 3670 3312 τιμὴν,
3700 3240 3812 3308 τὴν
3832 3238 4033 3308 τιμήν.

2460 3370 2530 3379 —
2553 3341 2743 3407 Φόρον
2768 3339 2921 3391 καλεῖ
2945 3379 2959 3402 ,
2990 3340 3089 3408 τὴν
3119 3337 3257 3408 ὑπὲρ
3285 3337 3381 3406 τῆς
3412 3336 3515 3404 γῆς
3545 3335 3803 3405 εἰσφοράν
3828 3350 3840 3363 ·
3860 3333 4038 3393 τέλος

2460 3430 2548 3493 δὲ,
2595 3429 2690 3499 τὴν
2722 3430 2860 3498 ὑπὲρ
2906 3428 3173 3498 ἐμπορίας
3216 3426 3556 3480 συντέλειαν’
3594 3424 3910 3492 ὀφλήματα
3952 3420 4031 3484 δὲ,

2458 3522 2520 3573 ού
2551 3520 2709 3590 μόνον
2742 3521 2934 3584 ταῦτα,
2970 3519 3107 3573 ἀλλά
3144 3519 3239 3572 καὶ
3267 3520 3358 3570 τὸν
3392 3516 3576 3585 φόϐον,
3607 3518 3703 3568 καὶ
3728 3515 3826 3582 τὴν
3866 3512 4034 3583 τιμὴν

2458 3614 2733 3683 ὀνομάζει.
2764 3612 2950 3665 Ταῦτα
2981 3612 3086 3680 γὰρ
3116 3614 3227 3675 τοῖς
3276 3611 3504 3680 ἄρχουσι
3536 3610 3688 3677 παρά
3728 3608 3839 3661 τῶν
3866 3608 4033 3677 ἀρχο-

2460 3705 2639 3774 μένων
2665 3702 2956 3773 ὀφείλεται.

2530 3802 2599 3865 η’.
2635 3794 2862 3862 Μηδενὶ
2884 3791 3078 3862 μηδὲν
3110 3792 3397 3860 ὀφείλετε,
3426 3791 3479 3843 ει
3506 3788 3592 3859 μὴ
3624 3789 3691 3843 τὸ
3715 3788 4031 3857 ἀλλήλους

2458 3886 2717 3956 ἀγαπᾷν.
2762 3887 2874 3955 υύχ
2926 3885 3015 3938 ἵνα
3065 3885 3141 3954 μὴ
3194 3883 3496 3952 ἐκτίνωμεν
3544 3883 3642 3952 τῆς
3696 3882 3917 3950 ἀγάπης
3969 3882 4034 3934 τὸ

2457 3962 2616 4049 χρέος
2669 3978 2847 4047 (τοῦτο
2881 3975 2990 4045 γάρ
3019 3975 3250 4028 ἐκτίνειν
3287 3975 3548 4044 προσήκει
3583 3972 3687 4042 πρὸ
3716 3971 3823 4025 τῶν
3853 3971 4033 4024 ἄλλων

2459 4069 2733 4138 ἁπάντων)
2762 4110 2776 4132 ,
2813 4067 2929 4121 ἀλλ’
2980 4067 3067 4121 ἵνα
3098 4065 3349 4134 αῠξωμεν
3409 4067 3474 4134 τῇ
3527 4063 3753 4115 ἐκτίσει.
3812 4063 3879 4116 Ἠ
3917 4061 4031 4133 γὰρ

2456 4162 2708 4221 ἀπόδοσις
2738 4159 3165 4221 πολυπλασιάζει
3194 4156 3254 4209 τὸ
3282 4155 3440 4225 χρέος
3467 4171 3481 4185 ·
3527 4152 3867 4225 θερμοτέραν
3914 4152 4031 4223 γάρ

2454 4252 2553 4323 τὴν
2602 4252 2821 4321 ἀγάπην
2880 4252 3041 4302 ποιεῖ.
3096 4248 3158 4301 '0
3202 4247 3313 4315 γὰρ
3354 4244 3601 4315 ἀγαπῶν
3647 4244 3773 4299 τὸν»
3798 4244 4027 4312 ἕτερον,

2453 4346 2643 4412 νόμον
2682 4340 3053 4407 πεπλήρωκε.
3088 4338 3213 4401 Πῶς
3235 4338 3328 4391 καὶ
3353 4338 3475 4390 τίνα
3502 4324 3741 4419 τρόπρνς

2527 4427 2591 4481 θ’.
2633 4425 2703 4481 Τὸ
2732 4426 2840 4497 γάρ
2861 4442 2874 4454 ·
2909 4428 2990 4479 Οὐ
3014 4426 3361 4494 μοιχεύσεις
3385 4464 3398 4488 ,
3448 4427 3519 4479 οὐ
3550 4425 3869 4494 φονεύσεις
3888 4462 3902 4489 ,
3950 4426 4029 4478 οὐ

782 4530 884 4568 non
922 4510 1183 4581 fui-aberis
1205 4548 1221 4571 ,
1259 4525 1361 4562 non
1393 4508 1590 4593 falsum
1620 4510 1980 4563 testimonium
2010 4511 2152 4566 dices
2174 4552 2188 4575 ,
2220 4524 2267 4567 et
2298 4516 2345 4567 si
2374 4571 2378 4580 ε

2466 4518 2719 4586 κλέψεις,
2756 4520 2866 4571 οὑκ
2909 4517 3336 4585 ἐπιθυμήσεις,
3382 4516 3478 4568 καὶ
3507 4516 3563 4569 et
3587 4531 3678 4580 τις
3715 4515 3888 4582 ἑτέρα
3926 4515 4031 4569 ἐνὶ

782 4603 916 4672 quod
948 4611 1025 4655 est
1062 4600 1211 4653 aliud
1246 4599 1559 4651 mandatum
1582 4638 1596 4663 ,
1627 4601 1679 4652 in
1726 4600 1822 4653 hoc
1871 4601 2024 4655 verba
2069 4603 2347 4656 instaura-

783 4705 907 4748 tur:
956 4691 1155 4761 Diliges
1211 4690 1511 4757 proximum
1556 4699 1702 4742 tuum
1749 4691 1885 4744 sicut
1930 4693 2176 4759 tetpsum.
2240 4692 2343 4758 Qui
2394 4740 2397 4741 ν

778 4786 923 4839 enim
954 4798 1082 4853 erga
1118 4783 1357 4851 aliquem
1390 4782 1527 4836 bene
1558 4782 1788 4837 aﬂ'ectus
1821 4793 1938 4847 est,
1976 4797 2086 4837 non
2130 4783 2341 4839 interli-

780 4877 856 4930 cit
885 4889 1045 4944 quem
1081 4873 1259 4943 diligit
1281 4911 1295 4935 ,
1328 4888 1440 4927 non
1475 4873 1749 4927 adulterat
1782 4874 1902 4941 ejus
1930 4889 2159 4929 uxorem
2181 4912 2198 4940 ,
2230 4890 2342 4929 non

781 4966 1019 5034 subripit
1043 4964 1247 5033 aliquid
1273 4980 1337 5019 ex
1375 4964 1536 5020 bonis
1578 4964 1700 5033 ejus
1728 4958 1889 5033 quem
1942 4973 2119 5030 arnat,
2165 4981 2344 5034 neque

780 5056 987 5126 aliquid
1016 5055 1150 5109 facit
1194 5056 1344 5126 quod
1368 5056 1420 5111 ei
1446 5056 1756 5110 molestiam
1806 5055 2016 5109 all'erat.
2051 5053 2167 5110 Hoc
2197 5057 2342 5112 enim

779 5146 1067 5216 subjunxit
1091 5164 1105 5199 :

849 5234 1020 5291 Vens.
1057 5233 1145 5289 i0.
1182 5233 1410 5288 Dilectio
1438 5235 1669 5303 proximi
1700 5234 1903 5287 malum
1934 5251 2038 5288 non
2068 5245 2341 5302 operatur.

780 5326 983 5381 Deinde
1016 5326 1393 5382 concludens:
1432 5327 1718 5381 Plenitudo
1747 5342 1868 5396 ergo
1917 5327 2047 5397 legis
2092 5337 2169 5382 est
2206 5330 2343 5383 dile-

777 5420 902 5472 ctio.
936 5416 1010 5472 Ita
1044 5419 1209 5473 etiam
1245 5418 1538 5482 Dominus,
1574 5420 1947 5490 interrogatus
1973 5421 2247 5490 quodnam
2274 5422 2346 5478 sit

778 5511 1019 5578 primum
1055 5520 1391 5581 praeceptum
1414 5553 1429 5576 ,
1473 5522 1527 5566 et
1562 5514 1798 5583 primum
1840 5512 2018 5579 dixit,
2056 5521 2110 5567 et
2148 5528 2343 5569 secun-

779 5597 909 5652 dum
938 5600 1262 5668 conjunxit:
1294 5620 1314 5654 ι
1343 5599 1545 5671 Diliges
1574 5601 1859 5656 Dominum
1891 5601 2058 5656 Deum
2090 5608 2244 5657 tuum
2275 5620 2341 5659 ex

778 5696 894 5742 toto
922 5690 1088 5745 corde
1119 5699 1235 5756 tuo,
1255 5699 1309 5747 et
1339 5700 1452 5746 tota
1484 5693 1669 5746 anima
1701 5700 1816 5759 tua,
1851 5700 1906 5747 et
1938 5708 2005 5748 ex
2035 5700 2148 5748 tota
2182 5693 2339 5749 forti-

777 5779 967 5837 tudine
996 5788 1109 5849 tua,
1141 5792 1195 5838 et
1216 5797 1281 5839 ex
1302 5792 1414 5841 tota
1436 5792 1615 5841 mente
1648 5793 1738 5840 tua
1767 5802 1779 5838 :
1804 5792 1859 5841 et
1885 5786 2197 5856 proximum
2230 5788 2338 5845 sic-

2452 4609 2624 4678 τολὴ,
2654 4610 2723 4663 ἐν
2745 4609 2931 4672 τούτῳ
2954 4607 3033 4673 τῷ
3060 4609 3222 4677 λόγῳ
3241 4606 3805 4676 ἀνακεφαλαιοῦται,
3829 4606 3900 4659 ἐν
3919 4604 4025 4671 τῷ,

2464 4699 2824 4770 Ἀγαπήσεις
2868 4699 2974 4752 τὸν
3003 4699 3274 4769 πλησίον
3320 4715 3435 4752 σου
3486 4698 3567 4764 ὡς
3618 4697 3899 4751 σεαυτόν.
3963 4696 4026 4749 '0

2450 4793 2562 4863 γὰρ
2622 4788 2681 4844 εὖ
2738 4791 2866 4860 περί
2922 4808 3041 4845 τινα
3094 4790 3470 4859 διακείμενος,
3530 4789 3631 4843 οὐκ
3694 4791 3913 4860 ἀναιρεῖ
3961 4789 4025 4842 ὃν

2454 4883 2628 4951 φιλεῖ,
2670 4883 2729 4935 ού
2779 4882 3017 4953 μοιχεύει
3058 4880 3156 4952 τὴν
3200 4881 3390 4935 τούτου
3443 4885 3715 4949 γυναῖκα,
3761 4882 3862 4934 οὐκ
3911 4883 4027 4952 ἀφ-

2452 4973 2685 5044 αιρεῖταί
2715 4988 2768 5025 τι
2808 4972 2917 5025 τῶν
2969 4972 3352 5043 προσηκόντων
3398 4969 3479 5042 τῷ
3512 4971 3855 5042 φιλουμένῳ,
3910 4972 4025 5025 οὐδ’

2452 5061 2581 5116 ἀλλο
2607 5078 2661 5114 τι
2688 5061 2790 5133 δρᾷ
2809 5102 2824 5128 ,
2866 5061 2896 5114 ὃ
2922 5060 3099 5131 λύπην
3125 5062 3319 5131 ἐκείνῳ
3350 5063 3534 5131 γεννᾷ.
3572 5060 3742 5114 Τοῦτο
3778 5062 3889 5133 γὰρ
3916 5063 4025 5116 ἑπ-

2450 5154 2656 5223 ήγαγεν
2681 5168 2695 5183 ·

2523 5244 2574 5297 ι’.
2620 5244 2682 5299 Ἠ
2710 5243 2913 5313 ἀγάπη
2939 5241 3021 5308 τῷ
3053 5244 3323 5311 πλησίον
3343 5243 3536 5297 κακὸν
3562 5246 3674 5298 οὐκ
3695 5242 4018 5313 ἐργάζεται.

2448 5328 2582 5388 Εἶτα
2606 5333 3049 5402 συλλογιστικῶς
3072 5332 3370 5402 Πλήρωμα
3396 5329 3511 5389 οὖν
3527 5335 3716 5403 νόμου
3731 5335 3771 5401 ή
3792 5332 4018 5402 ἀγάπη.

2446 5423 2603 5478 Οὕτω
2628 5424 2721 5478 καὶ
2746 5426 2775 5477 ὁ
2804 5422 3007 5495 Κύριος
3026 5465 3040 5488 ,
3084 5423 3382 5493 ἐρωτηθεὶς
3412 5424 3545 5478 ποία
3576 5422 3767 5494 ἐντολὴ
3794 5420 4019 5493 πρώτη,

2446 5516 2541 5569 καὶ
2563 5513 2660 5585 τὴν
2695 5512 2917 5585 πρώτην
2963 5508 3083 5567 εἶπε
3103 5552 3119 5578 ,
3170 5514 3264 5567 καὶ
3304 5513 3405 5586 τὴν
3436 5512 3699 5582 δευτέραν
3733 5512 3975 5583 συνῆψεν
4001 5529 4017 5543 ·

2454 5624 2473 5658 ι
2522 5606 2853 5676 ’Δγαπήσεις
2879 5604 3082 5677 Κύριον
3112 5603 3202 5658 τὸν
3228 5605 3358 5660 Θεόν
3389 5622 3482 5659 σου
3511 5606 3571 5673 ἐξ
3604 5606 3732 5677 ὅλης
3758 5607 3857 5677 τῆς
3882 5623 4026 5677 καρ-⁵

2450 5699 2566 5759 δίας
2599 5713 2693 5749 σου
2715 5736 2730 5761 ,
2763 5697 2855 5749 καὶ
2885 5698 2941 5761 ἐξ
2979 5698 3108 5768 ὅλης
3132 5698 3237 5767 τῆς
3269 5696 3447 5768 ψυχῆς
3479 5714 3571 5751 σου
3598 5736 3614 5762 ,
3662 5698 3757 5751 καὶ
3786 5697 3847 5761 ἐξ
3888 5698 4024 5767 ὅλης

2446 5789 2548 5860 τῆς
2577 5788 2760 5859 ἰσχύος
2802 5805 2923 5849 σου,
2986 5790 3077 5843 καὶ
3110 5789 3170 5854 ἐξ
3206 5789 3335 5859 ὅλης
3363 5789 3460 5860 τῆς
3489 5788 3727 5853 διανοίας
3758 5804 3854 5842 σου
3874 5803 3887 5818 ⁸
3922 5788 4021 5842 καὶ
