4210 6438
165 396 265 463 ισι

1007 396 1612 461 INTERPRETATIO
1654 398 1890 458 EPIST.
1918 400 2017 459 AD
2044 400 2229 460 ROM.
2253 402 2408 464 CAP.
2446 404 2614 462 XIII.

3290 403 3388 466 198

162 513 254 563 τὸν
297 509 533 579 πλησίοι
575 528 667 563 σου
710 513 785 574 ὡς
817 509 1062 566 σεαυτόν.
1106 532 1124 565 ι
1173 514 1284 566 Καὶ
1314 514 1588 568 δείκνυσιν
1613 557 1627 577 ,
1680 516 1738 566 ἐν
1768 519 1813 573 Α

1723 532 1738 566 ι
1768 512 1901 573 Aut
1948 515 2184 583 teipsum
2216 523 2264 569 1.
2294 534 2311 567 ι
2354 514 2417 567 Ει
2448 517 2501 569 in
2532 518 2708 584 primo
2736 518 2954 585 quidem
2987 520 3238 573 virtutem
3266 532 3385 572 eon-

165 604 267 670 μιν
296 604 373 672 τῇ
408 601 603 674 πρώτη
640 603 740 669 τὴν
772 602 1110 677 θεωρητικὴν
1136 605 1337 675 ἀρετὴν
1362 606 1729 675 κατορθουμέ-

165 710 259 761 νην
279 710 297 727 ·
334 696 398 747 ἐν
433 693 493 746 δέ
520 711 585 761 γε
618 697 685 764 τῇ
714 693 943 765 δευτέρα
977 695 1076 764 τὴν
1104 698 1436 766 πρακτικήν.
1462 695 1617 749 Οὕτω
1641 699 1734 751 καὶ

163 784 191 833 ὁ
216 782 370 844 θεῖος
405 782 733 844 Ἃπόστολος
760 798 774 813 ·
801 780 1093 851 adripi-ma
1110 779 1224 847 οὖν
1240 786 1429 853 νόμον
1449 786 1488 852 ἡ
1512 783 1729 853 ἀγάπη.

163 866 298 925 Εἶτα
330 872 537 938 ἐπάγει
550 891 565 905 ο
904 941 912 949 ⁸
934 864 937 865 ν

232 969 326 1015 ια’.
371 962 487 1015 Καί
524 962 698 1016 τοῦτο
723 1005 739 1027 ,
791 963 1014 1029 ειδότες
1043 966 1149 1016 τὸν
1184 964 1392 1032 καιρόν
1414 1004 1429 1027 ,
1482 965 1571 1018 ὅτι
1614 965 1736 1034 ὥρα

166 1050 328 1119 ἡμᾶς
375 1052 499 1119 ἤδη
543 1053 614 1116 ἐξ
659 1054 856 1107 ὕπνου
901 1054 1226 1122 ἐγερθῆναι.
1277 1056 1422 1108 ’Δντὶ
1470 1056 1600 1118 τοῦ,
1640 1060 1735 1112 καὶ

170 1142 411 1207 μάλιστα
443 1142 526 1193 ὅτι
550 1141 578 1191 ό
607 1140 795 1207 καιρὸς
824 1141 923 1209 οὐχ
952 1140 1142 1205 ὕπνου,
1173 1142 1287 1193 ἀλλ’
1332 1142 1732 1211 ἐγρηγόρσεως.

166 1231 296 1285 Νῦν
330 1231 444 1300 γὰρ
466 1231 787 1297 ἐγγύτερον
814 1231 981 1297 ἡμῶν
1017 1232 1057 1297 ἡ
1094 1232 1376 1297 σωτηριά,
1423 1232 1461 1297 ἢ
1492 1231 1590 1284 ὅτε
1612 1233 1734 1285 ἐπι-

162 1324 540 1389 στεύσαμεν.
571 1321 706 1374 Καθ’
729 1322 963 1391 ἑκάστην
992 1322 1102 1390 γάρ
1127 1321 1337 1390 ἡμέραν
1363 1321 1735 1393 πλησιαίτεροι

164 1412 264 1480 τῆς
291 1409 635 1478 Δεσποτικῆς
663 1408 926 1479 γινόμεθα
960 1410 1279 1478 παρουσίας.

231 1500 326 1570 ιβ’.
376 1501 439 1553 Ἠ
485 1500 601 1561 νὺξ
648 1498 1023 1567 προέκοψεν,
1078 1500 1116 1567 ἠ
1155 1499 1223 1552 δὲ
1270 1501 1459 1568 ἡμέρα
1505 1501 1730 1570 ﬁrma.

166 1622 232 1632 —-
256 1592 469 1644 Νύκτα
505 1590 662 1643 καλεῖ
691 1589 783 1643 τὸν
807 1590 904 1659 τῆς
934 1591 1153 1657 ἀγνοίας
1184 1592 1371 1661 καιρὸν
1390 1631 1405 1655 ,
1432 1592 1641 1663 ἡμέραν
1678 1593 1736 1646 δέ

166 1684 253 1735 τὸν
282 1682 427 1751 μετὰ
454 1680 555 1749 τὴν
585 1680 888 1750 παρουσίαν
920 1680 1011 1734 τοῦ
1039 1682 1309 1734 Δεσπότου
1333 1682 1544 1752 χρόνον.
1586 1684 1736 1736 Ἀνα-

165 1770 347 1832 τείὶας
381 1770 495 1838 γάρ
524 1770 624 1837 τῆς
650 1769 992 1838 δικαιοσύνης
1020 1773 1048 1824 ό
1075 1771 1224 1841 ἣλιος
1266 1776 1383 1835 ταῖς
1416 1774 1598 1825 ἀκτῖσι
1638 1774 1735 1842 τῆς

1834 605 2205 673 templativam
2263 607 2449 675 perlici
2498 610 2781 673 ostendit;
2825 612 2879 662 in
2925 610 3168 664 secundo
3208 608 3388 662 autem

1832 694 2089 749 activam.
2124 696 2199 748 lta
2245 697 2389 750 enim
2444 698 2666 750 divinus
2716 701 3051 766 Apostolus:
3108 699 3390 753 Plenitudo

1833 799 1957 853 ergo
1990 788 2119 850 leqis
2149 796 2226 841 est
2259 787 2486 840 dilectio.
2521 785 2725 841 Deinde
2757 788 3081 859 subjungit:

1904 953 2067 1010 Vens.
2106 956 2191 1009 Η.
2224 954 2295 1009 Et
2326 956 2451 1018 hoc,
2485 958 2699 1011 scientes
2731 969 2933 1026 tempus
2957 998 2970 1021 ,
3001 959 3127 1027 quia
3160 958 3290 1012 liora
3316 968 3394 1012 est

1828 1044 1942 1112 jam
1972 1062 2065 1099 nos
2093 1045 2156 1100 de
2186 1063 2369 1100 somno
2400 1063 2627 1116 surgere.
2660 1053 2676 1068 '
2704 1048 2873 1113 Quasi
2903 1050 3048 1102 dicat
3074 1068 3087 1103 :
3122 1048 3186 1101 Et
3213 1049 3389 1101 maxi-

1837 1152 1922 1190 me
1957 1138 2085 1203 quia
2128 1153 2233 1189 non
2265 1144 2350 1190 est
2380 1146 2594 1205 tempus
2627 1138 2966 1201 dormiendi,
3000 1140 3093 1193 sed
3138 1139 3393 1207 expergi-

1836 1227 2045 1281 scendi.
2086 1226 2242 1280 Nunc
2272 1229 2409 1282 enim
2442 1232 2655 1297 propior
2687 1237 2763 1281 est
2798 1238 2981 1281 nostra
3014 1232 3157 1283 salus
3183 1270 3196 1291 .
3232 1246 3393 1300 quam

1834 1333 1951 1370 cum
1986 1317 2324 1371 credidimus.
2372 1320 2429 1371 lu
2464 1319 2585 1372 dies
2618 1318 2767 1373 enim
2802 1319 3028 1387 propius
3060 1319 3129 1374 ad
3171 1318 3388 1373 Domini

1835 1406 2131 1460 adventum
2169 1406 2326 1475 139
2352 1407 2683 1461 accedimus.

1906 1497 2073 1553 Vens.
2109 1498 2196 1551 l2.
2240 1496 2363 1549 No.1:
2396 1499 2662 1564 pra’t‘essit
2685 1536 2699 1561 ,
2736 1498 2847 1553 dies
2888 1507 3063 1552 autem
3110 1514 3395 1567 appropin-

1835 1592 2031 1659 quavit.
2062 1617 2131 1628 —
2172 1587 2393 1641 Noctem
2425 1596 2581 1641 vocat
2621 1595 2835 1657 tempus
2865 1590 3220 1657 ignorantiae;
3261 1592 3395 1642 diem

1839 1690 2058 1743 autem,
2116 1690 2328 1749 tempus
2379 1690 2501 1750 post
2550 1679 2837 1733 adventum
2866 1678 3101 1733 Domini.
3158 1680 3395 1733 Exortus

1835 1771 1978 1827 enim
2009 1772 2092 1827 sol
2121 1771 2385 1839 justitiae,
2416 1770 2613 1823 divina:
2639 1769 2974 1838 cognitionis
3007 1770 3177 1824 radiis
3208 1768 3393 1822 orbem

167 1861 505 1928 θεογνωσίας
542 1857 640 1931 τήν
682 1861 1005 1931 οἰκουμένην
1042 1863 1324 1931 ἐφώτισεν.
1376 1864 1738 1931 Ἇποθώμεθα
1768 1863 1809 1917 Β

1731 1882 1738 1916 ι
1768 1863 1809 1917 Β
1839 1873 2109 1917 terrarum
2142 1860 2490 1915 illuminavit.
2540 1860 2862 1926 Abjiciamus
2906 1875 3029 1927 ergo
3064 1874 3219 1925 opera
3252 1867 3393 1911 tene-

166 1946 278 2005 οὖν
308 1950 387 2004 τὰ
414 1950 563 2018 ἔργα
616 1948 723 2002 τοῦ
766 1951 1024 2016 σκότους
1050 1993 1064 2016 ,
1123 1953 1221 2005 καί
1252 1952 1634 2021 ἐνδυσώμεθα
1664 1952 1736 2007 τὰ

167 2039 326 2094 ὅπλα
357 2039 468 2093 τοῦ
503 2040 718 2107 φωτός.
755 2038 952 2104 Σκότος
982 2040 1133 2093 καλεῖ
1169 2040 1263 2111 τὴν
1288 2041 1553 2108 ’ἀγνοιαν,
1598 2042 1734 2110 ἔργα

167 2132 221 2184 δὲ
251 2131 349 2184 τού
402 2131 630 2194 σκότους
668 2130 770 2193 τὰς
797 2131 1148 2202 παρανόμους
1194 2130 1420 2202 πράξεις
1440 2148 1454 2162 ’
1496 2134 1591 2186 καὶ
1618 2133 1734 2201 φῶς

169 2222 265 2290 μὲν
285 2218 554 2290 ὀνομάζει
586 2222 684 2290 τὴν
718 2221 941 2288 γνῶσιν,
1000 2222 1137 2275 ὅπλα
1168 2222 1225 2276 δὲ
1259 2224 1434 2293 guno:
1464 2222 1572 2276 τῶν
1600 2224 1736 2290 ἀγα-

170 2313 271 2365 θῶν
299 2313 409 2382 τὴν
438 2312 741 2381 ἐνέργειαν.

237 2403 329 2470 ιγ.
376 2404 477 2467 Ὠς
500 2403 573 2454 ἐν
594 2403 783 2470 ἡμέρᾳ
804 2404 1191 2470 εὐσχημόνως
1219 2403 1730 2472 περιπατήσωμεν.

183 2491 311 2544 ’Δπὺ
342 2492 456 2544 τῶν
492 2491 819 2561 σωματικῶν
847 2492 1081 2545 δείκνυσι
1118 2494 1186 2546 τὰ
1227 2495 1593 2563 πνευματικά,
1628 2494 1735 2547 Καὶ

173 2586 274 2653 γὰρ
313 2585 368 2636 οί
396 2583 492 2637 τὸν
528 2585 844 2654 παράνομον
871 2584 1235 2653 ἀσπαζόμενοι
1276 2584 1387 2654 βίον
1412 2624 1426 2648 ,
1454 2587 1636 2638 ἐκεῖνα
1677 2589 1735 2638 ἐν

171 2680 319 2727 νυκτὶ
349 2675 623 2745 δρῶντες,
658 2676 776 2744 μεθ’
808 2675 1016 2747 ἡμέραν
1059 2676 1116 2727 τὸ
1140 2676 1238 2744 τῆς
1265 2676 1558 2745 εὐκοσμίας
1584 2692 1736 2746 περιο

171 2764 410 2818 τίθενται
721 2764 978 2817 Βούλεται
1024 2767 1239 2829 τοίνυν,
1292 2765 1367 2828 ὡς
1412 2769 1509 2836 τῆς
1544 2766 1735 2829 νυκτὸς

172 2857 517 2924 διελθούσης,
567 2857 660 2908 καὶ
702 2858 799 2925 τῆς
828 2857 1046 2924 ἀγνοίας
1073 2856 1339 2928 ληξάσης,
1386 2858 1735 2927 ἀπηλλάχθαι

175 2946 355 2998 κακῶν
381 2946 425 2999 ⁸.
456 2946 708 3000 Διδάσκει
747 2946 804 2999 δὲ
851 2947 945 3000 καὶ
988 2947 1108 2999 τίνα
1146 2946 1339 3001 ταῦτα.
1391 2946 1486 3015 Μὴ
1522 2948 1737 3016 κώμοις

175 3038 261 3088 καὶ
303 3036 547 3105 μέθαις,
582 3035 665 3103 μὴ
695 3036 919 3099 κοίταις
951 3036 1050 3088 καί
1080 3038 1449 3105 ἀσελγείαις,
1474 3036 1559 3105 μὴ
1591 3037 1735 3104 ἔριδι

174 3130 259 3180 καὶ
289 3126 469 3193 ζήλῳ.
501 3125 795 3193 κωμάζειν
838 3128 978 3189 τινὲς
1016 3126 1267 3181 είώθασιν
1297 3129 1354 3180 ἐν
1396 3130 1735 3198 συμποσίοις,

175 3220 260 3269 καὶ
285 3220 539 3287 αἰσχροῖς
587 3218 793 3288 ᾇσμασι
823 3217 1213 3286 καταμολύνειν
1258 3218 1355 3287 τὴν
1398 3218 1668 3285 γλῶτταν·
1704 3220 1737 3288 ἡ

179 3311 311 3379 μέθη
340 3310 401 3362 δὲ
433 3308 642 3383 τούτων
671 3308 949 3379 πρόξενος,
985 3309 1080 3361 καὶ
1124 3309 1304 3377 μέντοι
1331 3309 1423 3361 καὶ
1455 3310 1738 3376 ἀσελγείας

175 3399 305 3468 αὕτη
362 3400 592 3469 μήτηρ,
661 3398 753 3450 καὶ
812 3398 983 3469 ἔριδος
1056 3399 1147 3451 καὶ
1206 3398 1533 3467 φιλονεικίας
1593 3399 1737 3451 διδά-

180 3492 387 3553 σκαλος.

244 3584 319 3634 ιδ’.
367 3580 537 3635 Ἀλλ’
567 3580 906 3633 ἐνδύσασθε
934 3578 1041 3632 τόν
1080 3581 1297 3648 Κύριον
1347 3578 1581 3646 Ἰησοῦν
1611 3581 1740 3644 Χρι-

176 3675 321 3725 στόν
343 3689 358 3701 ε
401 3673 504 3739 οὐχ
550 3671 637 3722 ἴνα
665 3669 793 3722 ἀλλο
819 3670 1075 3733 δέξωνται
1120 3670 1420 3738 βάπτισμα,
1457 3669 1569 3721 ἀλλ’
1596 3670 1682 3721 ἴνα
1711 3668 1739 3720 ὃ

178 3764 513 3831 πρίκεινται
562 3760 772 3829 ἱμάτιον
818 3760 990 3813 ἴδωσι.
1036 3760 1144 3813 Καὶ
1188 3759 1296 3826 τῆς
1334 3759 1560 3825 σαρκὸς
1598 3762 1740 3826 πρό-

174 3852 442 3921 νοιανμὴ
465 3851 733 3904 ποιεῖσθε
748 3853 835 3915 είς
860 3851 1206 3918 ἐπιθυμίας..
1228 3850 1491 3905 Ἐνταῦθα
1519 3852 1609 3904 καὶ
1634 3852 1739 3903 τῶν

177 3942 267 4010 τῆς
316 3942 526 4011 σαρκὸς
578 3940 1024 4011 κατηγορούντων
1075 3941 1366 4011 αἱρετικῶν
1438 3941 1740 4011 ἐμφράττει

178 4035 242 4086 τά
268 4035 538 4103 στόματα.
590 4034 666 4085 Οὐ
695 4033 803 4103 γὰρ
845 4034 1189 4103 ἀπηγόρευσε
1232 4032 1327 4102 τὴν
1370 4034 1461 4086 τοῦ
1493 4032 1741 4103 σώματος

180 4125 498 4193 ἐπιμέλειαν
524 4164 543 4189 ,
588 4123 725 4177 ἀλλά
773 4124 876 4194 τὴν
931 4124 1139 4193 τρυφὴν
1181 4126 1283 4180 καὶ
1328 4124 1425 4194 τὴν
1472 4125 1740 4197 ἀκρασίαν

180 4217 449 4280 ἐξέϐαλεν.
491 4215 568 4268 Οὐ
603 4215 709 4285 γὰρ
753 4210 908 4267 εἴπεο
950 4215 1041 4285 Μὴ
1079 4216 1355 4268 ποιεῖσθε·
1401 4215 1498 4284 τῆς
1544 4216 1743 4286 σαρκὸς

182 4308 459 4376 πρόνοιαν,
494 4305 633 4369 ἀλλ’,
673 4308 775 4371 Είς
802 4306 1113 4373 ἐπιθυμίας
1133 4306 1154 4336 ⁸
1186 4306 1270 4374 μὴ
1294 4306 1557 4360 ποιεῖσθε
1576 4320 1589 4333 ⁸
1625 4307 1743 4359 ἀντὶ

181 4397 305 4461 τοῦ,
357 4398 456 4465 Μὴ
510 4397 735 4466 σκιρτᾷν
790 4397 956 4466 αὐτὴν
1005 4398 1448 4467 παρασκευάζετε
1513 4398 1601 4450 διὰ
1645 4398 1741 4467 τῆς

1837 1954 2085 2015 brorum,
2117 1961 2164 2006 et
2217 1950 2500 2005 induamus
2551 1965 2701 2002 arma
2747 1951 2898 2003 lucis.
2935 1948 3193 2002 Tenebras
3238 1957 3394 2003 vocat

1834 2044 2194 2115 ignorantiam
2218 2060 2237 2108 ;
2266 2059 2425 2111 opera
2454 2045 2659 2095 autem'
2686 2039 3015 2093 tenebrarum
3039 2078 3054 2102 ,
3103 2038 3388 2107 improbas

1834 2144 1887 2189 et
1940 2135 2175 2204 injustas
2225 2135 2513 2197 actiones;
2563 2138 2619 2187 et
2668 2132 2840 2185 lucem"
2887 2128 3110 2199 quidem
3153 2128 3394 2197 appelht

1835 2227 2117 2283 scientiam
2144 2242 2159 2291 ;
2185 2242 2336 2279 arma
2363 2239 2493 2279 vero
2513 2223 2644 2278 lucis
2666 2260 2681 2288 ,
2705 2223 2974 2279 bonorum
2998 2221 3392 2290 operationem.

1904 2405 2067 2461 Vens.
2100 2406 2187 2461 1³5.
2222 2405 2372 2460 Sicut
2414 2407 2468 2459 in
2518 2406 2601 2458 die
2652 2405 2865 2459 honeste
2908 2404 3257 2459 ambulemus.
3304 2401 3380 2455 Ex

1834 2498 2216 2565 corporalibus
2264 2496 2507 2551 ostendit
2556 2496 2849 2565 spiritalia.
2900 2494 3005 2562 Qui
3037 2495 3184 2551 enim
3217 2495 3390 2557 vitam

1834 2589 2158 2659 ﬂagitiosam
2191 2597 2388 2658 agunt,
2436 2589 2525 2641 illa
2558 2596 2720 2641 noctu
2755 2594 3136 2657 perpetrantes
3159 2623 3174 2649 ,
3211 2585 3387 2639 inter-

1834 2681 1925 2734 diu
1958 2680 2262 2735 honestatis
2293 2679 2532 2749 speciem
2565 2680 2820 2733 induunt.
2846 2677 2984 2731 .Vult
3014 2678 3233 2746 itaque,
3265 2690 3391 2729 cum

1845 2786 1948 2824 nos
1981 2770 2329 2839 praeterierit,
2354 2778 2408 2823 et
2436 2769 2745 2839 ignorantia
2768 2768 3103 2830 cessaverit,
3128 2768 3391 2822 abstineri

1836 2876 1867 2914 a
1894 2862 2074 2915 malis.
2111 2860 2276 2915 Docet
2310 2861 2475 2922 etiam
2499 2876 2752 2930 qumnam
2780 2875 2839 2916 ea
2872 2870 3022 2914 sunt.
3053 2858 3177 2912 Non
3210 2861 3263 2912 in
3295 2875 3390 2912 co-

1837 2955 2241 3007 messationibus
2300 2965 2350 3009 et
2404 2954 2767 3018 ebrietatibus,
2812 2972 2916 3007 non
2959 2955 3012 3006 in
3045 2954 3300 3007 cubilibus
3345 2962 3393 3006 et

1837 3046 2177 3113 impudicitiis
2202 3084 2217 3108 ,
2254 3062 2354 3099 non
2386 3046 2441 3097 in
2472 3047 2798 3099 contentione
2824 3056 2871 3098 et
2901 3046 3260 3099 wmulatione.
3295 3043 3396 3096 So-

1841 3137 1955 3190 lent
2002 3138 2254 3191 nonnulli
2304 3137 2357 3191 in
2411 3137 3015 3211 eonviviislascivire,
3059 3145 3114 3190 et
3153 3138 3393 3209 linguam

1841 3227 2097 3295 turpibus
2149 3226 2383 3281 canticis
2436 3228 2721 3296 polluere:
2780 3227 2972 3280 borum
3012 3235 3193 3280 autem
3227 3240 3395 3279 causa

1838 3323 1920 3369 est
1947 3315 2213 3379 ebrietas,
2248 3317 2378 3383 quin
2430 3317 2547 3369 haec
2577 3318 2743 3369 etiam
2796 3324 2968 3369 mater
3009 3324 3092 3370 est
3136 3316 3392 3385 petulan-

1840 3408 1958 3463 tiae.
1987 3405 2211 3474 litisque
2239 3416 2294 3460 et
2324 3408 2697 3462 contentionis
2727 3406 3008 3475 magistra.

1909 3577 2074 3634 Vens.
2124 3580 2207 3634 14.
2249 3579 2352 3635 Sed
2382 3580 2677 3634 induamini
2712 3579 2995 3634 Dominum
3025 3578 3206 3633 Iesum
3237 3579 3392 3634 ΕΙινίο

1841 3677 1996 3721 stum.
2034 3668 2152 3722 Non
2182 3677 2239 3723 ut
2272 3670 2435 3724 alium
2468 3670 2799 3739 baptismum
2831 3670 3170 3738 suscipiant,
3211 3674 3304 3746 sed
3340 3677 3397 3723 ut

1838 3767 2043 3814 vestem
2074 3776 2181 3829 qua
2219 3760 2396 3813 induti
2427 3769 2554 3815 sunt
2588 3761 2960 3815 considerent.
2992 3760 3060 3813 Et
3088 3760 3264 3812 carnis
3300 3777 3394 3812 cu-

1842 3868 1956 3903 ram
2004 3868 2065 3905 ne
2112 3852 2339 3919 feceritis
2395 3852 2447 3904 in
2492 3850 2791 3904 desideriis.
2851 3849 2951 3903 llic
3005 3850 3393 3904 haereticorum

1840 3941 2039 4004 etiam,
2086 3940 2175 4009 qui
2222 3956 2442 4013 carnem
2486 3948 2781 4005 accusant,
2843 3953 2937 3993 ora
2986 3939 3229 3994 obturat.
3287 3939 3395 3993 Ne-

1841 4046 1947 4100 que
1992 4032 2136 4085 enim
2195 4032 2473 4100 prohibuit
2526 4033 2821 4101 quominus
2869 4031 3052 4085 carnis
3096 4046 3240 4099 cura
3310 4045 3395 4100 ge-

1842 4128 2041 4173 ratur:
2094 4122 2189 4175 sed
2238 4120 2465 4174 delicias
2519 4133 2572 4175 et
2624 4121 3100 4191 intemperantiam
3161 4121 3394 4191 expulit.

1841 4209 1958 4263 Non
1990 4210 2133 4263 enim
2168 4212 2338 4264 dixit:
2393 4212 2473 4266 Ne
2527 4214 2710 4266 carnis
2765 4228 2952 4273 curam
3009 4213 3247 4282 geratis,
3300 4213 3395 4265 sed

1843 4316 1909 4354 ne
1959 4300 2023 4353 ad
2060 4300 2217 4371 ιω
2247 4302 2720 4370 concupiscentias
2768 4302 3080 4371 gesseritis,
3128 4301 3233 4356 hoc
3276 4310 3398 4363 est,

1844 4389 1921 4444 Ne
1949 4390 2092 4443 illam
2126 4406 2223 4459 per
2247 4390 2473 4445 delicias
2502 4393 2774 4446 exsultare
2804 4392 3036 4446 faciatis.
3062 4390 3158 4445 His
3179 4406 3307 4461 ergo
3333 4390 3399 4445 de

182 4489 406 4559 τρυφῆς.
441 4486 631 4540 Ταῦτα
671 4486 832 4539 πάλιν
873 4487 1001 4556 περὶ
1042 4488 1140 4556 τῆς
1180 4488 1486 4556 πρακτικῆς
1515 4487 1738 4540 διελθὼν
1771 4499 1815 4557 ο

1737 4508 1738 4522 ι
1771 4499 1815 4557 ο
1845 4479 2046 4532 virtute
2082 4479 2262 4532 activa
2290 4481 2550 4548 expositis
2571 4521 2586 4545 ,
2625 4482 2820 4535 iterum
2853 4480 2919 4534 ad
2948 4480 3256 4549 dogmatica
3288 4487 3399 4533 tra-

183 4580 407 4647 ἀρετῆς,
473 4579 553 4639 είς
606 4576 730 4639 τοὺς
774 4575 1133 4643 δογματικοὺς
1182 4573 1333 4640 αὖθις
1377 4577 1740 4645 ἐπανελήλυθε

181 4669 387 4735 λόγους,
416 4668 543 4736 Χρὴ
572 4665 626 4718 δὲ
654 4666 917 4735 πρότερον
942 4668 1113 4718 είπείν
1142 4668 1232 4719 τὸν
1258 4668 1355 4736 τῆς
1382 4668 1743 4735 ἀποστολικῆς

184 4757 527 4819 διδασκαλίας
579 4756 778 4807 σκοπὸν
800 4794 815 4818 ,
851 4756 917 4808 ἶν’
943 4755 1271 4820 εὐσύνοπτος
1304 4758 1527 4827 γένηται
1570 4759 1603 4828 ἡ
1636 4756 1742 4810 τῶν

187 4844 357 4914 ῥητῶν
405 4843 694 4914 ἑρμηνεία.
738 4844 799 4895 Οί
848 4843 908 4907 ἐξ
950 4844 1117 4896 ἐθνῶν
1168 4844 1591 4905 πεπιστευκότες
1643 4844 1741 4914 τὴν

185 4933 541 5004 εὐαγγελικὴν
591 4933 861 4986 πολιτείαν
912 4935 1235 5002 ἠσπάζοντο.
1297 4934 1487 4987 Πολλοὶ
1538 4936 1595 4988 δὲ
1634 4935 1741 4987 τῶν

186 5026 239 5089 ἐξ
278 5023 655 5095 Ἰουδαίων,τῷ
689 5023 1022 5094 εὐαγγελικῷ
1071 5025 1543 5095 προσεληλυθότων
1574 5026 1742 5097 κηρύ-

185 5132 383 5184 γματι,
418 5116 542 5176 ταῖς
575 5117 826 5183 νομικαίς
854 5114 1129 5168 ἐδούλευον
1168 5116 1441 5181 διατάξεσι
1466 5157 1482 5180 ,
1516 5116 1742 5169 καὶτῶν

187 5207 402 5277 ἡμερῶν
428 5206 527 5275 τὴν
557 5205 954 5276 παραφυλακὴν
992 5203 1356 5275 ἀσπαζόμενοι
1374 5246 1389 5271 ,
1418 5207 1511 5259 καὶ
1536 5206 1742 5276 τροφῆς

190 5296 688 5365 μεταλαγχάνοντες
711 5336 726 5361 ,
756 5296 821 5365 ἢν
854 5295 882 5347 ό
912 5294 1073 5365 νόμος
1107 5279 1408 5348 ἐκέλευσεν.
1466 5294 1740 5349 Ἐντεῦθεν

1838 4570 2035 4623 ctanda
2079 4570 2240 4624 redit.
2285 4568 2512 4640 Oportet
2552 4579 2737 4626 autem
2776 4572 3043 4625 doctrina:
3081 4568 3400 4639 apostolicae

1839 4677 2066 4731 scopum
2124 4662 2279 4731 prius
2317 4662 2621 4731 explicare,
2664 4673 2723 4715 ut
2756 4654 2950 4716 eorum
3003 4669 3122 4730 quae
3169 4661 3401 4715 dicenda

1839 4758 1967 4805 sunt
2022 4750 2239 4805 facilior
2292 4752 2364 4805 sit
2416 4752 2815 4822 interpretatio.
2870 4752 2972 4817 Qui
3030 4767 3095 4806 ex
3146 4752 3400 4821 gentibus

1836 4842 2208 4907 crediderant,
2240 4843 2609 4911 evangelieam
2656 4844 2779 4897 vitae
2825 4843 3226 4919 institutionem
3279 4858 3398 4895 am-

1836 4932 2233 5001 plectebantur.
2284 4931 2437 4995 Multi
2514 4940 2697 4986 autem
2758 4950 2823 4988 ex
2886 4933 3121 4999 Iudaeis,
3177 4933 3273 5002 qui
3332 4934 3401 4986 ad

1850 5023 2220 5092 evangelieam
2274 5023 2717 5093 praedicationem
2768 5032 3155 5090 accesserant,
3190 5025 3211 5045 '
3256 5024 3401 5092 lega-

1850 5113 1996 5167 libus
2046 5114 2314 5169 institutis
2360 5115 2701 5177 serviebant,
2756 5113 2969 5167 dierum
3030 5112 3399 5168 observationi

1849 5203 2218 5269 adhaerentes,
2252 5213 2305 5259 et
2334 5204 2679 5274 praescriptos
2720 5202 2836 5272 lege
2865 5204 3016 5258 cibos
3048 5208 3399 5271 usurpantes.

1848 5295 1992 5349 Hinc’
2028 5296 2097 5351 lis
2138 5295 2438 5363 oriebatur,
2483 5305 2646 5367 atque
2688 5296 2852 5351 etiam
2894 5307 3115 5364 pugna:
3172 5308 3298 5348 eum
3350 5302 3405 5348 et

246 5479 273 5519 7
306 5470 499 5525 Μτιιὶι.
533 5483 683 5536 xxii,
712 5469 877 5524 57-59
906 5487 922 5537 ;
955 5468 1088 5524 Luc.
1118 5485 1173 5533 ιι
1198 5468 1303 5535 21;
1341 5468 1506 5523 Marc.
1538 5485 1612 5524 xu
1640 5510 1655 5535 ,
1686 5468 1791 5533 50,
1824 5469 1911 5525 51.

1486 5639 1713 5713 vium
1753 5641 2153 5698 LECTIONES.

257 5760 275 5789 ⁸
299 5761 340 5812 Α
365 5768 418 5813 ct
450 5758 492 5812 Β
512 5759 625 5812 τῶν
654 5761 931 5830 προτέρων
968 5763 1112 5832 ημᾶς
1136 5757 1334 5828 ἀπηλλ.
1362 5773 1417 5810 κ.
1494 5756 1513 5787 ⁸
1546 5756 1589 5809 Α
1612 5758 1831 5809 ποιεῖτε.

1912 5756 1932 5786 ⁸
1964 5757 2007 5810 Α
2042 5756 2352 5829 ἐπιθυμίαν.
