4210 6438
812 392 913 456 199

1791 390 2273 452 THEODORETI
2303 391 2641 452 EPISCOPI
2672 393 3034 455 CYRENSIS

3935 400 4038 465 200

808 503 905 558 isit
925 513 1022 556 eos
1048 498 1143 570 qui
1175 516 1237 557 ex
1280 500 1533 571 gentibus
1587 498 1972 565 crediderant,
2023 500 2169 569 quod
2217 499 2364 555 escis

2463 499 2581 571 ἐρις
2603 501 2807 570 ἐφύετο
2827 545 2842 569 ,
2882 503 2978 557 καὶ
3006 503 3071 574 δὴ
3114 504 3210 557 καὶ
3252 505 3401 577 μάχη
3421 524 3434 539 ’
3492 509 3587 561 καὶ
3634 509 3838 564 τούτων
3866 525 4037 565 κατα-

807 592 1141 661 quibuslibet
1191 591 1677 646 indiscriminatim
1710 600 2087 657 vescerentur,
2112 591 2375 647 condem-

807 690 1003 736 narent
1036 701 1050 738 :
1079 689 1134 737 et
1162 681 1261 736 hos
1302 681 1387 735 illi
1415 682 1812 745 abhorrerent,
1849 690 2071 752 propter
2102 697 2369 737 summam

803 781 857 825 et
888 786 1355 840 supervacaneam
1406 774 1541 844 legis
1584 772 2056 828 observationem.
2106 772 2209 829 His
2257 789 2371 829 me-

803 864 1040 919 dicinam
1074 864 1344 920 adhibens
1393 865 1739 933 Apostolus,
1774 863 1928 919 aﬁ‘ert
1977 865 2195 934 utrique
2228 865 2367 935 parti

803 954 1222 1008 convenientem
1257 954 1722 1009 adhortationem.
1777 952 2024 1007 Primum
2057 962 2241 1008 autem
2273 969 2368 1009 eos

803 1045 896 1111 qui
933 1060 997 1098 ex
1045 1047 1297 1113 gentibus
1340 1044 1499 1099 ﬁdem
1537 1044 2039 1116 susceperant,°ad
2071 1043 2367 1099 fraternam

801 1138 1151 1192 dilectionem
1180 1134 1524 1193 exhortatur.
1874 1126 1877 1127 ⁷

1381 1229 1609 1284 CAPUT
1651 1228 1789 1282 XIV.

869 1321 1035 1376 Vens.
1077 1323 1126 1375 l.
1167 1320 1452 1379 Inﬁrmum
1489 1332 1660 1375 autent
1700 1322 1753 1374 in
1791 1319 1894 1389 [ide
1928 1322 2219 1381 assumite,
2262 1336 2364 1372 non

798 1411 850 1462 in
875 1409 1337 1478 dtsreptationibus
1360 1413 1758 1479 cogitationum.
1779 1440 1849 1450 ——
1874 1409 2159 1478 Inﬁrmum
2182 1422 2364 1463 autem

798 1504 1033 1571 appellat
1063 1518 1187 1557 eum
1222 1504 1313 1574 qui
1346 1504 1611 1574 legalibus
1646 1503 1819 1559 servit
1852 1503 2361 1557 observationibus.

865 1684 1030 1738 Vsus.
1062 1686 1115 1738 2.
1149 1684 1299 1737 Alius
1332 1686 1469 1737 enim
1504 1684 1667 1737 credit
1704 1700 1758 1736 se
1789 1680 2112 1735 manducare
2148 1682 2357 1734 omnia.

796 1777 847 1832 is
883 1779 1094 1833 scilicet
1119 1778 1209 1847 qui
1245 1793 1311 1831 ex
1346 1777 1600 1847 gentibus
1636 1775 1890 1831 credidit.
1936 1776 2040 1839 Qui
2072 1785 2245 1829 autem
2279 1777 2364 1828 in-

796 1871 982 1937 ﬁrmus
1012 1876 1121 1932 est,
1156 1870 1272 1921 olus
1307 1867 1614 1921 manducat.
1650 1867 1911 1922 Nonnulli
1943 1868 2171 1933 dicunt,
2215 1867 2361 1935 quod

796 1960 887 2030 qui
917 1976 979 2015 ex
1011 1958 1216 2013 Judazis
1266 1958 1653 2020 crediderant,
1711 1966 1972 2027 tanquam
2020 1972 2217 2011 eorum
2264 1956 2360 2027 qui

804 2068 870 2107 ex
918 2051 1173 2121 gentibus
1226 2059 1383 2104 erant
1435 2037 1584 2119 ipsos
1633 2050 1885 2119 puderet,
1938 2064 2045 2104 non
2105 2050 2281 2103 solum
2331 2062 2360 2102 a

795 2143 973 2198 suillis
994 2186 1009 2210 ,
1063 2141 1158 2198 sed
1190 2144 1354 2196 etiam
1385 2142 1453 2195 ab
1486 2143 1715 2196 aliarum
1756 2158 1852 2194 esu
1902 2142 2151 2195 carnium
2184 2140 2360 2194 absti—

794 2237 1025 2297 nebant,
1087 2234 1542 2288 exercitationem
1591 2241 1645 2286 et
1690 2232 2105 2301 temperantiam
2154 2245 2263 2299 prie
2304 2244 2362 2283 se

793 2327 1051 2380 ferentes.
1088 2326 1240 2380 Unde
1264 2326 1485 2378 divinus
1508 2325 1807 2386 Apostolus
1838 2324 1977 2375 dixit
2008 2341 2019 2374 ε
2050 2322 2154 2387 Qui
2180 2331 2357 2374 autem

794 2423 1035 2489 inﬁrmus
1066 2431 1173 2485 cst,
1204 2423 1319 2474 olus
1362 2419 1667 2472 manducat.
1705 2418 1838 2471 Cum
1874 2416 2027 2487 14],
2060 2416 2204 2469 enim
2240 2430 2361 2482 pcr-

795 2513 989 2567 fcctam
1032 2512 1188 2566 ﬁdem
1228 2527 1337 2565 non
1382 2512 1638 2573 haberet,
1674 2509 1879 2563 talibus
1927 2508 2065 2562 cibis
2086 2518 2155 2560 “sc
2190 2506 2357 2576 pollui

792 2604 1070 2657 credebat.

865 2694 1029 2748 Vens.
1078 2693 1217 2747 5.13
1268 2694 1358 2763 qui
1413 2694 1718 2756 mamlurat,
1792 2709 1893 2743 non
1951 2690 2357 2744 manducantem

792 2805 891 2840 non
926 2772 1158 2853 spernat.
1215 2784 1318 2849 Qui
1365 2785 1510 2837 enim
1548 2799 1612 2837 ex
1669 2783 1927 2852 gentibus
1982 2780 2356 2844 crediderant,

786 2874 1006 2929 Judaeos
1063 2875 1155 2943 qui
1206 2873 1363 2927 ﬁdem
1417 2882 1772 2942 susceperant
1807 2872 2259 2934 -avcrsabantur,
2299 2879 2359 2924 ut

787 2966 878 3033 qui
908 2981 1099 3035 puram
1147 2979 1209 3018 ac
1260 2966 1532 3019 sinceram
1578 2964 1735 3018 ﬁdem
1797 2979 1904 3017 non
1961 2964 2248 3029 haberent,
2305 2971 2359 3017 et

788 3056 909 3112 ideo
944 3058 1150 3111 nollent
1188 3056 1457 3124 ejusmodi
1486 3055 1627 3110 cibis
1656 3056 1821 3108 vesci.
1857 3058 1923 3108 Et
1954 3056 2047 3123 qui
2069 3056 2357 3109 non'man-

2472 592 2765 663 κρινόντων
2785 595 2911 658 τοὺς
2935 595 2995 662 ἐξ
3022 594 3193 650 ἐθνῶν
3218 597 3312 650 ἐπὶ
3333 600 3401 667 τῇ
3426 597 3705 669 ἀδιαφόρῳ
3735 600 4035 670 μεταλήψει

2472 681 2580 734 τῶν
2627 682 2900 751 ἐδωδίμων
2919 726 2935 750 ,
2981 683 3253 739 κάκείνων
3293 687 3516 751 τούτους
3554 687 3923 743 διαπτυόντων
3952 690 4038 744 διά

2469 772 2567 843 τὴν
2594 771 2768 844 ἄκραν
2796 773 2891 837 τοῦ
2916 774 3081 844 νόμου
3125 776 3220 830 καὶ
3262 777 3523 849 περιττὴν
3556 779 3823 850 φυλακήν.
3854 779 4038 833 Ταῦτα

2468 861 2648 916 τοίνυν
2673 861 2899 932 ἰώμενος
2920 866 2948 918 ὁ
2977 863 3118 928 θεῖος
3154 866 3499 933 Ἂτςόστολος,
3525 868 3624 938 τὴν
3655 870 4039 940 προσήκουσαν

2469 951 2713 1022 ἐκατέρῳ
2772 953 2926 1024 μέρει
2968 955 3266 1026 προσφέρει
3316 956 3659 1026 παραίνεσιν.
3703 958 3935 1027 ,Πρῶτον
3981 960 4038 1012 δέ

2467 1059 2532 1109 γε
2560 1044 2685 1107 τοὺς
2711 1044 2770 1108 ἐξ
2798 1044 2969 1100 ἐθνῶν
3010 1047 3091 1110 είς
3120 1046 3474 1118 φιλαδελφίαν
3505 1049 3825 1119 προτρέπει.

2994 1208 3384 1276 κΕφΑΑΛιοΝ
3412 1226 3506 1277 lA'.

2538 1318 2605 1361 a'.
2645 1312 2757 1364 Τὸν
2780 1310 2847 1363 δὲ
2875 1314 3252 1375 ἀσθενοῦντα
3296 1314 3371 1383 τῇ
3415 1316 3616 1368 πίστει
3656 1302 4035 1383 προσλαμσᾶ·

2455 1407 2664 1473 ’νεσθε,
2694 1403 2780 1472 μὴ
2809 1406 2895 1467 εἰς
2930 1404 3257 1471 διακρίσεις
3294 1406 3623 1475 λογισμῶν.
3683 1405 4034 1458 Ἀσθενοῦντα

2465 1492 2522 1544 δὲ
2566 1492 2658 1544 τὸν
2701 1496 2821 1556 ταῖς
2875 1497 3126 1562 νομικαῖς
3173 1499 3589 1568 παρατηρήσεσι
3639 1496 4037 1566 δεδουλωμενυν

2467 1583 2638 1636 καλεῖ.
3398 1588 3401 1591 ⁷

2539 1674 2602 1743 β’.
2644 1677 2749 1739 ’⁸ος
2772 1675 2889 1744 μὲν
2914 1679 3180 1731 πιστεύει
3219 1674 3432 1747 φαγεῖν
3461 1678 3677 1730 πάντα.
3720 1678 4031 1739 Τουτέστιν,

2465 1764 2492 1815 ὁ
2520 1763 2576 1828 ἐξ
2609 1764 2777 1815 ἐθνῶν
2809 1769 3211 1831 πεπιστευκώς.
3253 1769 3314 1821 '0
3354 1769 3422 1821 δὲ
3472 1766 3749 1823 ἀσθενῶν
3794 1768 4036 1835 λάχανα

2398 1830 2437 1882 Β
2463 1854 2669 1908 ἐσθίει.
2706 1855 2860 1920 Τινές
2895 1875 3078 1926 φασιν,
3107 1830 3183 1924 ὡς
3211 1862 3589 1930 αἰσχυνόμενοι
3617 1862 3741 1924 τοὺς
3774 1860 3834 1924 ἐξ
3861 1830 4035 1913 ἐθνῶν

2463 1944 2511 1995 οἱ
2539 1945 2598 2008 ἐξ
2637 1946 2934 2013 Ἰουδαίων,
2982 1950 3042 2002 οὐ
3082 1951 3242 2019 μόνον
3278 1951 3387 2004 τῶν
3420 1952 3581 2005 ὑείων
3632 1951 3810 2022 κρεῶν
3833 1993 3846 2015 ,
3897 1950 4036 2005 ἀλλὰ

2463 2033 2556 2086 καὶ
2613 2034 2713 2103 τῆς
2764 2036 2970 2108 ἄλλης⁷
3036 2041 3372 2108 κρεοφαγίας
3425 2042 3770 2112 ἀπείχοντο,-
3801 2042 4034 2112 ἄσκησιν

2464 2128 2827 2197 σκηπτόμενοι
2875 2132 2969 2183 καὶ
3020 2133 3369 2203 ἐγκράτειαν,
3403 2133 3563 2186 Ὅθεν
3606 2135 3634 2185 ὁ
3684 2133 3827 2197 θεῖος
3868 2134 4031 2186 Ἀπό-

2462 2216 2646 2280 στολος
2693 2217 2793 2289 ἔφη
2824 2236 2836 2249 ·
2885 2221 2947 2272 Ὀ
2980 2221 3046 2273 δὲ
3079 2222 3354 2277 ἀσθενῶν
3383 2224 3622 2291 λάχανα
3659 2210 3865 2279 ἐσθίει.
3918 2225 4033 2277 Οὐκ

2461 2307 2597 2376 ἔχων
2631 2309 2738 2381 γὰρ
2767 2312 2980 2379 τελείαν
3006 2314 3103 2384 τὴν
3132 2314 3313 2368 πίστιν
3336 2356 3350 2380 ,
3391 2316 3730 2386 μολύνεσθαι·
3749 2318 3835 2371 διά
3870 2318 4031 2388 τῆσδε

2460 2398 2560 2469 τῆς
2600 2400 2851 2469 βρώσεως
2880 2405 3280 2475 ὑπελάμϐανεν.

2489 2746 2498 2755 ,
2531 2692 2598 2752 γ’.
2640 2686 2692 2737 Ὁ
2712 2676 2932 2740 ἐσθίων
2954 2689 3161 2756 τὸνμὴ
3196 2690 3475 2746 ἐσθίοντα
3490 2692 3578 2759 μὴ
3617 2692 4027 2755 ἐξουθενείτω.

2460 2774 2717 2830 Διέπτυον
2745 2778 2853 2847 γάρ
2892 2780 3017 2841 τοὺς
3066 2780 3122 2845 ἐξ
3168 2780 3433 2834 Ἰουδαίων
3460 2784 3506 2834 oi
3542 2781 3601 2847 ἐξ
3634 2782 3821 2843 ἔθνῶν,
3850 2783 3923 2841 ὡς
3950 2786 4030 2834 εί-

2458 2869 2673 2938 λικρινῆ
2698 2870 2877 2937 πίστιν
2895 2871 2993 2922 οὐκ
3010 2870 3251 2939 ἔχοντας,
3277 2874 3369 2924 καὶ
3398 2872 3485 2925 διὰ
3515 2872 3674 2926 τοῦτο
3694 2878 3791 2943 τῆς
3817 2876 4029 2927 τοιᾶσδε

2458 2958 2660 3029 τροφῆς
2681 2960 3006 3029 μεταλαχεῖν
3030 2960 3051 2991 ⁸
3067 2962 3164 3013 οὐκ
3182 2961 3483 3025 ἐθέλοντας.
3517 2965 3623 3016 Καὶ
3649 2967 3681 3017 ό
3697 2964 3783 3033 μὴ
3812 2966 4033 3018 ἐσθίων

2458 3050 2565 3102 τόν
2579 3050 2861 3105 ἐσθίοντα
2876 3051 2961 3120 μὴ
2986 3052 3252 3119 κρινέτω.
3272 3054 3381 3107 Καὶ
3402 3054 3453 3107 οί
3474 3054 3533 3121 ἐξ
3556 3054 3820 3109 Ἰουδαίων
3848 3057 4033 3125 μέντοι

786 3151 965 3212 ducat,
1003 3148 1411 3201 manducantem
1445 3163 1547 3199 non
1579 3146 1799 3214 judiret.
1835 3146 1903 3197 At
1927 3146 2021 3215 qui
2058 3161 2122 3200 ex
2154 3145 2355 3200 Judaeis

2458 3140 2582 3203 τοὺς
2615 3140 2672 3205 ἐξ
2721 3140 2888 3194 ἐθνῶν
2919 3143 3259 3213 κατέκρινον,
3317 3135 3665 3216 παρανομίαν
3719 3146 4034 3213 νομίζοντες

786 3238 1132 3293 crediderant
1194 3236 1380 3290 ﬁdeles
1450 3252 1513 3290 ex
1582 3236 1838 3304 gentibus
1891 3236 2352 3298 condemnabant,

786 3328 1157 3399 promiscuum
1190 3327 1441 3379 ciborum
1500 3340 1652 3380 esum
1689 3325 1939 3379 illicitum
1975 3333 2031 3380 et
2082 3325 2353 3380 nefarium

785 3421 1183 3473 existimantes.
1218 3418 1358 3471 Deus
1384 3419 1521 3470 enim
1554 3417 1705 3470 illum
1741 3420 2056 3486 assumpsit,
2098 3419 2354 3487 gentilem

787 3511 1018 3564 scilicet.
1058 3508 1121 3561 Et
1154 3510 1332 3578 pergit
1364 3510 1417 3561 in
1445 3507 1695 3561 Judaeum
1725 3508 1928 3563 invehi.

861 3596 1207 3661 Vens.4.Tu,
1250 3598 1367 3665 quis
1390 3614 1465 3661 es,
1495 3599 1583 3667 qui
1601 3597 1819 3665 judicas
1853 3598 2085 3651 alienum
2119 3599 2356 3652 servum?

788 3682 1013 3736 Domino
1048 3700 1142 3737 suo
1181 3693 1317 3747 stat,
1339 3695 1430 3739 aut
1479 3685 1643 3738 cadit.
1708 3684 1911 3741 Servus
1958 3689 2352 3757 unusquisque,

785 3785 839 3828 ct
887 3777 1076 3829 vivens
1139 3776 1353 3828 lucrum
1401 3783 1486 3829 est
1522 3776 1730 3830 domini
1766 3777 1875 3843 sui,
1911 3785 1963 3832 et
1999 3779 2353 3835 moriens-illi

788 3880 980 3920 rursus
1010 3866 1266 3919 damnum
1291 3866 1467 3919 aﬁ‘ert.
1504 3866 1569 3919 Et
1600 3868 1747 3922 hunc
1783 3883 1913 3937 ergo
1947 3869 2080 3923 emit
2127 3871 2373 3935 univer-_

786 3970 971 4010 sorum
1008 3954 1303 4021 Dominus,
1353 3959 1613 4026 prOprio'
1653 3958 1706 4010 in
1767 3959 2007 4027 pretium
2065 3959 2195 4015 dato
2224 3977 2354 4016 san-

786 4047 971 4115 guine.
1001 4046 1069 4099 Et
1099 4048 1226 4111 quia
1257 4047 1427 4111 (lixit',
1466 4064 1559 4100 suo
1593 4047 1804 4102 domino
1863 4059 1991 4113 stat,
2041 4061 2134 4103 aut
2184 4053 2349 4119 cadit,

782 4138 1094 4193 necessario
1116 4138 1422 4206 subjunxit,
1452 4138 1612 4191 stabit
1656 4148 1851 4193 autem.
1883 4139 1947 4193 Et
1969 4140 2173 4194 dictum
2191 4159 2348 4197 suum

785 4230 876 4285 Dei
912 4231 1154 4299 potentia
1194 4230 1484 4285 conﬁrmat
1516 4247 1580 4284 ac
1617 4233 1826 4286 stabilit
1853 4250 1866 4285 :
1897 4230 2087 4286 Potens
2119 4238 2351 4289 estcuim

779 4321 924 4376 Deus
947 4332 1178 4375 statuere
1205 4321 1379 4375 illum.
1416 4321 1539 4375 llaec
1563 4337 1688 4375 cum
1732 4324 1800 4377 de
1831 4324 1971 4379 cibis
1999 4324 2251 4391 dixisset,
2282 4327 2349 4381 ad

780 4414 897 4470 dies
920 4416 1228 4469 orationem
1260 4414 1551 4467 convertit.

848 4590 1011 4646 Vsus.
1040 4591 1092 4645 5.
1120 4588 1258 4642 Nam
1288 4591 1427 4644 alius
1444 4590 1653 4659 judicat
1672 4592 1812 4644 diem
1835 4592 1971 4645 inter
1997 4595 2168 4658 diem;
2203 4596 2342 4649 alius

779 4691 953 4734 autem
986 4680 1195 4750 judicat
1239 4696 1441 4732 omnem
1484 4683 1640 4734 diem.
1702 4682 1807 4735 Alii
1865 4684 2012 4737 enim
2074 4693 2344 4755 perpetuo

777 4774 1128 4825 abstinebant
1156 4785 1185 4823 a
1212 4771 1350 4826 cibis
1383 4772 1495 4842 lege
1537 4772 1875 4841 prohibitis;
1925 4774 2019 4828 alii
2055 4787 2186 4830 vero
2217 4779 2341 4846 qui-

778 4863 1009 4919 busdam
1042 4863 1254 4917 diebus.
1291 4862 1655 4932 Unusquisque
1686 4865 1741 4918 in
1780 4882 1875 4919 suo
1914 4883 2071 4921 sensu
2095 4868 2343 4926 abundet.

776 4954 897 5009 Non
938 4956 1042 5009 hoc
1090 4955 1277 5026 posuit
1305 4954 1633 5024 generaliter
1670 4972 1683 5008 :
1718 4971 1896 5025 neque
1928 4959 2074 5013 enim
2114 4959 2181 5014 de
2210 4960 2349 5016 divi-

775 5045 866 5099 nis
895 5044 1132 5099 decretis
1164 5043 1271 5097 hoc
1313 5044 1519 5098 sentire
1568 5043 1746 5113 jubet.
1788 5046 1896 5100 Eos
1946 5062 2184 5118 namque
2218 5065 2348 5105 ana-

776 5135 1103 5188 thematizat
1152 5134 1245 5203 qui
1280 5133 1503 5187 veritati
1560 5136 1834 5189 contraria
1890 5136 2087 5192 docere
2126 5138 2180 5191 in
2227 5141 2344 5194 ani-

776 5239 923 5277 mum
956 5225 1242 5279 inducunt.
1274 5242 1292 5275 ι
1324 5223 1381 5278 Si
1412 5224 1538 5294 quis
1575 5225 1745 5291 enim,
1777 5226 1977 5296 inquit,
2010 5230 2345 5298 e’vangelizet

773 5313 930 5367 vobis
964 5312 1113 5367 aliud
1150 5311 1497 5383 Evangelium
1528 5330 1693 5385 quam
1734 5318 1877 5386 quod
1924 5321 2238 5388 accepistis,
2273 5322 2345 5376 sit

774 5404 1065 5458 anathema
1082 5413 1129 5459 ⁸.
1174 5423 1193 5456 ι
1231 5403 1305 5459 De
1348 5407 1480 5461 solis
1512 5407 1697 5477 itaque
1726 5408 1865 5463 cibis
1913 5410 2343 5482 uniuscujusque

847 5570 867 5595 ι
911 5559 1084 5615 Galat.
1130 5562 1269 5627 t,'8.

2456 3230 2555 3302 τὴν
2604 3231 2895 3303 ἀδιάφορον
2941 3234 3049 3285 τῶν
3097 3235 3375 3305 ἐδωδίμων
3428 3237 3746 3290 ἀπόλαυσιν.
3791 3239 3852 3291 '0
3885 3239 4033 3304 Θεὸς

2456 3323 2566 3391 γὰρ
2592 3324 2781 3375 αὑτὸν
2825 3324 3281 3389 προσελάϐετο)
3307 3343 3319 3353 ·
3375 3328 3620 3379 τουτέστι
3653 3328 3743 3379 τὸν
3795 3328 4026 3383 ἐθνικόν.

2456 3413 2565 3466 Καὶ
2587 3412 2834 3483 ἐπιμένει
2856 3413 2990 3485 πρὸς
3016 3414 3104 3467 τὸν
3143 3416 3395 3470 Ἰουδαῖον
3422 3417 3858 3486 ἀποτεινόμενος.

2525 3592 2587 3645 δ’.
2634 3592 2719 3645 Σὺ
2753 3592 2844 3656 τίς
2865 3588 2924 3645 εἷ
2968 3596 2999 3645 ό
3029 3594 3248 3660 κρίνων
3273 3594 3598 3662 ἀλλότριον
3636 3595 3915 3661 οἱκέτην;
3948 3597 4030 3660 Τῷ

2456 3683 2582 3749 ἰδίῳ
2631 3685 2824 3751 Κυρίῳ
2851 3683 3085 3749 στήκει,
3136 3685 3174 3751 ἢ
3207 3686 3428 3738 πίπτει.
3477 3688 3592 3749 Πᾶς
3639 3687 3875 3757 οἰκέτης,
3934 3689 4029 3740 καὶ

2456 3773 2563 3837 ζῶν
2594 3773 2688 3826 τοῦ
2720 3773 2920 3826 οἰκείου
2968 3775 3230 3828 δεσπότου
3265 3776 3455 3845 κέρδος
3500 3777 3636 3838 ἐστὶ,
3684 3780 3775 3830 καὶ
3838 3780 4029 3830 τελευ-

2454 3870 2624 3939 τήσας
2654 3868 2815 3921 πάλιν
2848 3868 2998 3937 αὑτῴ
3029 3868 3281 3938 προξενεῖ
3312 3869 3408 3938 τὴν
3439 3869 3659 3939 ζημίαν.
3690 3856 3799 3923 Καὶ
3841 3870 4029 3923 τοῦτον

2454 3958 2634 4012 τοίνυν
2676 3959 2705 4010 ὁ
2734 3958 2842 4011 τῶν
2879 3958 3015 4011 ὅλων
3051 3959 3279 4029 ἐπρίατο
3312 3959 3535 4028 Κύριος,
3567 3960 3628 4012 τὸ
3657 3964 3853 4015 οἰκεῖον
3887 3959 4031 4032 αἷμα

2452 4048 2616 4119 τιμὴν
2662 4048 2927 4113 δεδωκώς.
2970 4050 3077 4103 Καὶ
3130 4050 3315 4122 ἐπειδὴ
3366 4047 3508 4114 εἷπε,
3550 4051 3637 4118 Τῷ
3687 4052 4031 4121 ίδίῳ’κυρίῳ

2453 4139 2662 4205 στήκει
2683 4139 2721 4206 ἢ
2750 4142 2972 4203 πίπτει,
3001 4142 3311 4209 ἀναγκαίως
3332 4146 3579 4213 ἐπήγαγε
3608 4162 3621 4175 ·
3654 4138 4028 4215 Σταθήσεται

2453 4227 2538 4281 δέ.
2580 4229 2692 4281 Καὶ
2726 4232 2885 4299 κυροῖ
2915 4231 3008 4284 τὸν
3045 4231 3202 4299 λόγον
3237 4237 3301 4305 τῇ
3336 4234 3429 4287 τοῦ
3464 4236 3597 4289 Θεοῦ
3636 4238 3882 4308 δυνάμει.
3916 4242 4029 4294 Av-

2452 4322 2633 4387 νατὸς
2654 4321 2765 4389 γάρ
2794 4322 2965 4376 ἐστιν
2990 4325 3023 4377 ὁ
3049 4325 3191 4390 Θεὸς
3216 4325 3437 4393 στῆσαι
3454 4329 3661 4384 αὐτόν.
3683 4330 3866 4385 Ταῦτα
3897 4335 4028 4402 περὶ

2451 4413 2557 4465 τῶν
2586 4413 2895 4483 ἐδεσμάτων
2926 4415 3113 4481 εἰπὼν,
3151 4419 3230 4481 είς
3255 4419 3352 4483 τὰς
3375 4421 3587 4492 ἡμέρας
3616 4424 3910 4493 μεταφέρει
3931 4426 4029 4479 τὸν

2379 4482 2423 4537 D
2454 4496 2627 4571 λόγον.

2511 4603 2584 4662 ε’.
2621 4598 2725 4661 Ὃς
2753 4598 2871 4665 μὲν
2902 4600 3089 4665 κρίνει
3132 4602 3361 4670 ἡμέραν
3405 4605 3543 4671 παρ’
3568 4605 3817 4674 ἡμέραν,
3856 4608 3924 4674 ὃς
3955 4609 4029 4662 δὲ

2452 4686 2641 4754 κρίνει
2677 4685 2883 4740 πᾶσαν
2912 4688 3160 4757 ἡμέραν.
3200 4693 3262 4744 υί
3310 4692 3408 4763 μὲν
3433 4694 3544 4764 γὰρ
3573 4695 3836 4767 διηνεκῶς
3867 4701 4025 4753 ἀπείο

2455 4794 2611 4848 χοντο
2630 4776 2737 4830 τῶν
2765 4778 3230 4850 ἀπηγορευμένων
3254 4783 3357 4835 ὑπὸ
3378 4784 3472 4838 τοῦ
3497 4787 3661 4857 νόμου
3689 4787 4023 4861 βρωμάτων,

2453 4869 2502 4921 oi
2541 4866 2597 4920 δέ
2648 4868 2793 4931 ἐνίας
2828 4869 3059 4940 ἡμέρας.
3101 4872 3395 4938 Ἕκαστος
3434 4873 3512 4940 τῷ
3549 4875 3675 4942 ἰδίῳ
3720 4880 3818 4933 νοτ
3862 4886 4023 4949 πλη-

2445 4960 2836 5029 ροφορείσθω.
2864 4964 2937 5016 Οὐ
2968 4963 3272 5030 καθολικῶς
3295 4969 3453 5023 τοῦτο
3472 4972 3731 5028 τέθεικεν
3760 4977 3883 5029 οὐδὲ
3913 4979 4025 5050 γὰρ

2454 5051 2721 5121 περὶτῶν
2757 5053 2913 5107 θείων
2957 5054 3242 5127 δογμάτων
3292 5061 3450 5115 τοῦτο
3510 5063 3723 5120 κελεύει
3776 5073 4020 5139 φρονεῖν.

2464 5143 2876 5215 Ἀναθεματίζει
2908 5148 3013 5218 γὰρ
3060 5151 3186 5215 τοὺς
3225 5153 3483 5232 τάναντία
3513 5160 3578 5228 τῇ
3622 5159 3848 5232 ἀληθείᾳ
3875 5162 4019 5216 διδά-

2452 5253 2603 5289 σκειν
2626 5237 3005 5307 ἀνεχομένους.
3036 5260 3055 5293 ε
3102 5241 3170 5295 Et
3192 5261 3274 5307 τις
3308 5247 3438 5324 γάρ,
3468 5248 3651 5319 φησὶν,
3676 5252 3819 5322 ὑμᾶς
3856 5255 4017 5324 εὐαγ-

2449 5326 2719 5418 γελίζεται
2748 5332 2877 5403 παρ’
2903 5332 2932 5384 ὃ
2963 5332 3320 5405 παρελάϐετε,
3354 5339 3604 5409 ἀνάθεμα
3630 5342 3789 5399 ἔστω.
3830 5365 3849 5397 ι
3886 5348 4024 5418 Περὶ

2453 5417 2628 5486 μόνων
2660 5419 2840 5473 τοίνυν
2888 5422 2995 5475 τῶν
3046 5424 3357 5481 ἐδεσμάτων
3404 5430 3471 5499 τῇ
3529 5431 3759 5489 ἑκάστου
3811 5417 4025 5507 διανοίᾳ

2082 5685 2217 5737 VA“
2230 5686 2318 5740 UE
2362 5688 2769 5750 LECTIONES.

864 5770 883 5799 ⁷
917 5770 1081 5839 ἄλλης
1110 5772 1259 5827 deest
1292 5774 1343 5827 in
1370 5774 1428 5827 Β.
1522 5774 1542 5805 ⁸
1568 5776 1609 5825 Α
1638 5773 1977 5842 μεταλαϐεῖν.

2072 5779 2091 5808 ⁹
2116 5779 2156 5828 Α
2188 5776 2267 5831 ὅτι
2293 5783 2319 5833 ὀ
2350 5785 2411 5836 Θ.
2448 5784 2608 5839 αὑτὸν
2648 5788 2865 5857 προσελ,
