4206 6450
1760 380 2244 444 THEODORETI
2281 379 2617 441 EPISCOPI
2654 381 3016 442 CYRENSIS
3906 386 4012 450 916

774 386 878 453 915

769 494 940 556 mine.
966 506 1072 547 non
1114 489 1353 559 ignoras.
1384 488 1523 557 Quia
1550 491 1693 561 quod
1719 505 1782 545 ex
1815 487 2059 561 ‘ngenito
2090 488 2322 553 exsistit,

2433 487 2728 557 ἀγεννήτω
2782 487 3047 558 ὑπάρχον,
3076 487 3294 542 κτιστδν
3336 488 3415 543 ἔτι
3449 489 3567 562 [23]
3606 492 3697 561 ὑφ’
3736 494 3927 565 ἑτερο)
3974 498 4008 565 ἢ

763 599 876 640 non
911 581 1144 652 amplius
1169 581 1252 635 vel
1285 580 1353 636 ab
1396 581 1503 635 alio
1552 581 1634 637 vel
1669 582 1739 635 ab
1771 580 1961 636 eodem
2009 581 2185 634 creari
2238 589 2322 634 aut

2438 570 2529 622 ὑπ’
2568 572 2772 638 αὑτοῦ,
2809 574 2842 645 ἢ
2907 574 3233 644 θεμελιωτὸν
3286 576 3387 629 οὐκ
3439 576 3507 631 ἂν
3548 580 3669 650 είη,
3713 581 3774 647 ἐξ
3831 582 4009 653 ἀρχῆς

764 673 982 730 fundari
1015 678 1216 743 potest,
1252 688 1375 728 cum
1438 672 1506 727 ab
1540 672 1697 728 initio
1746 672 1817 728 sit
1869 670 2195 742 ingenitum.
2234 671 2322 725 Sin

2434 661 2728 733 ἀγέννητον
2759 662 3025 733 ὑπάρχον.
3062 666 3124 718 Εἰ
3156 666 3213 719 δέ
3244 666 3305 721 τὸ
3355 669 3612 739 γεννητὸν
3646 671 3812 725 αὐτὸν
3847 673 4009 741 λέγε-

764 771 946 817 autem
992 763 1137 831 quod
1167 761 1386 833 genitus
1421 761 1539 831 ipse
1564 761 1805 827 dicatur,
1836 761 2101 817 indicium
2138 761 2191 816 id
2231 761 2332 816 ali-

763 853 908 923 quod
939 854 1162 925 praebet,
1193 852 1339 923 quod
1371 868 1437 908 ex
1483 861 1710 923 paterna
1758 853 2068 908 substantia
2116 853 2332 923 genitus

762 946 857 1009 sit,
885 944 1245 1014 eamdemque
1270 952 1556 1015 propterea
1587 951 1842 1000 naturam
1871 943 2091 1008 habeat,
2120 945 2328 1000 scimus

761 1036 1102 1105 Scripturam
1143 1050 1250 1090 non
1296 1035 1364 1091 de
1399 1036 1491 1089 illo
1532 1035 1653 1091 solo
1688 1034 1860 1108 geniti
1912 1050 2111 1090 nomen
2168 1052 2329 1091 usur-

758 1140 908 1196 pare,
942 1124 1039 1180 sed
1076 1125 1143 1180 de
1172 1126 1294 1180 aliis
1319 1125 1485 1179 etiam
1522 1136 1716 1179 natura
1747 1125 1822 1179 illi
1854 1124 2015 1194 plane
2043 1125 2329 1182 dissimili-

757 1219 894 1283 bus;
928 1218 1129 1273 ctenim
1161 1218 1227 1272 de
1254 1217 1570 1272 hominibus
1595 1217 1767 1272 dicit:
1803 1236 1821 1269 ι
1859 1215 2030 1273 Filios
2058 1219 2217 1289 genui
2272 1226 2325 1272 et

754 1309 1143 1378 exaltavi:ipsi
1182 1315 1362 1361 autem
1394 1319 1718 1378 spreverunt
1744 1324 1831 1363 me
1860 1320 1906 1365 ι.
1940 1329 1959 1362 ι
1994 1308 2060 1363 Et
2092 1311 2322 1364 iterum:

760 1423 780 1455 ι
820 1404 985 1459 Deum
1025 1405 1117 1471 qui
1151 1412 1203 1457 te
1235 1403 1808 1473 genuit,dercliquisti
1842 1403 1890 1459 ιι.
1935 1423 1953 1455 ι
1996 1403 2058 1456 Et
2093 1404 2159 1458 de
2202 1403 2325 1457 aliis

753 1496 920 1552 rebus
942 1496 1173 1566 loquens
1204 1514 1219 1551 :
1249 1514 1266 1547 ι
1296 1495 1429 1561 Quis
1452 1495 1643 1564 estqui
1670 1495 1857 1563 genuit
1877 1496 2051 1551 stillas
2067 1496 2206 1550 roris
2236 1494 2318 1548 1?.

752 1604 863 1643 nou
896 1604 1029 1643 sane
1061 1596 1308 1642 naturam
1332 1602 1396 1641 ex
1424 1596 1641 1652 natura,
1671 1587 1766 1641 sed
1792 1588 2005 1657 singula
2035 1602 2154 1657 qua:
2182 1586 2324 1641 facta

751 1689 884 1737 sunt
917 1696 983 1736 ex
1018 1681 1138 1749 ejus
1171 1679 1450 1733 voluntate
1509 1688 1629 1731 orta
1664 1693 1789 1733 esse
1822 1678 2128 1733 declarans.
2178 1678 2324 1733 Nihil

750 1770 901 1824 enim
941 1785 1005 1825 ex
1068 1768 1188 1838 ejus
1223 1774 1307 1823 est
1348 1767 1659 1823 substantia
1696 1785 1709 1820 :
1760 1767 1857 1822 scd
1912 1768 2096 1822 omnia
2149 1769 2323 1839 ipsius

749 1862 1031 1916 voluntate
1082 1859 1246 1925 facta,
1303 1859 1378 1913 ita
1416 1875 1475 1915 se
1518 1858 1719 1913 habent
1761 1860 1975 1930 singula
2007 1861 2149 1915 sicut
2182 1860 2322 1916 facta

749 1962 897 2010 sunt.
932 1952 1055 2022 ipse
1084 1952 1228 2007 enim
1260 1949 1401 2007 Deus
1450 1958 1573 2015 est;
1604 1964 1723 2019 quae
1750 1964 1876 2005 vero
1914 1950 1982 2005 ad
2011 1950 2322 2007 similitudi—

747 2061 874 2101 nem
912 2045 1036 2116 ejus
1064 2044 1232 2098 verbo
1262 2040 1467 2098 similia
1490 2048 1622 2096 sunt
1650 2039 1856 2108 futura,
1886 2040 2007 2112 ejus
2043 2042 2322 2097 voluntate

747 2138 893 2192 facta
940 2144 1092 2193 sunt.
1129 2134 1325 2196 Omnia
1365 2139 1545 2189 autem
1606 2147 1702 2201 per
1746 2132 1926 2202 ipsum
1957 2147 1987 2186 a
2030 2132 2137 2189 Deo
2175 2132 2320 2189 facta

746 2239 878 2284 sunt
911 2244 924 2281 :
954 2227 1135 2282 omnia
1167 2226 1403 2294 denique
1430 2239 1493 2278 ex
1526 2222 1659 2277 Deo.
1688 2223 1837 2289 Quas
1868 2232 1925 2277 tu
1956 2224 2199 2281 rationes
2228 2238 2321 2279 ac-

745 2320 977 2390 cipiens,
1011 2333 1075 2373 ac
1104 2332 1204 2388 pro
1247 2315 1513 2371 divinitus
1548 2328 1815 2370 concessa
1847 2316 1945 2371 tibi
1992 2318 2164 2387 gratia
2195 2333 2321 2389 per-

747 2412 981 2481 policns,
1043 2410 1128 2465 fac
1182 2418 1242 2466 ut
1286 2408 1511 2465 domino
1566 2422 1689 2463 meo
1725 2407 2040 2465 Alexandro
2066 2412 2305 2468 scribas.

744 2503 908 2575 754
950 2502 1082 2557 Nam
1115 2515 1440 2572 persuasum
1477 2500 1674 2565 habeo,
1711 2500 1755 2556 si
1792 2502 1860 2554 ad
1888 2501 2039 2555 illum
2085 2504 2319 2572 scripse-

745 2595 849 2658 ris,
881 2604 935 2648 te
958 2610 1081 2648 cum
1116 2593 1184 2649 de
1210 2591 1482 2649 sententia
1502 2591 1865 2664 dejecturum.
1896 2590 2084 2647 Saluta
2127 2608 2318 2650 omnes

766 2702 799 2740 η
841 2686 1091 2740 Domino.

766 2702 799 2740 η
841 2688 1091 2740 Domino.

742 2688 762 2743 ι
798 2754 1081 2811 Valentem
1124 2762 1200 2818 te,
1236 2753 1480 2820 domine,
1526 2767 1590 2807 ac
1621 2768 1721 2823 pro
1755 2754 1915 2810 nobis
1956 2767 2205 2811 orantem
2233 2756 2318 2813 di-

744 2850 870 2903 vina
899 2848 1073 2918 gratia
1104 2846 1399 2901 custodiat.

815 2938 970 2995 Talia
1011 2947 1064 2995 et
1096 2940 1184 2996 isti
1236 2950 1430 2994 mutuo
1480 2939 1623 2996 inter
1664 2954 1725 2995 se
1755 2938 2071 2995 scribebant
2099 2939 2168 2993 ad
2202 2939 2317 2996 bel-

744 3034 859 3088 lum
888 3050 949 3090 se
999 3040 1191 3088 contra
1249 3033 1533 3087 veritatem
1586 3032 1946 3087 instruentes.
1984 3032 2231 3103 Cumque
2258 3032 2315 3087 in

2436 754 2559 809 σθαι
2587 755 2859 822 ὑπόφασίν
2889 756 2934 789 ⁸⁸
2959 775 3081 811 τινα
3114 759 3365 830 παρέχει,
3392 761 3465 824 ὡς
3492 761 3558 816 ἂν
3600 763 3665 816 ἐκ
3694 764 3795 835 τῆς
3819 764 4011 829 οὐσίας

2431 845 2531 915 τῆς
2568 848 2839 917 πατρικῆς
2881 846 3047 901 αὑτὸν
3070 849 3348 916 γεγονότα,
3367 851 3462 903 καὶ
3505 849 3652 921 ἔχειν
3694 854 3759 907 ἐκ
3812 853 4009 908 τούτου

2430 935 2528 1007 τὴν
2554 937 2860 1007 ταυτότητα
2886 937 2985 1005 τῆς
3011 940 3226 1007 φύσεως
3247 957 3259 970 ·
3283 941 3622 1013 γινώσκομεν
3650 944 3724 1008 ὡς
3763 947 3825 998 οὐ
3876 947 4009 1017 mp!

2429 1027 2594 1081 αὑτοῦ
2623 1028 2785 1098 μόνου
2814 1028 2873 1081 τὸ
2899 1030 3153 1099 γεννητὸν
3198 1026 3337 1088 εἶναί
3373 1050 3539 1101 φησιν
3571 1036 3605 1105 ἡ
3627 1036 3839 1107 Γραφὴ,
3866 1038 4007 1090 ἀλλὰ

2422 1114 2525 1172 καὶ
2566 1120 2659 1171 ἐπὶ
2686 1119 2794 1171 τῶν
2829 1120 3095 1189 ἀνομοίων
3147 1122 3295 1191 αὑτῷ
3327 1124 3467 1178 κατὰ
3498 1125 3675 1178 πάντα
3717 1129 3784 1196 τῇ
3817 1126 4000 1195 φύσει.

2428 1213 2537 1266 Καὶ
2592 1213 2701 1282 γὰρ
2756 1214 2840 1267 ἐπ’
2874 1215 3179 1286 ἀνθρώπων
3231 1218 3430 1286 φησίν·
3470 1236 3490 1270 ι
3529 1220 3695 1282 Υἱοῡς
3740 1221 4006 1291 ἐγέννησα

2427 1304 2521 1357 καὶ
2557 1302 2779 1374 ὕψωσαο
2824 1307 2980 1361 αὐτοὶ
3007 1307 3063 1361 δέ
3101 1325 3167 1378 με
3222 1309 3514 1379 ἠθέτησαν.
3565 1330 3584 1362 ι
3619 1312 3759 1365 Καίο
3800 1331 3818 1364 ι
3871 1313 4006 1367 Θεὸν

2425 1394 2517 1446 τὸν
2564 1397 2900 1467 γεννήσαντᾶι
2954 1416 3012 1450 σε
3054 1400 3429 1467 ἐγκατέλιπες.
3474 1419 3491 1453 ι
3529 1404 3640 1456 Καὶ
3668 1406 3725 1456 ἐν
3756 1404 3966 1474 ἑτέροις
3990 1424 4004 1437 ·

2432 1505 2451 1539 ι
2487 1487 2582 1550 Τίς
2599 1487 2668 1553 ⁴⁵,
2698 1489 2870 1560 φησὶ,
2892 1492 2922 1543 ό
2945 1490 3181 1555 τετοκὼς
3220 1490 3407 1561 βόλους
3459 1493 3649 1563 δρόσου
3683 1509 3699 1559 ;
3740 1513 3759 1546 ι
3808 1495 3870 1548 οὐ
3904 1495 4003 1566 τὴν

2426 1578 2587 1648 φύσιν
2614 1579 2679 1632 ἐκ
2704 1580 2803 1652 τῆς
2833 1580 3046 1650 φύσεως
3070 1582 3442 1651 διηγούμενος,
3471 1584 3607 1638 ἀλλὰ
3644 1584 3745 1656 τὴν
3767 1586 3851 1653 ἐφ’
3870 1586 4005 1639 ἐκάη

2427 1686 2535 1741 στῳ
2556 1670 2664 1724 τῶν
2694 1673 3001 1742 γενομένων
3033 1674 3097 1727 ἐκ
3132 1673 3227 1727 τοῦ
3280 1674 3613 1745 βουλήματος
3660 1677 3825 1731 αὑτοῦ
3851 1678 4004 1745 γένε-

2426 1778 2531 1816 σιν.
2586 1762 2751 1817 Οὐδὲν
2785 1764 2893 1834 γάρ
2940 1766 3087 1819 ἐστιν
3120 1768 3184 1819 ἐκ
3219 1768 3319 1836 τῆς
3360 1768 3549 1831 οὐσίας
3599 1768 3797 1822 αὑτοῦ·
3826 1770 4006 1822 πάντα

2356 1826 2395 1880 Β
2424 1852 2480 1906 δὲ
2512 1826 2815 1924 βουλήματι
2858 1826 3023 1908 αὑτοῦ
3072 1826 3340 1925 γενόμενα
3370 1826 3599 1912 ἕκαστον
3643 1859 3715 1922 ὡς
3749 1859 3845 1911 καὶ
3881 1858 4005 1926 ἐγέ-

2426 1943 2547 1998 νετό
2577 1946 2727 1998 ἐστιν
2749 1944 2814 1999 ⁸⁸.
2852 1945 2911 1999 '0
2935 1948 3031 2016 μὲν
3054 1948 3161 2018 γὰρ
3184 1948 3315 2011 Θεός
3338 1965 3353 1980 °
3379 1951 3446 2002 τὰ
3468 1950 3524 2004 δὲ
3546 1950 3683 2018 πρὸς
3709 1951 4005 2019 ὁμοιότητα

2424 2035 2590 2095 αὐτοῦ
2620 2036 2763 2108 λόγῳ
2791 2038 2953 2107 ὃμοια
2973 2040 3226 2109 ἐσόμενα,
3253 2041 3321 2094 τὰ
3342 2041 3399 2093 δὲ
3423 2041 3464 2072 ⁸⁷
3494 2041 3615 2095 καθ’
3637 2042 4004 2112 ἐκουσιασμὸν

2421 2125 2708 2197 γενόμενα.
2745 2125 2827 2180 Τὰ
2856 2127 2914 2180 δὲ
2961 2129 3139 2183 πάντα
3167 2130 3232 2182 δι’
3267 2130 3429 2184 αὑτοῦ
3460 2130 3565 2184 ὑπὸ
3608 2130 3702 2185 τοῦ
3742 2130 3879 2185 Θεοῦ
3908 2150 4005 2201 γε-

2420 2217 2648 2289 νόμενα·
2693 2220 2871 2273 πάντα
2905 2220 2963 2276 δὲ
2997 2222 3061 2275 ἐκ
3097 2221 3191 2275 τοῦ
3228 2221 3384 2277 Θεοῦ.
3445 2225 3623 2296 "Amp
3673 2224 3874 2287 λαϐὼν,
3908 2225 4005 2279 καὶ

2420 2312 2868 2385 ἐξεργασάμενος·
2899 2314 3042 2369 κατὰ
3099 2317 3199 2387 τὴν
3246 2318 3553 2388 προσοῦσάν
3606 2336 3688 2371 σοι
3716 2318 3764 2351 ’⁵³
3817 2318 4003 2373 θεόθεν

2423 2407 2605 2478 χάριν,
2628 2405 2835 2477 γράψαι
2874 2406 2953 2477 τῷ
2983 2407 3217 2478 δεσπότῃ
3257 2410 3416 2478 pou“
3452 2410 3785 2482 Ἀλεξάνδρῳ
3835 2414 4005 2465 σπού-

2420 2498 2603 2553 δασον.
2659 2498 3007 2557 Πεπίστευκα
3044 2499 3155 2570 γὰρ
3187 2500 3263 2562 ὡς
3312 2502 3361 2554 εί
3393 2502 3661 2572 γράψειας
3714 2501 3887 2573 αὐτῷ,
3916 2506 4009 2557 ἐν-

2418 2589 2676 2661 τρέψειας
2704 2590 2885 2645 αὐτόν.
2919 2590 3191 2663 Πρόσειπε
3214 2592 3460 2658 ἅπαντας
3476 2595 3519 2626 ⁸⁰
3553 2594 3678 2659 τοὺς
3708 2596 3766 2649 ἐν
3786 2596 4000 2667 Κυρίῳ.

2502 2746 2846 2817 Ἐρῤωμένον
2885 2763 2945 2799 σε
2990 2750 3086 2804 καὶ
3134 2748 3272 2821 ὑπὲρ
3315 2750 3470 2821 ἡμῶν
3503 2752 3791 2823 εὐχόμενον
3817 2754 3852 2823 ἡ
3882 2752 4003 2807 θεία

2417 2837 2575 2908 χάρις
2604 2837 2977 2907 διαφυλάττοι,
3001 2839 3256 2893 δέσποτα.

2491 2929 2730 2983 Τοιαῦτα
2762 2931 2858 2983 καὶ
2886 2925 3031 2985 οὗτοι
3072 2932 3208 3002 πρὸς
3258 2932 3519 3003 ἀλλήλους
3560 2933 4002 2999 ἐπέστελλον,είς

2418 3020 2510 3074 τὸν
2558 3021 2701 3075 κατὰ
2754 3021 2855 3091 τῆς
2905 3022 3164 3092 ἀληθείας
3223 3023 3672 3094 καθοπλιζόμενοι
3736 3026 3998 3095 πόλεμον,

746 3126 892 3179 hunc
940 3124 1160 3179 modum
1224 3138 1323 3193 per
1376 3122 1595 3194 Egypti
1641 3132 1695 3177 et
1747 3123 1985 3180 Orientis
2040 3122 2317 3180 Ecclesias

2420 3112 2579 3167 Οὓτω
2604 3113 2659 3167 δὲ
2695 3114 2793 3183 τῆς
2824 3113 3169 3185 βλασφημίας
3198 3116 3255 3168 ἐν
3287 3118 3405 3179 ταῖς
3428 3115 3569 3171 κατὰ
3598 3116 3696 3187 τὴν
3725 3118 4003 3185 Αἴγυπτον

743 3229 935 3284 sparsa
965 3224 1113 3270 esset
1141 3213 1499 3283 blasphemia,
1536 3216 1922 3271 contentiones
1963 3218 1982 3241 ⁴
2021 3215 2090 3273 de
2115 3216 2317 3274 divinis

741 3307 1087 3378 dOgmatibus
1117 3322 1419 3377 pugnaeque
1459 3306 1514 3361 in
1564 3306 1799 3379 singulis
1833 3306 2062 3363 urbibus
2094 3314 2148 3363 et
2184 3306 2320 3365 vicis

742 3397 1083 3456 oriebantur.
1116 3396 1384 3466 Reliquus
1407 3410 1537 3451 vero
1578 3394 1814 3467 populus
1854 3409 2039 3449 rerum
2084 3394 2317 3451 istarum

743 3497 1039 3558 spectator,
1103 3488 1385 3559 judexque
1427 3502 1767 3553 sermonum,
1807 3501 1935 3557 pars
1987 3487 2132 3554 istis,
2189 3501 2317 3557 pars

741 3582 865 3637 aliis
893 3581 1134 3648 favebat,
1162 3590 1217 3636 et
1246 3580 1513 3652 tragmdia
1540 3581 1805 3650 luctuque
1833 3580 2009 3651 dignae
2028 3595 2115 3635 res
2136 3587 2316 3636 erant.

743 3673 852 3729 Nec
878 3674 1025 3729 enim
1065 3674 1277 3729 externi
1306 3674 1513 3737 hostes,
1556 3672 1704 3728 sicut
1728 3673 1879 3739 olim,
1915 3670 2189 3728 Ecclesias
2218 3687 2317 3742 op—

741 3767 1083 3836 pugnabant,
1126 3765 1222 3820 sed
1251 3766 1429 3836 gentis
1465 3765 1712 3835 ejusdem
1755 3764 2027 3832 homines,
2080 3766 2318 3837 tectique

742 3858 907 3913 unius
941 3871 1005 3911 ac
1038 3872 1242 3912 mensa:
1290 3857 1607 3927 participes,
1648 3866 1837 3912 contra
1882 3872 1942 3913 se
1979 3857 2081 3928 ipsi
2132 3857 2319 3912 hasta-

742 3963 865 4003 rum
897 3948 1018 4003 loco
1050 3949 1264 4019 linguas
1297 3950 1565 4003 acuebant
1594 3968 1608 4005 :
1657 3950 1768 4006 imo
1802 3965 1951 4014 vero,
2001 3965 2125 4005 cum
2153 3949 2337 4006 unius'

747 4039 852 4110 ipsi
886 4041 1139 4110 corporis
1190 4040 1434 4095 membra
1492 4048 1699 4107 essent,
1736 4041 2027 4097 adversum
2059 4055 2119 4100 se
2166 4041 2316 4117 ipsos

740 4141 929 4190 mutuo
955 4134 1334 4188 armabantur.

1092 4224 1246 4281 CAP.
1279 4226 1369 4281 Vl.
1412 4225 1495 4299 [Β.
1530 4225 1613 4281 St.
1645 4227 1749 4284 Ch.
1782 4226 1847 4281 ν.
1880 4228 1961 4300 7.]

896 4318 1029 4383 Qum
1057 4326 1202 4388 gesta
1239 4318 1342 4371 sint
1364 4319 1416 4375 in
1450 4334 1643 4387 magno
1665 4319 1894 4373 concilio
1927 4318 2167 4374 Nica'no.

811 4409 912 4465 llis
947 4410 1187 4480 cognitis
1228 4411 1675 4480 sapientissimus
1719 4412 2038 4482 imperator,
2076 4413 2313 4483 primum

2419 3205 2515 3258 καὶ
2548 3206 2649 3276 τὴν
2677 3206 2854 3277 Ἐῲαν
2884 3208 3230 3277 Ἑκκλησίαις
3274 3208 3689 3281 διασπαρείσης,
3724 3209 3902 3281 ἔριδες
3945 3212 4003 3263 ἐν

2419 3296 2624 3368 ἑκάστῃ
2647 3296 2799 3350 πόλει
2827 3298 2920 3351 καὶ
2948 3296 3131 3369 κώμῃ,
3159 3299 3304 3351 mi“
3334 3300 3499 3370 μάχαι
3532 3301 3660 3369 περὶ
3699 3299 3808 3351 τῶν
3840 3300 4004 3353 θείων

2418 3389 2704 3459 δογμάτων
2742 3390 3039 3459 ἐγίγνοντο.
3095 3392 3152 3443 Ὀ
3187 3391 3244 3444 δὲ
3286 3392 3468 3456 λοιπὸς
3495 3391 3678 3461 ὅμιλος
3708 3392 3909 3463 θεατὴς
3933 3389 4003 3463 ἦν

2417 3480 2526 3535 τῶν
2550 3481 2910 3550 γιγνομένων,
2947 3483 3041 3535 καὶ
3084 3481 3191 3535 τῶν
3214 3482 3525 3553 λεγομὲνων
3559 3485 3749 3553 κριτής
3783 3501 3796 3515 ·
3833 3484 3999 3537 καὶοί

2422 3572 2520 3642 μὲν
2551 3575 2622 3627 τὰ
2646 3573 2867 3635 τούτων,
2897 3573 2945 3628 οί
2968 3573 3025 3625 δὲ
3055 3574 3122 3628 τὰ
3172 3574 3396 3628 ἐκείνων
3441 3576 3688 3646 ἐπῄνουν,
3714 3573 3809 3627 καὶ
3865 3593 4003 3645 τρα-

2418 3662 2620 3732 γῳδίας
2650 3661 2719 3718 τὰ
2756 3663 3008 3733 δρώμενα
3062 3665 3154 3717 καὶ
3194 3663 3407 3734 θρήνων
3460 3664 3586 3729 ἄξια
3630 3661 3718 3735 ἦν.
3778 3666 3854 3719 Οὐ
3893 3665 4003 3734 γὰρ

2418 3750 2706 3822 ἀλλόφυλοι
2731 3755 2825 3807 καὶ
2849 3753 3115 3824 πολέμιοι,
3153 3754 3402 3825 καθάπερ
3429 3756 3615 3821 πάλαι,
3651 3755 4002 3827 τὰςἙκκλη-

2420 3844 2540 3906 σίας
2564 3842 2943 3912 ἐπολιόρκουν·
2975 3843 3090 3897 ἀλλ’
3120 3844 3378 3914 ὁμόφυλοι
3424 3844 3517 3898 καὶ
3558 3846 3879 3917 ὁμορρόφιοι
3909 3848 4002 3899 καὶ

2417 3934 2780 4006 ὁμοτράπεζοι
2808 3937 2929 3988 κατ’
2959 3935 3204 4007 ἀλλήλων
3227 3936 3348 3990 ἀντὶ
3376 3935 3615 4009 δοράτων
3655 3939 3871 3991 ἐκίνουν
3902 3940 4000 4001 τὰς

2417 4025 2694 4096 γλώττας·
2730 4026 2929 4098 μᾶλλον
2975 4027 3054 4094 δὲ,
3092 4028 3228 4099 μέλη
3278 4030 3520 4100 ἀλλήλων
3567 4030 3718 4092 ὄντες
3740 4070 3753 4094 ,
3788 4032 3886 4082 καὶ
3920 4032 4001 4095 είς

2419 4116 2475 4171 ἓν
2507 4116 2783 4181 τελοῦντες
2822 4118 3001 4189 σῶμα,
3031 4121 3151 4173 κατ’
3175 4120 3418 4187 ἀλλήλων
3464 4120 3760 4187 ὡπλίζοντο

2939 4232 3055 4305 [ει]
3092 4234 3341 4290 ΚΕΦΑΛ.
3379 4237 3471 4303 q'.

2424 4322 2501 4380 Τὰ
2547 4324 2698 4377 κατὰ
2744 4322 2856 4392 τὴν
2879 4326 3156 4395 μεγάλην
3179 4326 3445 4381 σύνοδον
3487 4326 3602 4394 τὴν
3641 4328 3711 4381 ἐν
3751 4330 3993 4393 Νικαίᾳ.

2490 4412 2676 4467 Ταῦτα
2720 4414 2906 4485 μαθὼν
2942 4418 2971 4469 ό
3011 4417 3285 4486 πάνσοφος
3327 4417 3597 4489 βασιλεὺς,
3644 4418 3864 4490 πρῶτον
3895 4422 3999 4491 μὲν

741 4504 964 4575 quidem
1008 4503 1213 4559 fontem
1252 4502 1430 4573 ipsum
1471 4504 1740 4559 malorum
1770 4504 2059 4561 obstruere
2082 4515 2315 4562 conatus

2419 4503 2588 4575 αὐτὴν
2623 4504 2886 4576 ἐπειράθη
2935 4504 3033 4577 τὴν
3080 4505 3190 4561 τῶν
3249 4507 3433 4561 κακῶν
3478 4507 3755 4580 ἐμφράξαι
3784 4510 3997 4581 πηγὴν,

740 4608 844 4664 est,
864 4607 1027 4666 atque
1046 4597 1315 4666 insignem
1340 4595 1629 4666 quemdam
1647 4595 1870 4652 solertia
1887 4597 2063 4652 virum
2083 4597 2317 4654 Alexan—

740 4688 917 4743 driam
943 4703 1068 4743 cum
1108 4688 1311 4744 litteris
1351 4687 1521 4753 misit,
1556 4686 1973 4757 exstinguenda:
2008 4690 2316 4745 contentio-

740 4782 829 4838 nis
873 4780 1077 4845 studio,
1112 4789 1165 4836 et
1217 4795 1317 4851 spe
1369 4779 1805 4835 reducendarum
1838 4779 1907 4833 ad
1957 4780 2313 4835 concordiam

740 4873 1001 4942 partium.
1031 4871 1232 4927 Verum
1265 4872 1354 4927 ubi
1379 4886 1504 4941 spes
1527 4885 1651 4925 eum
1682 4868 1899 4934 fefellit,
1932 4869 2145 4926 celebre
2178 4870 2312 4926 illud

741 4964 883 5034 apud
906 4963 1143 5020 Nicaeam
1172 4964 1468 5022 concilium
1496 4963 1695 5033 coegit,
1714 4962 2074 5032 venturisque
2100 4962 2314 5033 episco-

739 5058 847 5127 pis,
882 5068 936 5113 et
963 5073 1152 5113 eorum
1200 5056 1523 5121 comitibus,
1561 5055 1809 5125 publicos
1849 5055 2055 5121 asinos,
2107 5056 2305 5122 mulas,

817 5174 828 5225 ἱ
869 5174 976 5232 lsa.
1006 5177 1118 5243 1,5.
1197 5177 1222 5222 ι
1255 5175 1408 5235 Deut.
1444 5189 1615 5240 xxxii,
1643 5173 1733 5231 l8.
1819 5174 1834 5216 ι
1864 5170 1968 5229 Job
1991 5188 2223 5239 xxxviii,
2255 5173 2346 5229 28.

2416 4596 2509 4650 καί
2535 4613 2657 4650 τινα
2689 4597 2797 4651 τῶν
2823 4597 2911 4650 ἐπ’
2952 4598 3205 4671 ἀγχινοίᾳ
3234 4598 3570 4671 περιϐοήτων
3607 4603 3687 4663 εἰς
3712 4602 3811 4672 τὴν
3834 4603 3996 4655 Ἀλε-

2414 4687 2696 4758 ξάνδρειαν
2756 4688 2895 4759 μετὰ
2932 4689 3281 4761 γραμμάτων
3326 4692 3635 4757 ἀπέστειλε,
3669 4692 3862 4746 σϐέσαι
3892 4696 3999 4765 τὴν

2412 4781 2528 4852 ἔριν
2570 4781 2931 4853 πειρώμενος,
2976 4784 3071 4837 καὶ
3102 4782 3163 4837 τὸ
3194 4785 3482 4850 στασιάζον
3534 4788 3863 4854 συναγαγεῖν
3912 4790 3998 4851 είς

2413 4876 2666 4947 ὁμόνοιαν
2692 4877 3027 4948 προσδοκῶν.
3044 4879 3264 4950 Ἐπειδὴ
3281 4880 3337 4933 δὲ
3363 4881 3460 4951 τῆς
3490 4881 3701 4945 ἐλπίδος
3726 4881 3995 4952 ἐψεύσθη,

2411 4967 2512 5039 τὴν
2550 4967 2983 5040 πολυθρύλλητον
3034 4971 3249 5041 ἐκείνην
3264 4970 3310 5002 δ’
3342 4972 3422 5035 είς
3449 4972 3550 5041 τὴν
3576 4972 3829 5025 Νικαέων
3870 4989 3999 5027 συν-

2416 5061 2606 5131 ήγειρε
2655 5060 2872 5117 σύνοδον
2900 5101 2913 5125 ,
2946 5061 3226 5131 δημοσίοις
3272 5062 3417 5125 ὄνοις
3475 5063 3567 5116 καὶ
3616 5065 3863 5133 ἡμιόνοις
3899 5069 3999 5118 καὶ

2000 5264 2236 5321 VARUE
2272 5266 2677 5325 LEC'HONES.

838 5363 884 5393 ⁸⁵
938 5365 1221 5419 ὑπόϐασιν.
1280 5364 1459 5434 Aliqui
1503 5362 1725 5434 Niceph.
1761 5362 1931 5419 codd.

744 5573 908 5630 llecte
946 5573 1061 5645 eas:
1097 5573 1488 5645 expungendus

740 5656 971 5714 utroque
1034 5644 1352 5699 Basileensi.

740 5713 1050 5791 gliristoplt.
1092 5724 1141 5773 ct
1183 5715 1441 5787 Scaliger.
1522 5716 1567 5747 ⁸ο
1596 5718 1821 5778 πάντας.
1859 5713 1978 5771 llas.
2012 5713 2133 5778 GL,
2171 5715 2382 5788 Stepln,
2424 5717 2645 5791 Niceph.
2726 5720 2765 5748 "‘
2804 5713 2895 5771 καὶ
2938 5719 3085 5774 abest
3128 5734 3154 5771 a
3194 5713 3442 5775 Bas'Gr.

743 5782 934 5857 Steph.

2024 5362 2069 5395 “
2102 5361 2156 5418 τί
2210 5365 2816 5439 φησᾷιλνς-Νἰεςρίιοιιιιε.
2870 5366 3247 5439 citatorum)?"
3282 5368 3387 5439 τὲς,
3442 5379 3556 5437 post
3602 5370 3732 5437 gnat
3776 5381 3997 5439 ponunt

740 5433 912 5506 lla_sil_.
950 5434 1043 5506 Gr.
1098 5444 1153 5490 et
1190 5432 1399 5504 Steph.‘
1452 5435 1495 5506 ξε
1521 5432 1668 5487 ἐστιν
1717 5434 1871 5506 abest
1917 5432 1997 5506 ab
2035 5432 2282 5506 utroque
2316 5434 2507 5499 Basi|.,
2550 5432 2772 5506 Niceph.
2804 5447 2856 5492 et
2894 5437 3089 5506 Epiph.
3131 5436 3403 5493 Scholast.

739 5504 833 5577 τώ
866 5504 1001 5558 Θεοῦ
1038 5502 1306 5577 γενόμενα
1356 5504 1564 5577 omissa
1616 5502 1783 5577 apud
1815 5502 2041 5577 Niceph.
2088 5504 2272 5577 Prima
2328 5509 2494 5577 verba
2535 5506 2606 5577 τὰ
2649 5508 2677 5558 δ

1532 5572 1685 5643 putat
1715 5572 1803 5626 W.
1839 5573 2047 5647 Lowth.
2109 5575 2249 5647 Κατῖ
2295 5576 2592 5647 οὖσιασμὸν
2647 5578 2879 5631 habebnt
2954 5572 3144 5647 Steph.
3188 5579 3397 5631 vitiose.

1455 5646 1496 5677 δ’
1525 5662 1666 5719 μου,
1716 5646 1891 5719 (μηνίΔ
1922 5646 2108 5719 aberat
2162 5660 2201 5719 at
2241 5645 2363 5719 Bas.
2406 5646 2603 5719 (_3_r:cc.,
2636 5658 2686 5701 et
2739 5647 2926 5716 Steph.
2973 5645 3171 5700 habent
3198 5647 3412 5719 rEp'tpll.
3464 5648 3672 5710 Schul.,
3729 5649 3994 5719 Nin‘plt.,

3492 5440 3533 5470 ⁸⁷
3582 5442 3649 5491 τὰ
3688 5439 3742 5491 δὲ
3779 5469 3849 5480 ο·-
3882 5444 3998 5495 ὑπὸ

2754 5510 2805 5560 in
2865 5508 3002 5578 Hist.
3056 5509 3324 5577 tripertita
3384 5524 3642 5578 expressa
3710 5510 3994 5571 leguntur.

3474 5580 3519 5612 ιθ
3568 5596 3649 5630 σοι
3710 5579 3866 5634 :tln‘st
3920 5584 3998 5636 ab

3543 5722 3588 5749 ³⁸
3620 5720 3814 5790 πιστὴν
3840 5725 3998 5783 addit
