4206 6450
208 370 311 437 917

1200 381 1787 457 ECCLESIASTICIE
1826 381 2209 444 HISTORI/E
2242 386 2389 446 LIB.
2431 388 2458 445 ῐ

3367 399 3474 466 918

206 481 402 580 όρεῦσι
425 483 523 539 καὶ
573 486 760 553 ῐπποις
796 490 1101 580 χρήσασθαι
1135 496 1262 559 τοὺς
1301 496 1659 560 ἐπισκόπους,
1693 494 1787 548 καὶ

1892 492 2183 566 mulosque
2215 504 2270 551 et
2301 512 2472 567 equos
2493 500 2843 570 usurpandos
2866 500 3117 559 indulsit.
3144 502 3305 576 755
3325 506 3479 564 Post-

208 574 333 636 τοὺς
350 573 454 629 σὺν
474 576 690 643 τούτοις
724 573 1156 654 ἀφικνουμένους
1188 586 1603 657 παρεγγυήσας.
1623 587 1797 640 Ἔπει·

210 664 272 735 δὴ
295 664 355 718 δὲ
379 665 753 742 ἡθροίσθησαν
766 674 879 727 ὅσοι
900 673 999 746 τῆς
1013 676 1318 747 ὁδοιπορίας
1334 678 1425 731 τὸν
1453 678 1616 732 πόνον
1645 680 1797 746 ἐνεγ-

207 756 327 808 κεῖν
351 756 721 832 ἠδυνήθησαν,
744 764 973 835 ἀφίκετο
1006 768 1101 822 καὶ
1134 768 1295 833 αὐτὸς
1316 771 1396 835 είς
1418 769 1517 841 τὴν
1538 769 1583 823 Ν
1593 769 1794 834 ίκαιαν,

210 848 341 903 ίδεῖν
368 866 433 903 τε
460 853 561 924 τὴν
591 854 701 908 τῶν
749 857 1051 931 ἀρχιερέων
1106 861 1315 934 πληθὺν
1345 863 1630 934 ἐφιέμενος
1655 904 1670 929 ,
1706 862 1798 916 καὶ

205 938 306 1008 τὴν
336 938 594 1010 ὁμόνοιαν
627 945 810 1011 αὐτοῖς
842 950 1213 1019 πρυτανεῦσαι
1238 951 1419 1007 ποθῶν
1443 969 1456 983 ·
1491 953 1585 1007 καὶ
1614 948 1796 1025 παρα-

207 1030 404 1100 χῄμα
461 1035 636 1091 πάντα
688 1039 936 1107 ἀφθόνως
987 1043 1171 1108 αὐτοῖς
1219 1045 1569 1116 χορηγεῖσθαι
1628 1062 1798 1117 προσ-

205 1122 425 1190 ἐταξεν.
469 1126 871 1186 Ὅκτωκαίδεκα
922 1134 979 1188 δὲ
1028 1136 1121 1188 καὶ
1183 1137 1484 1208 τριακόσιοι
1535 1137 1799 1209 συνῆλθον

204 1216 508 1286 ἀρχιερεῖς.
550 1222 606 1274 '0
638 1222 693 1276 δὲ
741 1227 837 1295 τῆς
876 1226 1112 1299 Ῥώμης,
1144 1229 1232 1282 διὰ
1283 1231 1455 1301 γῆρας
1494 1231 1796 1304 ἀπελείςρθη

207 1308 350 1376 βαθύ
379 1311 500 1363 ’δύο
526 1314 703 1384 μέντοι
737 1318 1144 1389 πρεσϐυτέρους
1175 1322 1483 1385 ἀπέστειλε,
1514 1314 1799 1377 συνθέσθαι

204 1402 322 1464 τοῖς
364 1405 764 1474 πραττομένοις
803 1412 1196 1483 παρεγγυήσας
1237 1409 1520 1469 ⁸³..Ἷὶσαν
1560 1415 1616 1469 δὲ
1679 1417 1798 1469 κατ’

207 1491 422 1545 ἐκεῖνον
470 1494 560 1546 τὸν
612 1497 821 1567 χρόνον,
860 1500 1045 1554 πολλοὶ
1074 1504 1171 1574 μὲν
1222 1506 1599 1570 ἀποστολικοῖς
1647 1507 1801 1579 χαρί-

210 1598 389 1649 σμασι
452 1583 885 1657 διαπρέποντες·
926 1593 1112 1646 πολλοὶ
1158 1594 1215 1647 δὲ
1261 1596 1327 1648 τὰ
1384 1597 1655 1668 στίγματα
1707 1597 1800 1652 τοῦ

209 1675 423 1745 Κυρίου
437 1676 634 1747 Ἰησοῦ,
670 1682 810 1735 κατὰ
842 1683 933 1738 τδν
961 1684 1103 1739 θεῖον
1137 1686 1476 1753 Ἀπόστολον,
1508 1693 1564 1744 ἐν
1594 1691 1666 1763 τῷ
1694 1690 1800 1744 σώ-

212 1783 348 1831 ματι
373 1768 650 1839 φέροντες.
690 1774 944 1840 Ἰάκωϐος
989 1780 1085 1850 μὲν
1118 1781 1223 1852 γὰρ
1259 1783 1289 1835 6
1331 1782 1658 1853 ’Λντιοχείας
1700 1784 1798 1855 τῆς

211 1856 550 1928 Μυγδονίας,
580 1863 741 1937 Σύροι
796 1868 851 1921 δέ
902 1871 1071 1942 αὐτὴν
1125 1874 1218 1927 καὶ
1272 1874 1543 1947 Ἀσσύριοι
1576 1876 1791 1931 Νίσιϐιν

208 1948 564 2018 ὀνομάζουσι,
590 1956 683 2007 καὶ
707 1959 930 2029 νεκροὺς
974 1961 1253 2034 ἀνέστησε,
1283 1965 1375 2019 καὶ
1426 1966 1483 2019 ἐν
1514 1968 1625 2030 τοίς
1658 1964 1791 2029 ζῶσι

210 2040 494 2108 συνέταξε,
535 2045 631 2099 καὶ
664 2047 798 2102 ἄλλα
831 2051 1001 2123 μυρία
1051 2054 1345 2123 εἰργάσατο
1382 2055 1655 2128 θαύματα,
1690 2057 1793 2114 δ’*

208 2133 470 2200 περιττὸν
505 2136 745 2209 ἡγοῦμαι
776 2141 903 2213 τῇδε
935 2144 1097 2198 πάλιν
1124 2145 1354 2201 ἐνθεῖναι
1383 2150 1448 2220 τῇ
1476 2153 1788 2222 συγγραφῇ,

207 2223 265 2274 ἐν
286 2223 332 2255 ³³
353 2228 420 2295 τῇ
449 2226 686 2299 Φιλοθέῳ
712 2232 882 2288 ταῦτα
905 2234 1304 2309 διηγησάμενος
1328 2240 1555 2313 ίστορία.
1581 2240 1791 2306 Παῦλος

205 2314 263 2368 δὲ
296 2316 326 2369 ὀ
360 2317 1106 2399 Νεοκαισαρείαςί(φρούριον
1137 2330 1192 2384 δὲ
1240 2331 1396 2385 τοῦτο
1424 2336 1543 2394 ταῖς
1564 2334 1656 2388 τοῦ
1686 2334 1790 2388 Εὐ-

206 2408 421 2478 φράτου
457 2417 860 2488 παρακείμενον
887 2420 1117 2492 ὄχθαις),
1142 2424 1239 2494 τῆς
1265 2426 1532 2479 Λικιννίου
1568 2443 1792 2498 παραπ-

205 2500 412 2570 ήλαυσε
437 2502 654 2577 λύττης.
685 2510 886 2581 Ἀμρω
916 2513 1021 2585 γὰρ
1037 2510 1103 2587 ἦν
1126 2514 1201 2569 τὼ
1223 2519 1367 2589 χεῖρε
1398 2518 1787 2590 πεπεδημένος,

206 2594 437 2667 σιδήρου
494 2606 997 2677 πεπυρακτωμένον
1043 2610 1438 2680 προσϐαλόντος
1499 2613 1688 2667 αὐταῖν
1714 2615 1789 2679 ⁸⁸,

206 2688 300 2741 καὶ
342 2690 411 2743 τά
441 2695 694 2763 κινητικὰ
721 2697 828 2750 τῶν
860 2700 1076 2771 ἄρθρων
1106 2703 1270 2774 νεῦρα
1299 2706 1673 2769 συστείλαντος
1701 2708 1793 2760 καὶ

207 2781 609 2849 νεκρώσαντος.
660 2787 875 2860 Ἕτεροι
920 2791 976 2844 δὲ
1026 2794 1447 2865 όρωρυγμὲνους
1496 2792 1640 2868 εἶχον
1670 2799 1793 2862 τοὺς

202 2870 419 2937 δεξιοὺς
447 2876 793 2947 ὀφθαλμούςο
822 2879 969 2935 ἄλλοι
1003 2884 1059 2937 δὲ
1099 2886 1196 2949 τὰς
1232 2888 1473 2955 ἀγκύλας
1525 2890 1791 2962 ἐκκεκομ-

211 2963 371 3031 μένοι
404 2965 506 3029 τὰς
554 2966 752 3032 δεξιάς.
788 2966 882 3034 Εἷς
922 2973 1127 3029 τούτων
1172 2972 1238 3047 ἦν
1282 2979 1614 3047 Παφνούτιος
1647 2982 1675 3034 6
1702 2982 1788 3034 Al-

203 3052 459 3121 γύπτιος.
493 3058 602 3110 Καὶ
640 3060 976 3128 ἁπαξαπλῶς
1019 3060 1086 3136 ἦν
1124 3066 1248 3121 ίδεῖν
1286 3068 1457 3139 δῆμον
1503 3070 1794 3142 μαρτύρων

1905 599 2070 655 quam
2101 596 2281 644 autem
2314 592 2632 662 congregati
2678 601 2807 649 sunt
2855 609 3068 662 omnes,
3117 598 3211 667 qui
3264 597 3477 656 itineris

1905 677 2186 735 molestias
2242 681 2387 740 ferre
2443 691 2761 755 potuerant,
2808 684 2927 755 ipse
2966 703 3187 759 quoque
3244 687 3478 744 Nicaeam

1904 769 2071 836 venit,
2113 778 2227 824 tum
2252 771 2636 843 episcoporum
2697 764 3108 835 multitudinem
3148 778 3347 836 videre
3385 794 3482 833 cu-

1902 859 2084 930 piens,
2122 868 2237 917 tum
2269 877 2460 931 pacem
2493 865 2637 921 inter
2681 866 2807 922 illos
2842 873 2897 921 et
2931 868 3282 935 concordiam
3325 884 3480 925 eom-

1900 966 2104 1020 ponere
2129 973 2144 1010 :
2177 955 2476 1027 statimque
2498 958 2680 1013 omnia
2704 959 2814 1015 illis
2844 958 3049 1015 affatim
3070 960 3480 1017 subministrari

1900 1042 2087 1113 jussit.
2117 1046 2371 1102 Trecenti
2412 1048 2601 1105 decem
2644 1059 2697 1105 et
2750 1058 2875 1107 octo
2908 1052 3150 1124 episcopi
3206 1067 3480 1109 convene-

1900 1143 2046 1189 rant.
2076 1136 2357 1196 Romanus
2378 1148 2561 1197 autem
2589 1151 2810 1212 prapter
2837 1146 3117 1200 summam
3144 1153 3481 1201 senectutem

1902 1226 2022 1297 ipse
2066 1228 2286 1298 quidem
2326 1246 2434 1286 non
2462 1230 2656 1297 adfuit,
2694 1233 2787 1287 sed
2818 1234 3166 1305 presbyteros
3212 1235 3350 1291 duos
3380 1234 3481 1288 mi-

1901 1317 1975 1373 sit
2003 1333 2128 1374 cum
2169 1329 2439 1390 potestate
2464 1325 2605 1380 actis
2639 1325 2999 1380 assentiendi.
3034 1324 3201 1397 Erant
3228 1342 3292 1382 eo
3337 1334 3480 1381 tem-

1901 1424 2034 1479 pore
2068 1412 2225 1466 multi
2272 1415 2593 1483 apostolicis
2644 1416 2808 1472 donis
2852 1419 3183 1490 excellentes
3248 1434 3260 1471 :
3321 1418 3478 1472 multi

1900 1500 2084 1566 etiam,
2113 1503 2205 1573 qui
2244 1505 2496 1576 stigmata
2537 1504 2749 1562 Domini
2790 1506 2944 1575 Jcsu,
2975 1516 3032 1562 ut
3079 1510 3302 1566 divinus
3339 1509 3481 1579 Apoc

1903 1595 2101 1662 stolus,
2126 1598 2183 1653 in
2213 1613 2449 1669 corpore
2480 1601 2792 1670 gestabant.
2824 1600 3067 1657 Iacobus
3107 1604 3253 1660 enim
3287 1602 3479 1655 Antio-

1902 1685 2042 1741 chiae
2078 1686 2401 1760 Mygdoniae,
2437 1705 2602 1760 quam
2643 1689 2767 1762 Syri
2799 1698 2852 1746 et
2880 1692 3091 1762 Assyrii
3119 1691 3344 1745 Nisibim
3379 1706 3476 1744 vo-

1904 1785 2052 1841 cant,
2122 1780 2437 1850 episcopus,
2478 1790 2526 1836 et
2579 1791 2829 1839 mortuos
2875 1784 3185 1847 suscitavit,
3240 1784 3478 1853 vitaeque

1900 1871 2452 1940 restituit,etinlinita
2488 1875 2592 1930 alia
2627 1876 2792 1931 edidit
2821 1877 3107 1944 miracula,
3142 1891 3264 1947 quae
3283 1891 3480 1947 super-

1889 1976 2188 2020 vaeaneum
2209 1963 2350 2020 duco
2389 1965 2584 2021 iterum
2611 1968 2737 2024 buie
2767 1968 2910 2024 libro
2935 1968 3198 2035 inserere,
3223 1982 3348 2024 eum
3370 1966 3479 2023 sint

1891 2066 1921 2107 a
1939 2068 2024 2109 me
2043 2054 2098 2110 in
2126 2054 2379 2121 historia,
2405 2072 2528 2127 qute
2548 2057 2867 2117 Philotheus
2882 2060 3221 2124 inscribitur,
3243 2074 3479 2115 comme-

1888 2155 2120 2202 morata.
2146 2147 2346 2206 Paulus
2377 2165 2504 2205 vero
2532 2150 2894 2209 Neocaesareae
2914 2151 3158 2225 (castello
3176 2153 3260 2207 ‘id
3282 2166 3477 2208 nomen

1888 2246 1972 2293 est
1996 2238 2063 2293 ad
2094 2239 2384 2311 Euphratis
2407 2232 2553 2314 ripas
2577 2244 2794 2315 posito),
2825 2243 3018 2300 Licinii
3047 2246 3253 2301 rabiem
3285 2260 3476 2315 exper-

1891 2335 1979 2386 tus
2010 2337 2114 2385 est.
2146 2329 2333 2387 Ambae
2367 2332 2442 2386 illi
2478 2348 2676 2389 manus
2696 2334 2989 2391 debilitatae
3038 2334 3287 2405 fuerant,
3328 2336 3476 2391 ferro

1891 2421 2159 2479 candente
2176 2422 2284 2481 illis
2302 2424 2544 2491 admoto,
2569 2426 3042 2498 articulorumque
3064 2428 3248 2484 nervis
3269 2435 3475 2483 motum

1892 2516 2163 2573 cientibus
2193 2518 2495 2574 contractis
2538 2525 2592 2574 et
2625 2520 2855 2575 enectis.
2890 2519 2995 2574 Alii
3030 2520 3255 2577 dextros
3284 2521 3477 2576 oculos

1892 2607 2169 2664 habebant
2190 2609 2420 2667 eIIossos
2458 2629 2471 2665 :
2516 2610 2605 2665 alii
2651 2610 2874 2667 dextros
2915 2612 3147 2683 poplites
3206 2612 3474 2671 succisos.

1892 2714 2124 2769 quorum
2158 2714 2188 2755 e
2217 2714 2445 2759 numero
2498 2698 2599 2754 fuit
2648 2698 2998 2771 Paphnutius
3036 2699 3346 2772 Egyptius.
3403 2701 3477 2756 Ad

1893 2804 2163 2844 summam
2210 2789 2287 2845 ibi
2321 2790 2504 2847 videre
2538 2798 2656 2846 erat
2712 2802 3015 2863 martyrum
3068 2790 3474 2847 multitudinem

1892 2882 1945 2937 in
1977 2898 2145 2937 unum
2175 2892 2444 2939 coactam.
2480 2883 2663 2954 Neque
2702 2891 2881 2939 tamen
2935 2885 3269 2940 adversariis
3300 2884 3478 2939 caruit

1892 2973 2112 3029 divinus
2132 2981 2186 3029 et
2205 2975 2439 3031 celebris
2472 2976 2559 3031 hic
2586 2985 2761 3033 coetus
2788 2994 2801 3032 :
2833 2978 2926 3033 sed
2957 2976 3180 3033 adfuere
3205 2977 3473 3043 nonnulli,

1896 3049 2061 3138 756
2096 3067 2257 3138 pauci
2296 3066 2517 3138 quidem
2548 3083 2808 3135 numero,
2846 3076 2901 3124 at
2953 3069 3189 3135 subdoli,
3230 3069 3473 3125 brevium

203 3146 350 3199 κατὰ
407 3148 606 3203 ταυτὸν
673 3153 1145 3226 συνηθροισμένον.
1200 3160 1314 3213 Οὐκ
1349 3156 1416 3233 ἦν
1460 3161 1506 3215 δ’
1564 3162 1791 3235 ἄμοιρος

1897 3160 2068 3216 instar
2096 3176 2317 3231 pravam
2350 3170 2582 3217 mentem
2613 3161 2976 3227 occultantes,
3006 3161 3190 3217 etArii
3215 3161 3476 3232 blasphe-

200 3238 359 3307 ὅμως
384 3239 495 3292 τῶν
534 3242 789 3298 ἐναντίων
828 3249 855 3299 6
894 3248 1033 3313 θεῖος
1067 3247 1221 3316 οὗτος
1249 3254 1344 3306 καὶ
1377 3253 1619 3324 ἀοίδιμος
1668 3258 1790 3326 ὅμι-

202 3326 325 3389 λος·
362 3328 480 3381 ἀλλ’
526 3326 669 3403 ἦσάν
717 3353 881 3403 τινες,
935 3339 1290 3414 εὐαρίθμητοι
1309 3342 1354 3373 ⁵⁷
1388 3343 1525 3414 μὲν,
1568 3344 1789 3400 ῦπουλοι

201 3418 280 3483 δὲ,
315 3421 412 3473 καί
445 3422 514 3476 τὰ
564 3425 741 3497 βράχη
758 3427 803 3459 ⁸³
840 3430 1161 3502 μιμούμενοι
1190 3433 1325 3507 ['25],
1359 3438 1452 3490 καὶ
1497 3439 1597 3509 τὴν
1626 3456 1792 3511 πονη-

203 3511 330 3582 ρίαν
372 3513 758 3585 καλύπτοντες,
792 3521 883 3573 καὶ
914 3525 1031 3587 ταῖς
1078 3525 1285 3596 ’Λρείου
1327 3527 1698 3600 βλασφημίαις
1730 3534 1788 3586 ού

202 3605 504 3675 προφανῶς
530 3624 659 3680 συνη
670 3611 977 3682 γοροῦντες.
998 3616 1437 3687 Συνεληλυοότων
1458 3621 1514 3675 δὲ
1548 3622 1785 3691 πάντων,

199 3689 353 3747 οἷκον
394 3696 649 3765 μέγιστον
689 3701 748 3755 ἐν
794 3704 905 3765 τοῖς
961 3704 1248 3784 βασιλείοις
1278 3711 1610 3782 ηὑτρὲπισεν
1639 3715 1665 3767 6
1693 3713 1789 3784 βα-

201 3784 409 3849 σιλεὺς,
447 3786 624 3859 βάθρα
661 3793 754 3844 καὶ
782 3793 1006 3865 θρόνους
1047 3798 1129 3851 ὅτι
1160 3777 1400 3869 μάλιστα
1417 3777 1704 3870 πλείστους
1732 3806 1789 3859 ἐν

200 3968 458 4037 γρῶντας
486 3973 530 4004 ⁸³
565 3974 825 4047 συλλόγῳ.
854 3981 1010 4051 Οιῦτω
1040 3984 1099 4035 τὸ
1128 3984 1333 4055 πρέπον
1379 3987 1560 4052 αὐτοῖς
1598 3991 1785 4061 εὑτρε-

199 4058 374 4122 πίσας
430 4061 621 4132 γέρας,
651 4066 911 4136 εἰσελθεξν
963 4089 1021 4123 τε
1054 4074 1341 4143 ἐπέτρεψε,
1384 4078 1473 4129 καὶ
1520 4080 1787 4151 περὶτῶν

200 4153 585 4221 προκειμένων
618 4156 1026 4225 βουλεύσασθαι.
1058 4165 1379 4237 Εἰσελήλυοε
1411 4168 1464 4221 δὲ
1502 4174 1593 4223 καὶ
1628 4173 1788 4238 αὐτὸς

200 4243 434 4312 ἔσχατος
457 4245 555 4297 σὺν
586 4247 803 4315 ὀλίγοις,
834 4252 1148 4315 ἀξιέπαινον
1172 4258 1268 4326 μὶν
1290 4258 1428 4328 ἔχων
1448 4261 1507 4314 τὸ
1536 4263 1782 4331 μέγεθος,

200 4335 537 4401 ἁξιάγαςτον
561 4338 614 4392 δὲ
638 4341 735 4410 τὴν
755 4342 922 4412 ὤραν,
942 4345 1393 4421 θαυμασιωτέραν
1419 4353 1475 4406 δὲ
1498 4354 1595 4425 τὴν
1608 4356 1653 4387 ⁶⁰
1676 4359 1788 4420 τοῖς

201 4424 485 4492 μετώποις
525 4431 937 4505 ἐπικαθημένην
981 4438 1134 4494 αἰδῶ.
1187 4441 1389 4513 Θρόνου
1442 4443 1499 4499 δὲ
1552 4424 1786 4518 σμικροῦ

1893 3251 2019 3307 miis
2045 3267 2153 3308 non
2185 3261 2368 3323 aperte
2398 3254 2823 3324 patrocinantes.
2855 3251 3042 3324 Itaque
3062 3267 3184 3307 eum
3230 3253 3474 3307 unlversi

1892 3344 2301 3412 convenissent,
2337 3346 2516 3400 aulam
2551 3346 2660 3403 illis
2689 3347 2982 3401 maximam
3016 3346 3069 3400 in
3101 3345 3307 3416 palatio
3338 3359 3474 3413 prm-

1893 3438 2104 3505 paravit
2132 3438 2447 3507 imperator,
2477 3439 2529 3492 in
2565 3454 2740 3510 eaque
2772 3439 2930 3497 sedes
2953 3437 3387 3509 quamplurimas
3421 3443 3474 3491 et

1895 3531 2177 3597 subsellia,
2217 3546 2338 3601 qua:
2386 3532 2771 3602 episcoporum
2819 3546 3052 3587 numero
3098 3530 3234 3586 satis
3266 3538 3472 3593 essent,

1894 3623 2061 3678 locari
2086 3624 2273 3694 jussit.
2299 3622 2480 3693 Atque
2508 3624 2580 3677 ita
2623 3623 2741 3677 loco
2772 3623 2906 3694 ipsis
2953 3621 3257 3677 honorifice
3287 3621 3474 3690 dispo-

1894 3718 2020 3781 sito,
2065 3716 2273 3772 intrare
2309 3715 2587 3787 prtecepit,
2638 3724 2693 3771 et
2732 3716 2799 3772 de
2837 3731 2893 3771 re
2927 3715 3206 3787 proposita
3250 3715 3473 3769 consul-

1830 3872 1833 3876 .
1895 3816 2033 3866 tare.
2064 3807 2184 3879 Ipse
2214 3824 2437 3879 quoque
2464 3823 2587 3863 eum
2632 3809 2822 3880 paucis
2866 3818 3176 3879 postremus
3224 3807 3467 3863 omnium

199 3877 379 3948 τούτῳ
412 3879 633 3952 τεθῆναι
683 3885 979 3953 κελεύσας,
1020 3891 1098 3961 τῷ
1150 3893 1258 3945 τῶν
1308 3896 1608 3967 ἀρχιερέων
1656 3900 1788 3954 ἀπο-
1845 3898 1847 3901 ’

1892 3900 2172 3970 ingressus
2204 3907 2308 3961 est,
2332 3900 2663 3968 proceritate
2692 3901 2942 3971 corporis
2985 3900 3321 3971 spectabilis,
3354 3899 3465 3955 for-

1894 4003 2090 4059 maque
2128 3990 2345 4059 egregia
2374 3996 2427 4043 et
2457 3988 2695 4052 amabili,
2733 3990 2824 4044 sed
2874 3990 3082 4060 pudore
3128 3990 3221 4060 qui
3258 3989 3313 4043 in
3346 3990 3466 4059 ejus

1894 4081 2044 4136 vultu
2067 4080 2338 4137 insidebat
2370 4081 2541 4151 magis
2565 4080 2884 4136 admirando
2918 4096 3226 4151 :parvaque
3246 4081 3379 4136 sella
3414 4080 3468 4134 in

1892 4172 2071 4229 medio
2105 4173 2303 4242 posita,
2353 4188 2476 4227 cum
2507 4174 2609 4229 hoc
2646 4175 2748 4230 sibi
2805 4173 3044 4243 permitti
3096 4174 3166 4229 ab
3197 4166 3471 4244 episeopis

1892 4266 2243 4335 postulasset,
2278 4266 2330 4319 in
2348 4282 2411 4320 ea
2455 4268 2677 4334 resedit,
2709 4276 2870 4337 atque
2896 4284 2999 4321 una
3031 4269 3292 4338 cumipso
3324 4277 3470 4322 totus

1895 4357 1985 4411 ille
2011 4357 2237 4413 divinus
2279 4369 2458 4414 cmtus
2490 4362 2695 4428 pariter
2742 4360 3008 4415 consedit.
3048 4359 3111 4413 Et
3169 4374 3296 4413 mox
3345 4369 3470 4413 ante

1890 4448 2027 4503 alios
2057 4464 2288 4518 magnus
2321 4448 2660 4519 Eustathius,
2694 4450 2760 4505 ad
2810 4449 3065 4507 Ecclesia:
3120 4451 3469 4506 Antiochenaa

196 4521 453 4585 τεθέντος
481 4524 538 4575 ἐν
577 4524 729 4596 μέσῳ
768 4530 1089 4598 κεκάθικεν,
1123 4534 1412 4606 ἐπιτρέψαι
1455 4539 1611 4593 τοῦτο
1662 4544 1787 4606 τοὺς

1892 4538 2206 4593 cathedram
2238 4555 2411 4610 nuper
2431 4550 2651 4596 evectus
2683 4542 2903 4612 (quippe
2925 4558 3109 4612 quem,
3129 4541 3467 4612 Pliilogonin,

197 4613 540 4678 ἐπισκόπους
570 4618 800 4689 αίτήσας
830 4637 843 4651 ο
884 4623 983 4676 σὺν
1012 4625 1159 4696 αὐτῷ
1199 4626 1256 4680 δὲ
1286 4631 1379 4682 καὶ
1407 4629 1551 4696 ἄπας
1591 4634 1618 4686 ό
1646 4633 1789 4700 θεῖος

198 4707 411 4767 ἐκεῖνος
436 4707 705 4781 ἐκαθέσθη
736 4714 912 4781 χορός.
951 4716 1268 4785 Παραυτίκα
1299 4720 1355 4774 δὲ
1382 4723 1595 4792 πρῶτος
1628 4726 1656 4778 ό
1689 4727 1787 4796 μέ-

202 4814 301 4862 γας
327 4798 805 4875 Εὐστάθιος,ὁτῆς
821 4806 1134 4879 Ἀντιοχέων
1165 4812 1492 4884 Ἐκκλησίας
1522 4815 1619 4887 τὴν
1652 4835 1786 4888 προ-

202 4889 399 4981 εδρῖανῗ
441 4890 622 4961 λαχών
664 4910 677 4924 ·
719 4897 1022 4965 Φιλογόνιος
1078 4901 1207 4973 γὰρ,
1237 4897 1298 4956 οὗ
1340 4907 1567 4977 πρόσθεν
1618 4911 1785 4981 ἐμνή-

206 4979 337 5049 σθην
358 4980 426 5043 ⁸⁸,
449 4983 532 5045 είς
564 4983 657 5037 τὸν
683 4984 890 5055 ἀμείνω
921 4992 1287 5065 μεταϐεϐήκει
1336 4995 1449 5065 βίον
1474 5012 1486 5025 ’
1524 5000 1710 5053 τοῦτον
1730 4979 1785 5055 δὲ

204 5071 409 5124 ἄκοντα
432 5076 745 5144 ποιμαίνειν
781 5078 1121 5135 ἀντ’ἐκείνου
1156 5085 1254 5156 τὴν
1297 5089 1619 5160 Ἐκκλησίαν
1648 5094 1789 5147 ὲκεί-

204 5176 297 5227 νην
351 5161 519 5231 ψήφῳ
561 5168 713 5235 κοινῇ
771 5172 1192 5237 κατηνάγκασαν
1250 5177 1528 5251 ἀρχιερεῖς
1577 5200 1635 5236 τε
1693 5188 1786 5238 καὶ

207 5251 367 5321 ἱερεῖς
395 5294 410 5317 ,
456 5255 551 5309 καὶ
594 5255 736 5320 ἄπας
776 5261 804 5312 6
845 5260 978 5325 λεὼς
1008 5266 1034 5316 ὁ
1071 5265 1410 5338 paid/puto;
1444 5289 1456 5301 ο
1488 5265 1641 5337 οὗτος
1672 5279 1784 5341 τοῖς

1890 4630 2050 4698 cujus
2072 4637 2233 4686 antea
2264 4630 2511 4696 memini,
2551 4630 2618 4685 ad
2648 4632 2925 4693 meliorem
2966 4634 3131 4687 vitam
3166 4638 3463 4699 translato,
3532 4646 3539 4659 '

1889 4723 2177 4793 episcopi,
2242 4723 2560 4779 sacerdotes
2610 4722 2928 4795 Christique
2994 4740 3185 4781 amans
3232 4727 3465 4796 populus

1891 4816 2202 4878 universus,
2262 4822 2321 4868 ut
2352 4814 2473 4884 ejus
2514 4817 2633 4871 loco
2667 4816 2964 4882 Ecclesium
3021 4819 3167 4872 illam
3228 4826 3464 4889 regeret,

1889 4908 2275 4966 communibus
2300 4907 2577 4980 sutl‘ragiis
2612 4909 2840 4965 invitum
2877 4918 3170 4981 coegerant
3201 4913 3218 4981 )
3250 4952 3264 4976 ,
3295 4913 3465 4981 impe-

1890 5011 2127 5057 ratorem
2167 4999 2396 5056 summis
2423 4999 2678 5055 laudibus
2702 5016 2900 5057 ornare
2929 5003 3113 5071 coepit,
3142 5003 3473 5070 praeclarum

1890 5093 2012 5163 ejus
2047 5107 2173 5163 erga
2204 5106 2294 5147 res
2346 5105 2533 5147 sacras
2597 5092 2837 5147 studium
2897 5092 3293 5163 prmconiorum
3348 5091 3463 5145 vice

1893 5198 2272 5241 remunerans.
2298 5180 2434 5237 Cum
2454 5190 2789 5252 perorasset,
2851 5184 3131 5253 excipiens
3170 5186 3464 5253 imperator

1893 5271 2328 5338 laudatissimus,
2360 5272 2427 5327 de
2453 5272 2744 5327 concordia
2775 5278 2827 5327 et
2852 5288 3124 5328 consensu
3154 5273 3462 5327 animorum

1486 5474 1720 5531 vanu;
1760 5474 2169 5534 LECTIONES.
2220 5458 2226 5470 '

274 5598 320 5628 ³⁵
350 5598 729 5667 παρεγγύσας.
784 5602 942 5659 Basil.
999 5606 1093 5659 Gr.
1139 5622 1297 5662 male.

204 5740 439 5806 indagari
449 5754 544 5794 (es.

205 5824 310 5864 non
338 5816 535 5880 placet.
619 5813 661 5843 "’
693 5816 1036 5887 ἀποχρῶντα.
1066 5820 1251 5891 Steph.

1376 5610 1422 5643 ⁸⁸
1468 5611 1559 5664 καὶ
1618 5611 1781 5667 Basil.
1810 5611 1904 5667 Gr.

274 5611 320 5628 δ’
350 5615 729 5667 παρεγγυσας,
784 5611 942 5659 liasil.
999 5611 1093 5659 Gr.
1139 5622 1297 5662 tnatc.
1376 5611 1422 5643 ⁸⁸
1468 5611 1559 5664 καὶ
1618 5611 1781 5667 Basil.
1810 5611 1904 5668 Gr.
2007 5612 2052 5645 ⁸⁵
2087 5611 2143 5662 ὲν
2175 5611 2327 5663 abest
2364 5625 2391 5661 ει
2459 5611 2582 5661 lias.
2627 5611 2722 5661 Gr.
2800 5611 2847 5638 "
2877 5611 3087 5667 αὑταῖς.
3151 5611 3268 5660 Basi

204 5668 245 5747 ξ’
274 5668 596 5749 εὑρεθμητοι
631 5670 751 5749 llas.
915 5677 1124 5731 vitiose.
1172 5680 1491 5749 Εὑρύθμους
1524 5683 1738 5735 videtur
1773 5684 1828 5737 in
1869 5685 2051 5736 animo
2090 5682 2346 5735 habuisse
2376 5679 2748 5736 CamerariuS.
2802 5692 2945 5749 (flint
2981 5683 3217 5749 Vcl‘lcrel
3263 5695 3275 5728 τ

630 5743 672 5821 ἐξ
706 5740 919 5821 βράγχη
963 5750 1150 5821 volunt
1191 5740 1509 5817 (Ilirisiopli.
1567 5760 1621 5805 et
1676 5754 1903 5821 Scalig..
1947 5769 2003 5820 (ι.
2046 5753 2099 5804 d.
2133 5754 2454 5804 raucitatem
2525 5750 2889 5821 simulatione
2935 5747 3257 5821 imitantes;
3319 5750 3463 5818 quod

1344 5822 1388 5855 ⁸ο
1420 5822 1511 5892 τὴν
1551 5839 1577 5875 a
1623 5824 1744 5880 Has.
1790 5824 1882 5878 Gr.
1928 5825 2100 5878 abest.

2800 5606 2847 5638 ”
2877 5605 3087 5667 αὑταῖς.
3149 5605 3310 5660 Basil.
3370 5606 3461 5659 (Ir.

2802 5692 2928 5727 cum
2981 5683 3217 5727 verteret
3263 5695 3275 5727 :
3324 5679 3461 5727 haud

3340 5685 3462 5730 mud

2007 5612 2052 5645 ⁸⁵
2087 5611 2143 5662 ὲν
2175 5610 2327 5663 abest
2364 5625 2391 5661 a
2459 5609 2582 5661 lias.
2627 5606 2722 5661 Gr.

2180 5824 2218 5852 ⁶¹
2266 5822 2643 5891 προεμνήσθην
2704 5821 2803 5873 Bas
2852 5818 2946 5873 Gr.
2976 5827 3022 5873 et
3059 5816 3239 5882 Steph.
