4206 6450
209 395 312 455 εει
1199 396 1784 457 ΕΕΟιΕΒΙᾹΒΤίΕΕ
1809 401 2196 461 HISTORIA}
2239 406 2379 464 LIB.
2414 406 2458 464 Ι.
3358 415 3463 478 938

203 514 297 561 καὶ
332 509 734 578 άμαρτήματος
768 509 1038 578 ἐπιμιξία.
1074 508 1290 563 Τούτων
1328 510 1470 564 οὓτω
1512 513 1772 582 στοιχούν-

1878 530 2123 585 cernens
2149 518 2529 570 crudelitatem
2552 534 2579 570 a
2604 519 2786 572 divina
2820 522 3057 588 potentia
3086 538 3249 592 opera
3277 538 3460 581 nostra

198 619 328 662 των,
374 600 631 668 ἁσμένως
666 599 883 669 δέχεσθε
914 600 1010 670 τὴν
1040 601 1289 670 οὐράνιον
1320 601 1481 671 χάριν
1515 607 1605 656 καὶ
1636 602 1772 657 θεῖαι

1888 605 2251 673 profligatam.
2285 608 2500 675 vigente
2546 608 2746 677 ubique
2799 612 2898 667 Iide
2955 623 3167 677 nostra,
3220 625 3274 669 et
3334 632 3464 682 pars

196 694 271 754 ὡς
296 690 517 760 ἀληθῶς
548 690 782 759 ἐντολήν.
822 691 936 743 Πᾶν
968 690 1075 761 γὰρ
1108 693 1136 743 ὅ
1159 709 1213 744 τι
1241 691 1307 744 ἂν
1337 692 1359 724 ⁸
1391 694 1449 744 έν
1475 695 1585 756 τοῖς
1611 694 1772 761 ἁγίοις

1887 706 2052 766 alque
2128 701 2442 754 concordia.
2520 699 2659 756 Deus
2730 718 2824 757 vos
2889 705 3187 761 incolumes
3247 721 3459 769 servet,

197 783 309 835 τῶν
334 782 649 835 ἐπισκόπων
677 782 969 850 συνεδρίοις
989 784 1315 852 πράττηται,
1340 783 1496 836 τοῦτο
1529 785 1664 851 πρὸς
1687 784 1772 855 τὴς.

1886 789 2197 845 ειιατὶεείιῐιί
2224 791 2443 846 fratres.

195 872 347 927 Fsiav
380 872 634 942 βούλησιν
662 872 773 942 ἔχει
798 872 895 942 τὴν
918 874 1215 943 ἀναφοράν.
1245 874 1335 927 Διὸ
1363 876 1494 927 πᾶσι
1524 878 1635 937 τοῖς
1658 876 1961 947 ἀγαπητοῖς
1993 881 2147 949 ήμῶν
2169 882 2414 947 ἀδελφοῖς
2444 886 2839 953 ἐμφανίσαντες
2870 890 2937 941 τά
2970 895 3453 962 προγεγραμμένα,

196 969 296 1039 ﬁt;
354 971 451 1024 καὶ
512 969 602 1021 τὸν
646 969 1043 1039 προειρημένον
1104 970 1296 1038 λόγον,
1346 973 1440 1024 καὶ
1499 972 1595 1041 τήν
1642 976 2017 1046 παρατήρησιν
2062 979 2161 1040 τῆς
2215 980 2523 1051 ἁγιωτάτης
2574 984 2804 1053 ἡμέρας,
2856 986 3210 1057 ὑποδέχεσθαί
3256 1007 3315 1042 τε
3368 995 3458 1043 καὶ

192 1068 500 1120 διατάττειν
523 1067 794 1133 ὀφείλετε·
831 1065 917 1117 ἵνα
948 1065 1167 1119 ἐπειδὰν
1196 1067 1330 1137 πρὸς
1358 1068 1459 1137 τὴν
1495 1068 1661 1121 πάλαι
1694 1086 1782 1138 μοι
1808 1071 2150 1143 ποθουμένην
2184 1075 2282 1144 τῆς
2313 1077 2582 1147 ὑμετέρας
2604 1079 2893 1144 διαθέσεως
2916 1082 3035 1151 δᾲιν
3074 1084 3375 1153 ἀφίκωμαι,
3403 1086 3457 1135 ὲν

196 1164 295 1231 μιᾷ
326 1163 423 1215 καὶ
453 1164 516 1232 τῇ
547 1162 685 1231 αὐτῇ
726 1159 907 1231 ἡμέρᾳ
943 1160 1041 1230 τὴν
1081 1160 1241 1227 ἀγίαν
1274 1161 1391 1230 μεθ’
1427 1160 1579 1229 ὑμῶν
1610 1160 1803 1232 ἑορτὴν
1841 1164 2149 1218 ἐπιτελέσαι
2190 1166 2420 1236 δυνηθῶ,
2479 1171 2572 1222 καὶ
2620 1170 2835 1223 πάντων
2896 1164 3081 1226 ἕνεκεν
3131 1174 3248 1245 μεθ’
3306 1173 3460 1242 ὑμῶν

191 1254 497 1322 εὐδοκήσω,
530 1250 771 1321 συνορῶν
798 1252 898 1319 τὴν
926 1248 1235 1319 διαϐολικὴν
1263 1250 1524 1319 ὡμότητα
1553 1250 1658 1301 ὑπὸ
1681 1250 1779 1318 τῆς
1815 1248 1966 1314 θείας
2015 1253 2299 1324 δυνάμεως
2361 1256 2451 1308 διὰ
2508 1259 2617 1311 τῶν
2649 1260 2930 1329 ἡμετέρων
2968 1261 3217 1332 πράξεων
3254 1264 3457 1334 ἀνῃρη-

197 1346 392 1416 μένην,
418 1341 776 1413 ἀκμαζούσης
799 1339 1075 1409 πανταχοῦ
1098 1340 1198 1408 τῆς
1217 1340 1493 1410 ἡμετέρας
1519 1340 1773 1403 πίστεως,
1804 1342 1897 1393 καὶ
1926 1343 2178 1414 εἰρήνης,
2227 1346 2323 1398 καὶ
2379 1347 2651 1415 ὁμονοίας.
2723 1349 2780 1401 '0
2821 1349 2954 1413 Θεὸς
3011 1351 3155 1420 ὑμᾶς
3198 1353 3455 1423 διαφυλά.

195 1442 339 1508 εειεν
367 1441 412 1503 ⁸,
450 1438 728 1508 ἀγαπητοὶ
757 1436 996 1504 ἀδελφοί.

817 1532 1067 1584 ΚΕΦΑΛ.
1112 1531 1163 1584 Ι’.

196 1626 338 1693 Περὶ
387 1624 510 1677 τῶν
566 1624 925 1691 σιτηρεσιων
970 1620 1088 1693 ζῶν
1130 1624 1200 1676 ἐν
1231 1624 1360 1689 ταῖς
1392 1624 1781 1690 Ἐκκλησίαις

264 1690 745 1818 ἕορηῖηθέντων,
796 1694 896 1747 καὶ
933 1690 1043 1760 τῆς
1085 1693 1281 1762 ἄλλης
1330 1694 1435 1747 τοῦ
1473 1694 1781 1760 βασιλέως

308 1783 516 1831 parric-

267 1783 305 1818 α
347 1783 412 1818 ετ
502 1804 516 1816 .

267 1783 593 1923 Τῗιύτὲςμὲν
642 1854 751 1915 τοῖς
779 1853 1183 1923 ἀπολειφθεῖσιν
1227 1854 1527 1907 ἐπέστειλε.
1553 1856 1690 1918 Τοὺς
1723 1854 1779 1908 δὲ

2119 1530 2283 1602 774
2313 1531 2465 1587 CAP.
2525 1531 2590 1587 x.
2625 1531 2725 1604 [Β.
2762 1533 2970 1590 sum.
3006 1537 3066 1591 v.
3113 1538 3239 1610 ιι]

1883 1620 1955 1673 De
1995 1638 2205 1676 attuona
2262 1622 2511 1678 Ecclesit's
2560 1626 2843 1748 a_ttribslt,ta,
2872 1636 2923 1680 et
2952 1629 3076 1681 aliis
3122 1632 3455 1697 imperatoris

2554 1704 2734 1748 virtuti
2774 1713 2857 1748 us.

2554 1704 2857 1750 virtutibus.

1955 1844 2078 1900 Haec
2115 1845 2282 1915 igitur
2305 1846 2373 1901 ad
2412 1847 2667 1904 absentes
2700 1849 2943 1919 scripsit.
2973 1850 3079 1907 Eos
3118 1869 3244 1909 vero
3269 1858 3359 1925 qui
3390 1861 3453 1910 ad

200 1944 650 2015 συνεληλυθότας,
682 1944 1051 1998 ὀκτωκαίδεκα
1088 1945 1143 1999 δὲ
1168 1941 1307 2017 ἦσαν
1337 1948 1429 1999 καὶ
1456 1947 1772 2018 τριακόσιοι,

1885 1937 2180 1992 concilium
2211 1947 2497 2004 venerant,
2522 1956 2773 2005 numero,
2808 1950 2865 1997 ut
2895 1944 3103 1999 dictum
3125 1954 3229 2011 est,
3266 1948 3452 2003 decem

198 2039 422 2100 πολλοῖς
458 2036 555 2101 μὲν
595 2036 1062 2108 ἐφιλοφρονήσατο
1090 2038 1183 2091 καὶ
1223 2039 1401 2108 λόγοις
1433 2040 1525 2092 καὶ
1551 2038 1775 2110 δώροις·

198 2128 405 2191 πολλάς
444 2128 499 2181 δὲ
527 2128 781 2191 στιϐάδας
834 2130 1255 2202 εὐτρεπισθῆναι
1307 2130 1592 2196 κελεύσας,
1633 2132 1778 2184 κατά

194 2224 396 2276 ταύτὸν
419 2223 693 2275 εἱστίασεν
723 2221 989 2287 ἅπαντας,
1013 2225 1135 2288 τοὺς
1166 2226 1263 2295 μὲν
1297 2224 1623 2295 ἀξιωτέρους
1649 2225 1779 2293 ὁμο-

192 2317 511 2387 τραπέζους
562 2314 771 2381 λαϐὼν,
806 2317 936 2379 τοὺς
978 2316 1036 2370 δὲ
1077 2317 1270 2379 ἄλλους
1306 2316 1493 2369 διελὼν
1551 2319 1629 2378 είς
1678 2316 1777 2379 τὰς

192 2409 386 2469 άλλας.
413 2407 764 2476 Θεασάμενος
798 2407 855 2459 δέ
889 2425 1040 2470 τινας
1073 2410 1200 2472 τοὺς
1224 2407 1435 2472 δεξιοὺς
1464 2407 1775 2479 ὀφθαλμοὺς

192 2498 665 2566 ὲκκεκομμένους,
691 2498 785 2549 καὶ
819 2496 1005 2567 μαθὼν
1032 2497 1107 2561 ὠς
1132 2499 1193 2550 τὸ
1220 2499 1348 2568 περὶ
1370 2498 1468 2568 τὴν
1495 2498 1773 2551 εὐσέϐειαν

191 2589 413 2661 ἑδραῖον
443 2585 537 2640 τοῦ
580 2586 785 2648 πάθους
818 2587 1035 2653 ἐγένετο
1073 2586 1350 2656 πρόξενον,
1384 2587 1453 2640 τά
1481 2588 1635 2657 χείλη
1664 2589 1775 2649 τοῖς

187 2681 476 2752 τραύμασι
516 2678 934 2748 προσενήνοχεν,
965 2676 1213 2731 ἑλκύσειν
1259 2678 1467 2731 ἐκεῖθεν
1496 2678 1575 2747 τῷ
1617 2679 1774 2747 φιλή-

193 2791 326 2842 ματι
351 2774 373 2804 τ
405 2771 505 2842 τὴν
553 2770 805 2838 εὐλογίαν
837 2769 1129 2823 πιστεύων.
1178 2770 1356 2841 Πέρας
1394 2770 1451 2823 δὲ
1481 2770 1575 2824 τοῦ
1626 2786 1771 2839 συμ-

191 2867 388 2919 ποσίου
428 2862 706 2925 λαϐόντος,
754 2862 915 2932 ἔτερα
950 2862 1111 2916 πάλιν
1151 2862 1376 2925 αὐτοῖς’
1411 2861 1771 2932 προσενήνοχε

188 2957 379 3027 δῶρα⁶
419 2955 513 3007 καὶ
566 2952 751 3023 μέντοι
800 2954 894 3005 καὶ
933 2952 1238 3021 γράμματα
1298 2952 1434 3022 πρὸς
1483 2953 1610 3015 τοὺς
1663 2951 1773 3003 τῶν

189 3048 367 3101 ἐθνῶν
403 3044 871 3117 προστατεύοντας
899 3044 1131 3097 δέδωκεν
1164 3045 1450 3115 ἄρχοντας,
1481 3044 1603 3097 καθ’
1638 3045 1770 3097 ἑκά-

190 3157 329 3209 στην
362 3138 520 3190 πόλιν
546 3136 894 3208 χορηγεῖσθαι
922 3136 1249 3205 παρεγγυῶν
1272 3137 1428 3198 ταῑς’
1456 3136 1543 3189 ἀεὶ
1563 3136 1770 3207 παρθέ-

188 3250 300 3295 νοις
336 3233 434 3284 καὶ
455 3232 672 3301 χήραις.
712 3231 808 3283 καὶ
831 3232 941 3291 τοῖς
964 3228 1363 3298 ἀφιερωμένοις
1399 3229 1466 3299 τῇ
1503 3226 1622 3298 θεία
1660 3228 1768 3280 λει-
1796 3261 1839 3318 C

186 3322 422 3391 τουργία
460 3321 653 3389 ἐτήσια
676 3319 972 3389 σιτηρέσια,
1002 3318 1278 3388 φιλοτιμίᾳ
1312 3317 1510 3387 μᾶλλον
1539 3318 1570 3387 ἢ
1612 3318 1769 3388 χρείᾳ

186 3413 363 3466 ταῦτα
388 3414 688 3483 μετρήσας.
715 3411 930 3463 Τούτων
960 3410 1021 3463 τὸ
1043 3410 1394 3479 τριτημόριον
1429 3409 1591 3481 μέχρι
1614 3410 1706 3461 καὶ
1724 3409 1767 3440 ³⁸

186 3508 431 3575 τήμερον
475 3505 816 3575 χορηγεῖται.
855 3500 1142 3555 Ἰουλιανοῦ
1193 3502 1289 3569 μὲν
1329 3500 1425 3553 τοῦ
1476 3500 1770 3565 δυσσεϐοῦς

190 3598 370 3650 πάντα
404 3594 663 3660 καθάπαξ
692 3594 1046 3665 ἀφελομένου,
1090 3592 1185 3646 τοῦ
1216 3594 1272 3647 δὲ
1307 3594 1423 3664 μετ’
1467 3593 1672 3646 ἐκεῖνον
1699 3594 1767 3646 τά

186 3688 279 3741 νῦν
331 3685 719 3758 χορηγούμενα
778 3683 1191 3754 παρασχεθῖψαι
1254 3684 1709 3753 προπεταχὸτοςο
1740 3685 1769 3736 ό

185 3783 293 3851 γάρ
316 3779 481 3848 λιμὸς
518 3777 708 3845 ὀλίγην
734 3777 908 3828 ἐποίει
940 3775 1061 3827 τότε
1102 3776 1203 3845 τὴν
1236 3775 1499 3845 εἰσφοράν
1528 3776 1588 3828 ¹¹.
1621 3775 1686 3829 Ei
1710 3775 1767 3828 δὲ

184 3872 276 3923 τοῦ
310 3870 412 3923 νῦν
442 3867 563 3940 [56]
606 3866 1014 3938 χορηγουμένου
1053 3866 1374 3938 τριπλάσιον
1411 3863 1479 3938 ἦν
1511 3866 1573 3919 τὸ
1618 3883 1769 3936 τηνι-

186 3964 364 4016 καῦτα
400 3959 768 4031 παρασχεθὲν,
809 3958 993 4030 ῥᾴδιον
1032 3959 1133 4027 τὴν
1166 3958 1260 4011 τοῦ
1300 3959 1561 4029 βασιλέως
1607 3975 1767 4028 μεγα-

184 4052 452 4123 λοψυχίαν
485 4048 563 4118 τῷ
604 4048 914 4118 βουλομένῳ
949 4050 1309 4120 καταμαθεῖν.
1335 4052 1410 4104 Οὐ
1439 4053 1546 4123 μὴν
1576 4053 1617 4083 ⁸³
1646 4050 1765 4104 οὐδὲ

185 4148 367 4197 ἐκεῖνο
421 4142 635 4195 δίκαιον
680 4140 924 4208 ἡγοῦμαι
979 4141 1310 4211 παραδοῦναι
1360 4146 1504 4213 σιγῇ.
1560 4143 1765 4195 Φιλαπ-

185 4236 491 4305 εχθήμονες
544 4230 653 4300 γάρ
701 4230 892 4301 ἀνδρες
940 4231 1252 4302 ἐγράψαντο
1297 4233 1407 4285 τῶν
1450 4236 1765 4288 ἐπισκόπων

184 4327 361 4391 τινὰς,
411 4323 507 4377 καὶ⁵
535 4321 613 4393 τῷ
669 4321 877 4395 βασιλεῖ
916 4322 1012 4386 τάς
1070 4325 1378 4395 ἐγγράφους
1433 4328 1764 4399 κατηγορίας

184 4418 475 4471 ὲπέδοσαν.
528 4414 588 4467 '0
636 4414 692 4467 δὲ
727 4415 835 4486 πρὸ
873 4415 916 4446 ¹³
960 4416 1055 4485 τῆς
1102 4417 1473 4489 γεγενημένης
1514 4420 1762 4489 ὁμονοίας

182 4510 393 4572 ταύτας
434 4507 749 4577 δεξάμενος,
779 4503 897 4561 εἶτα
934 4507 1132 4578 δεσμὸν
1166 4509 1371 4572 ἐπιθεὶς
1417 4512 1512 4563 καὶ
1553 4511 1628 4581 τῷ
1671 4513 1762 4565 δα-

1880 2034 1933 2077 et
1966 2032 2093 2078 octo
2120 2040 2288 2093 supra
2319 2035 2617 2094 trecentos,
2644 2030 2828 2086 verbis
2856 2046 2921 2087 ae
2977 2036 3294 2090 muneribus
3330 2052 3452 2106 per-

1879 2126 2130 2171 amanter
2171 2120 2467 2184 tractavit,
2545 2121 2905 2193 stibadiisque
2965 2128 3213 2196 pluribus
3273 2135 3451 2200 parari

1875 2208 2067 2276 jussis,
2098 2224 2203 2263 una
2239 2212 2495 2267 omnibus
2523 2214 2739 2282 epulum
2770 2216 2940 2280 dedit,
2981 2219 3311 2276 illustriores
3341 2238 3455 2277 sua-

1880 2300 2052 2369 ipsius
2089 2316 2291 2355 mensa:
2320 2302 2607 2369 adhibens,
2636 2306 2850 2362 cmteris
2869 2307 2922 2360 in
2951 2309 3085 2363 alias
3115 2310 3450 2366 distributis.

1878 2391 1943 2445 Et
1983 2407 2108 2446 cum
2140 2392 2347 2448 videret
2377 2395 2598 2451 dextros
2627 2399 2819 2452 oculos
2842 2400 3169 2468 quibusdam
3198 2402 3449 2469 eIIOSsos,

1878 2484 2351 2555 intellexissetque
2383 2485 2506 2541 fidei
2538 2491 2846 2545 constantia
2903 2492 3046 2547 hanc
3093 2494 3217 2551 illos
3241 2496 3449 2550 cladem

1878 2575 2185 2643 pertulisse,
2216 2577 2367 2631 labra
2392 2580 2711 2635 vulneribus
2732 2582 2993 2649 admovit,
3016 2583 3449 2645 benedictionem

1875 2669 2068 2725 osculo
2100 2669 2226 2725 inde
2253 2671 2579 2725 hausturum
2612 2688 2671 2729 se
2695 2672 2996 2729 conlidens.
3047 2675 3275 2733 Peracto
3316 2695 3452 2734 con-

1876 2762 2037 2828 vivio,
2071 2763 2195 2817 aliis
2246 2779 2440 2819 rursus
2498 2763 2621 2819 illos
2670 2767 2991 2823 muneribus
3047 2768 3312 2826 donavit:
3386 2786 3451 2826 ac

1876 2855 2087 2910 litteras
2107 2857 2272 2909 etiam
2322 2855 2390 2909 ad
2452 2857 2859 2927 provinciarum
2893 2862 2910 2881 ‘
2968 2862 3229 2930 praesides
3277 2863 3448 2929 dedit,

1872 2944 2076 3012 quibus
2110 2946 2420 3015 imperaret,
2462 2955 2522 3000 ut
2560 2962 2656 3017 per
2686 2948 2933 3018 singulas
2960 2952 3123 3006 urbes
3145 2953 3450 3024 virginibus

1873 3049 1937 3090 ac
1958 3036 2161 3103 viduis,
2206 3045 2261 3091 et
2290 3037 2360 3091 iis
2393 3039 2487 3107 qui
2520 3039 2710 3094 divino
2727 3041 3034 3096 ministerio
3062 3052 3223 3098 erant
3253 3059 3448 3101 conse-

1872 3130 2033 3193 crati,
2068 3143 2312 3183 annuum
2359 3128 2693 3185 frumentum
2729 3133 3189 3203 suppeditaretur,
3223 3137 3447 3192 muniti-

1872 3220 2048 3272 centia
2077 3220 2261 3289 potius
2299 3237 2465 3291 quam
2492 3224 2822 3279 necessitate
2844 3238 2957 3279 rem
2994 3216 3245 3285 metiens.
3276 3227 3447 3299 Cujus

1874 3309 2245 3364 beneficentia;
2275 3326 2402 3380 pars
2426 3313 2585 3366 tertia
2610 3314 2677 3367 ad
2707 3316 2853 3368 hunc
2874 3330 3052 3386 usque
3079 3317 3219 3373 diem
3238 3320 3447 3373 submi-

1870 3401 2158 3456 nistratur.
2188 3401 2323 3456 Nam
2357 3419 2482 3458 cum
2513 3404 2713 3474 impius
2742 3404 2997 3463 Julianus
3023 3410 3203 3463 omnia
3228 3412 3445 3480 penitus

1871 3492 2208 3555 abstulisset.
2243 3493 2337 3563 qui
2374 3494 2449 3548 illi
2489 3495 2760 3550 successit
2792 3510 2856 3550 ea
2891 3512 3012 3567 qua:
3039 3514 3183 3554 nunc
3209 3515 3443 3570 erogan-

1870 3590 1960 3637 tur
1981 3586 2210 3667 prteberi
2248 3588 2439 3652 jussit.
2488 3587 2621 3643 Nam
2658 3589 2826 3646 fames
2858 3592 2952 3644 illo
2985 3599 3227 3661 tempore
3260 3593 3443 3647 immi-

1870 3686 2065 3731 nuerat
2125 3677 2429 3734 illationem
2456 3681 2827 3736 tributariam.
2859 3682 3017 3750 Quod
3075 3685 3122 3739 si
3176 3699 3243 3740 eo
3294 3687 3442 3755 quod

1870 3784 2016 3824 nunc
2043 3770 2205 3825 datur
2253 3772 2418 3842 triplo
2466 3774 2645 3842 majus
2694 3782 2814 3830 erat
2843 3776 2988 3845 quod
3020 3790 3049 3829 a
3082 3776 3445 3832 Constantino

1866 3856 2123 3922 dabatur,
2147 3874 2269 3929 qua:
2296 3860 2459 3915 fuerit
2475 3862 2622 3917 illius
2643 3864 3043 3933 magnificentia
3065 3864 3224 3920 facile
3246 3868 3445 3935 poterit

1868 3950 1960 4018 qui
2021 3950 2164 4005 volet
2219 3954 2550 4022 perspicere.
2623 3952 2730 4009 Sed
2793 3970 2968 4024 neque
3017 3956 3163 4012 istud
3224 3958 3442 4013 silentia

1868 4042 2148 4111 praeterire
2170 4041 2258 4098 ‘fas
2288 4051 2439 4112 puto.
2473 4044 2860 4100 lnsimularant
2881 4046 3259 4117 episcoporum
3280 4049 3441 4120 775

1868 4134 2080 4203 aliquos
2099 4135 2275 4191 odiosi
2294 4138 2512 4207 quidam
2531 4137 2931 4203 criminatores,
2953 4146 3007 4193 et
3030 4141 3437 4195 accusationum

1868 4234 2079 4291 libellos
2125 4235 2439 4305 imperatori
2493 4236 2827 4293 obtulerant.
2872 4235 2920 4291 Is
2973 4249 3104 4290 vero
3158 4250 3281 4289 cum
3314 4243 3441 4288 ante

1868 4326 2221 4380 constitutam
2243 4326 2593 4381 concordiam
2623 4327 2726 4382 hos
2766 4327 3090 4395 accepisset,
3120 4327 3235 4381 lino
3283 4325 3441 4381 colIi-

1866 4426 2021 4487 gates
2052 4456 2066 4479 ,
2123 4418 2436 4489 annuloque
2501 4419 2819 4490 obsignatos
2888 4418 3097 4475 servari
3161 4420 3433 4489 praecepit.

1870 4510 2104 4575 lleinde,
2142 4526 2264 4565 cum
2319 4526 2509 4580 pacem
2567 4511 3011 4580 composuisset,
3065 4513 3306 4580 prolatos
3382 4509 3435 4563 In

184 4603 396 4672 κτυλίῳ
480 4600 901 4671 σημηνάμενος,
975 4601 1311 4673 φυλαχθῆναι
1402 4604 1753 4674 προσέταξεν.

1872 4603 2101 4658 medium
2138 4616 2321 4656 coram
2352 4602 2610 4656 Omnibus
2642 4602 2873 4667 exussit,
2905 4600 3034 4657 dato
3052 4600 3432 4670 jurejurando,

187 4695 429 4747 Ἔπειτα
470 4692 571 4755 τὴν
618 4689 889 4761 σύμϐασιν
933 4692 1327 4762 ἐργασάμενος,
1374 4693 1574 4758 ταύτας
1607 4696 1763 4765 κομί-

186 4803 281 4849 σας
308 4784 356 4815 ¹⁵
404 4782 692 4851 παρόντων
746 4782 924 4835 αὐτῶν
974 4784 1328 4847 κατέκαυσεν,
1372 4783 1760 4857 όμωμοκὼς,ἦ

187 4878 292 4947 μὴν
348 4874 524 4944 μηδὲν
566 4873 674 4925 τῶν
710 4875 1175 4944 ἐγγεγραμμένων
1204 4876 1244 4906 ⁸⁵
1274 4877 1655 4944 ἀνεγνωκέναι.
1687 4879 1759 4930 ῡύ

183 4972 289 5040 γάρ
318 4971 430 5037 ἔφη
456 4967 654 5038 χρῆναι
684 4967 793 5018 τῶν
831 4967 1018 5035 ἱερέων
1048 4966 1115 5019 τὰ
1150 4967 1599 5038 πλημμελήματα
1627 4971 1759 5039 δῆλα

183 5064 433 5130 γίνεσθαι
467 5064 580 5122 τοῖς
611 5060 846 5123 πολλοῖς,
889 5059 974 5113 ἵνα
1018 5062 1092 5130 μὴ
1145 5060 1441 5114 σκανδάλου
1490 5063 1759 5131 πρόφασιν

185 5154 439 5208 ιντεῦθεν
491 5151 747 5214 λαϐόντες
782 5154 846 5216 ⁸⁸,
896 5153 1063 5215 ἀδεῶς
1118 5154 1491 5223 ἁμαρτάνωσι.
1534 5154 1666 5205 Φασὶ
1698 5153 1753 5205 δὲ

185 5248 342 5301 αὐτὸν
386 5246 485 5298 καὶ
511 5244 631 5297 τόδε
676 5243 992 5315 προσθεῖναι
1022 5246 1085 5309 ¹⁷,
1117 5244 1191 5308 ὡς
1232 5246 1278 5297 εί
1320 5245 1592 5314 αὐτόπτης
1634 5247 1753 5296 ἑπι-

1862 4695 1993 4747 ιιὶΙιὶΙ
2023 4709 2145 4749 esse
2167 4694 2465 4764 quidquam
2492 4694 2708 4747 illorum
2734 4709 2762 4747 a
2799 4708 2858 4749 se
2889 4695 3113 4748 lectum.
3165 4691 3434 4749 Sacerdo-

1860 4796 1974 4839 tum
2010 4785 2208 4855 quippe
2236 4786 2459 4850 delicta,
2491 4795 2547 4839 ut
2582 4786 2784 4850 aiebat,
2820 4786 3021 4855 popqu
3050 4784 3291 4853 pateﬁeri
3322 4797 3433 4838 non

1859 4877 2077 4939 debent,
2105 4892 2175 4931 ne
2205 4876 2447 4931 seandali
2468 4892 2658 4931 ansam
2688 4878 2980 4945 arripiens,
3009 4876 3075 4929 ad
3096 4874 3431 4945 peccandum

1860 4967 1949 5020 flat
1982 4967 2259 5021 audacior.
2294 4966 2436 5031 Quin
2471 4967 2570 5019 hoc
2601 4968 2763 5019 etiam
2807 4966 3073 5035 adjecisse
3110 4964 3331 5029 ferunt,
3375 4979 3434 5019 se

1854 5060 1900 5112 si
1927 5058 2242 5127 episcopum
2274 5059 2480 5112 alienas
2519 5058 2735 5127 nuptias
2774 5056 3065 5110 violantem
3102 5056 3277 5110 oculis
3316 5056 3430 5109 suis

1861 5158 2128 5214 cerneret,
2147 5150 2532 5220 paludamento
2548 5147 2815 5203 nefarium
2836 5147 3048 5202 facinus
3065 5147 3428 5209 obtecturum,

1863 5259 1932 5299 ne
1960 5244 2035 5297 rei
2063 5252 2317 5312 aspectus
2356 5243 2554 5297 damno
2608 5256 2935 5311 quemquam
2987 5239 3240 5294 amceret.
3293 5237 3427 5289 Cum

1485 5393 1714 5449 VAltIrE
1752 5392 2151 5448 LECTIONES.

258 5516 279 5546 ⁸
306 5515 334 5565 δ
354 5529 409 5563 τι
431 5510 477 5563 δ’
502 5510 590 5563 ἄν.
630 5508 796 5562 Basil.
829 5507 1028 5569 Cmam,
1065 5508 1245 5569 Socr.,
1276 5523 1397 5560 cum
1430 5508 1773 5575 sequacibus.

190 5585 410 5651 φυλάξοι
434 5580 661 5662 Euseb,
685 5580 865 5662 Socr.‘
921 5578 939 5609 '
969 5577 1046 5662 τῶ
1076 5578 1336 5662 φιλήματι
1376 5578 1529 5662 abest
1557 5579 1725 5662 a‘Ba‘s.
1758 5578 1933 5662 graec.

1859 5507 1993 5560 Εἴτι
2020 5510 2065 5561 δ’
2087 5508 2150 5561 ἄν
2183 5508 2468 5562 Eusebius.
2548 5509 2567 5539 ⁸
2596 5508 2925 5575 διαφυλάξει.
2955 5507 3078 5563 Bas.
3105 5506 3277 5561 (ιι-ωε.
3302 5510 3426 5559 Δια-

2046 5580 2067 5610 ⁸
2095 5580 2275 5639 αὐτὸς.
2306 5578 2469 5632 Idem.
2548 5578 2568 5608 '
2590 5579 2656 5631 τὰ
2688 5581 2825 5639 ταῖς.
2856 5578 2977 5633 Bas.
3011 5577 3185 5631 Graec.
3264 5577 3304 5608 ⁸³
3332 5576 3424 5627 καί

192 5646 349 5708 abest
372 5653 444 5705 ab
471 5649 685 5719 eodem.
766 5650 807 5680 “
850 5646 1222 5716 ἐποιεῖτοτὴν
1252 5648 1525 5719 εἰσφοράν.
1564 5648 1623 5700 C.
1654 5647 1792 5719 Diui.
1858 5650 1915 5719 7"
1940 5649 1997 5701 δέ
2030 5649 2321 5719 interponit
2370 5649 2489 5703 Bas.
2523 5650 2696 5719 Graec.
2777 5649 2820 5679 ¹³
2853 5648 2911 5710 ὃς
2945 5648 3068 5719 πρό.
3093 5648 3213 5719 βας.
3248 5646 3418 5719 Graec.

194 5724 234 5753 “
249 5721 641 5790 κομισάμενος.
666 5718 831 5774 Idem.
912 5720 955 5750 ⁸⁸
976 5717 1390 5789 γεγραμμένων.
1416 5718 1579 5773 Idem.
1660 5718 1700 5748 "
1723 5718 2109 5787 λαμϐάνοντες.
2132 5718 2320 5783 Savil.,
2341 5720 2402 5773 ϐ.
2431 5720 2566 5772 Pini.

195 5796 411 5859 mlius.

507 5886 760 5945 i’ATEoL
821 5884 928 5943 Gtt.
963 5884 1050 5943 LX
1069 5885 1112 5943 Χ
1129 5884 1229 5943 XII

2647 5718 2687 5748 ”
2710 5715 3085 5788 προστεθῆναι.
3106 5717 3226 5769 Bas.
3246 5715 3397 5770 Grata

3036 5879 3105 5938 30
