4206 6450
231 418 338 486 {iii

1198 413 1787 478 ECCLESIASTICK
1825 418 2205 479 HISTORIA;
2251 420 2394 480 LIB.
2430 420 2475 480 l.

3394 423 3490 486 θέε

233 529 393 596 Θεοῦ,
432 528 546 599 φῶς
573 530 635 581 ἑκ
670 528 862 597 φωτὸς,
899 528 1040 597 ζωὴν
1068 528 1129 580 ὲκ
1169 528 1332 599 ζωῆς.
1366 528 1492 581 Υἱδν
1524 528 1807 598 μονογενῆ.

1917 528 1984 584 de
2003 530 2225 593 lumine,
2258 530 2422 582 vitam
2445 530 2512 583 de
2533 529 2662 591 vita,
2689 529 2881 582 Filium
2904 529 3266 599 unigenitum,
3294 534 3497 602 primo-

232 620 585 691 πρωτότοκον
637 619 816 684 πάσης
842 617 886 648 ³⁸
947 617 1197 680 κτίσεως.
1262 618 1369 686 πρὸ
1428 619 1643 672 πάντων
1709 618 1818 670 τῶν

233 711 451 764 αἰώνων
490 712 556 763 ὲκ
606 710 701 762 τοῦ
735 709 947 780 Πατρος
998 710 1365 779 γεγενημένον
1392 711 1436 741 ³⁸
1464 726 1478 740 ·
1507 709 1573 764 δι’
1622 706 1681 764 οῦ
1724 712 1818 763 καὶ

229 802 455 870 ιγένετο
485 802 663 855 πάντα
681 818 693 830 ο
730 801 821 853 τὸν
848 800 936 853 διὰ
961 800 1059 871 τὴν
1094 799 1367 871 ἡμετέραν
1392 801 1663 871 σωτηρίαν
1686 817 1815 871 σαρ-

233 897 507 960 κωθέντα,
537 897 630 949 καὶ
666 898 724 949 ὲν
751 894 1062 963 ἀνθρώποις
1088 893 1560 963 πολιτευσάμενον,
1589 895 1682 947 καὶ
1714 910 1819 947 πα-

231 986 423 1048 θόντα.
469 986 566 1039 καὶ
614 986 919 1040 ἀναστάντα
960 987 1024 1054 τῇ
1066 984 1223 1055 τρίτῃ
1263 984 1446 1056 ἡμέρᾳ
1470 1001 1483 1015 ·
1534 986 1625 1037 καὶ
1663 984 1819 1038 ἀνελ-

233 1079 400 1131 θόντα
448 1079 582 1149 πρὸς
614 1079 704 1131 τὸν
745 1080 989 1148 Πατέρα·
1043 1076 1137 1129 καὶ
1182 1077 1379 1146 ἥξοντα
1426 1075 1587 1128 πάλιν
1610 1077 1666 1127 ὲν
1692 1075 1819 1147 δόξῃ

234 1174 425 1241 κρῖναι
472 1170 681 1234 ζῶντας
730 1171 821 1222 καὶ
854 1170 1108 1241 νεκρούς.
1154 1166 1489 1237 Πιστεύομεν
1522 1167 1616 1221 καὶ
1651 1168 1729 1230 εἰς
1758 1167 1818 1217 ἒν

232 1262 464 1330 Πνεῦμα
513 1261 685 1329 ἅγιον.
727 1261 941 1314 Τούτων
975 1261 1203 1314 ἕκαστον
1250 1256 1509 1313 εἶναικαὶ
1554 1259 1819 1328 ὑπάρχειν

231 1353 605 1414 πιστεύοντες,
633 1352 850 1423 Πατέρα
868 1352 1135 1424 ἀληθινῶς
1160 1351 1396 1422 Πατέρα,
1418 1352 1511 1404 καὶ
1534 1349 1661 1401 Υίὸν
1688 1349 1818 1417 ἀλη-

231 1446 399 1508 θινῶς
429 1445 579 1510 Υίὸν,
604 1444 825 1514 Πνεῦμα
849 1462 907 1497 τε
932 1445 1085 1513 ἇγιον
1108 1445 1373 1514 ἀληθινῶς
1398 1444 1617 1511 Πνεῦμα
1641 1441 1813 1510 ἆγιον,

232 1540 378 1592 καθά
407 1539 500 1591 καί
526 1541 555 1590 ὁ
584 1537 785 1608 Κύριος
810 1536 967 1607 ἡμῶν
994 1538 1335 1590 ἀποστέλλων
1356 1538 1447 1596 ἐἰς
1477 1534 1536 1586 τὸ
1558 1534 1816 1604 κήρυγμα

230 1633 360 1693 τοὺς
398 1629 595 1682 ἑαυτοῦ
649 1629 915 1699 μαθητὰς,
964 1624 1119 1681 εἷπε·
1170 1647 1187 1678 ι
1244 1626 1605 1698 Πορευθέντες
1638 1625 1814 1695 μαθη-

229 1722 466 1773 τεύσατε
508 1720 684 1772 πάντα
726 1720 793 1772 τὰ
821 1718 969 1788 ἔθνη,
1005 1718 1355 1787 βαπτίζοντες
1398 1718 1593 1780 αὐτοὺς
1623 1718 1703 1777 είς
1755 1714 1817 1767 τὸ

229 1814 406 1883 ὄνομα
429 1813 521 1865 τοῦ
548 1810 779 1882 Πατρὺς,
810 1811 902 1863 καὶ
926 1809 1019 1863 τοῦ
1045 1810 1195 1874 Υίοῦ,
1222 1808 1314 1863 καὶ
1343 1810 1433 1861 τοῦ
1460 1810 1525 1874 ἀγ
1538 1808 1614 1859 ίου
1649 1806 1816 1859 Πνεύ-

1920 621 2160 691 genitnm
2212 623 2393 675 omnis
2451 628 2742 684 creaturzc,
2795 631 2921 677 ante
2967 624 3149 675 omnia
3197 626 3397 679 saecula
3429 641 3493 680 et

1920 712 2081 768 Patre
2112 722 2322 775 natum,
2354 730 2449 783 per
2479 728 2641 783 quem
2669 719 2723 767 et
2775 714 2958 765 omnia
3010 716 3150 767 facta
3185 723 3315 769 sunt
3348 733 3361 768 :
3402 719 3494 785 qui

1921 814 2141 877 propter
2192 815 2433 859 nostram
2475 806 2705 861 salutem
2752 804 3073 860 incarnatus
3110 818 3215 870 εει,
3246 817 3301 863 et
3354 809 3496 862 inter

1922 896 2169 950 homines
2217 902 2596 960 conversatus,
2627 899 2717 967 qui
2750 914 2946 965 passus
2972 906 3078 959 est,
3103 907 3156 953 et
3198 902 3496 955 resurrexit

1920 986 2079 1038 tertia
2109 986 2215 1049 die,
2239 998 2293 1041 et
2331 986 2579 1041 ascendit
2610 988 2675 1041 ad
2710 987 2949 1053 Patrem,
2981 998 3035 1044 et
3078 991 3273 1043 iterum
3300 1002 3495 1046 ventu-

1922 1086 2013 1125 rus
2039 1081 2123 1126 est
2157 1075 2211 1125 in
2262 1075 2458 1144 gloria,
2486 1075 2739 1142 judicare
2764 1076 2917 1130 vivos
2944 1084 2998 1132 et
3035 1088 3304 1132 mortuos.
3365 1078 3497 1133 Cre-

1918 1163 2095 1217 dimus
2129 1165 2291 1217 etiam
2350 1164 2404 1217 in
2452 1179 2619 1217 unum
2654 1163 2919 1231 Spiritum
2954 1180 3224 1221 sanctum.
3286 1165 3493 1222 [lorum

1918 1269 2366 1323 unumquemque
2392 1269 2513 1309 esse
2550 1263 2605 1309 et
2628 1256 2892 1312 exsistere
2942 1258 3249 1323 credentes,
3280 1259 3495 1314 Patrem

1918 1362 2045 1401 vere
2088 1345 2326 1411 Patrem,
2377 1356 2432 1402 et
2472 1347 2669 1401 Filium
2711 1365 2836 1403 vere
2870 1347 3090 1413 Filium,
3141 1360 3193 1405 et
3228 1350 3493 1420 Spiritum

1918 1446 2168 1492 sanctum
2196 1452 2319 1491 vere
2349 1435 2614 1505 Spiritum
2649 1450 2920 1504 sanctum,
2953 1442 3096 1493 sicut
3125 1448 3179 1493 et
3228 1439 3493 1495 Dominus

1919 1538 2102 1583 noster
2142 1529 2445 1597 discipulos
2501 1545 2632 1585 suos
2683 1531 2749 1583 ad
2780 1530 3187 1598 prtdicandnm
3222 1532 3446 1587 mittens
3477 1538 3493 1554 ‘

1917 1621 1994 1674 ait
2022 1640 2034 1676 :
2074 1641 2092 1673 ι
2114 1620 2210 1683 Ite.
2237 1625 2428 1678 docete
2458 1637 2649 1677 omnes
2674 1632 2886 1692 gentes,
2931 1624 3272 1693 haptizantes
3305 1640 3399 1680 eos
3439 1628 3493 1679 in

1920 1713 2136 1768 nomine
2160 1712 2356 1775 Patris,
2381 1712 2598 1776 etFilii,
2626 1722 2681 1768 et
2711 1715 2949 1783 Spiritus
2968 1718 3144 1770 sancti
3166 1726 3215 1769 γ.
3234 1716 3336 1771 »οο
3366 1719 3491 1786 qui-

1920 1801 2021 1857 bus
2050 1803 2437 1858 conﬁrmamus
2485 1820 2586 1859 nos
2631 1805 2735 1858 hoc
2793 1806 2976 1859 animo
3015 1821 3157 1867 esse,
3211 1816 3376 1875 atque
3417 1806 3487 1859 ita

235 1879 431 1972 ματος.
476 1923 493 1954 ι
540 1879 776 1972 Περὶνῶν
819 1902 913 1956 καὶ
960 1900 1418 1972 διαϐεϐαιοῦμεθα
1453 1900 1624 1962 οὕτως
1669 1898 1814 1967 ἔχειν

1916 1894 2141 1957 sentire,
2184 1895 2422 1965 olimque
2457 1896 2561 1951 hoc
2619 1896 2804 1950 animo
2836 1896 3028 1962 fuisse,
3060 1909 3112 1953 et
3146 1899 3199 1952 in
3257 1901 3358 1952 hac
3391 1898 3492 1951 title

231 1998 330 2049 xu“.
372 1995 548 2059 οῦτως
596 1998 835 2067 φρονεῖν,
882 1995 976 2047 καὶ
1020 1993 1186 2047 πάλαι
1211 1993 1254 2023 ³⁸
1292 1992 1463 2057 οὕτως
1497 1991 1811 2061 ἐσχηκέναι,

229 2088 328 2139 καὶ
372 2089 538 2156 μέχρι
595 2086 822 2139 Θανάτου
886 2085 1023 2156 ὑπὲρ
1062 2084 1266 2153 ταύτης
1323 2082 1671 2136 συνίστασθαι
1715 2082 1813 2151 τῆς

229 2180 495 2241 πίστεως,
512 2179 995 2248 ἀναθεματίζοντες
1013 2179 1193 2231 πᾶσαν
1210 2176 1367 2231 ἄθεον
1383 2177 1612 2246 αἵρεσιν.
1630 2175 1815 2228 Ταῦτα

225 2272 345 2327 ἀπὺ
365 2272 592 2341 καρδίας
615 2273 706 2323 καὶ
727 2270 904 2340 ψυχῆς
926 2270 1351 2342 πεφρονηκέναι,
1381 2267 1440 2335 ἐξ
1460 2264 1629 2338 οὗπερ
1659 2268 1815 2338 ἴσμεν

226 2364 483 2426 ἑαυτοὺς,
532 2364 625 2415 καὶ
654 2361 747 2415 νῦν
786 2365 1003 2433 φρονεῖν
1030 2379 1089 2415 τε
1120 2363 1213 2416 καὶ
1244 2361 1420 2430 λέγειν
1447 2361 1504 2425 ἐξ
1534 2358 1813 2428 ἀληθείας,

226 2457 328 2511 ἐπὶ
381 2455 477 2508 τοῦ
518 2454 652 2509 Θεοῦ
700 2455 791 2508 τοῦ
841 2454 1280 2525 παντοκράτορος
1332 2452 1426 2505 καὶ
1473 2450 1567 2503 τοῦ
1607 2450 1813 2520 Κυρίου

227 2546 390 2620 ἡμῶν
424 2547 601 2616 Ἰησοῦ
631 2546 865 2617 Χριστοῦ
890 2544 1341 2617 μαρτυρούμεθα,
1369 2532 1637 2596 δεικνύναι
1666 2542 1815 2611 ἕχον-

226 2659 322 2705 τες
350 2643 445 2694 καὶ
489 2641 554 2693 δι’
602 2640 947 2705 ἀποδείξεως,
981 2639 1077 2692 καὶ
1107 2638 1313 2691 πείθειν
1346 2637 1488 2705 ὑμᾶς
1511 2636 1575 2696 ⁸⁷,
1609 2635 1690 2688 ὃτι
1723 2634 1816 2687 καὶ

224 2734 358 2795 τοὺς
388 2731 831 2803 παρεληλυθότας
873 2733 1095 2805 χρόνους
1132 2730 1305 2793 οὕτως
1353 2728 1709 2796 ἐπιστεύομεν
1754 2742 1815 2779 τε

228 2827 329 2879 καὶ
360 2826 762 2896 ἐκηρύσσομεν.

303 2936 527 3007 Ταύτης
560 2936 650 3004 ὑφ’
678 2935 834 3005 ἡμῶν
882 2933 1195 3004 ὲκτεθείσης
1237 2931 1333 3005 τῆς
1361 2933 1616 2997 πίστεως,
1641 2930 1817 2997 οὐδεὶς

228 3028 419 3097 παρῆν
467 3027 774 3095 ἀντιλογίας
820 3027 1002 3090 τόπος.
1065 3025 1202 3078 Ἀλλ’
1246 3025 1407 3088 αὐτός
1436 3042 1495 3078 τε
1527 3024 1740 3095 πρῶτος
1787 3026 1817 3077 ὁ

225 3118 647 3186 θεοφιλέστατος
688 3116 844 3186 ἡμῶν
888 3116 1159 3186 βασιλεὺς,
1198 3114 1312 3187 [58]
1352 3115 1613 3187 ὀρθότατα
1661 3132 1816 3185 περια

1916 1983 1983 2037 ad
2013 1995 2242 2040 mortem
2278 2000 2457 2055 usque
2480 1987 2830 2055 perstituros,
2867 1987 3087 2056 impiam
3136 2003 3353 2043 omnem
3390 1987 3493 2041 ha:-

1916 2078 2063 2131 resin
2094 2078 2444 2133 anathemate
2487 2078 2832 2133 damnantes.
2867 2077 2941 2135 De
2993 2081 3079 2133 his
3123 2095 3225 2134 nos
3281 2080 3495 2136 sincere

1915 2177 2082 2241 atque
2115 2186 2181 2224 ex
2210 2172 2396 2226 animo
2427 2171 2498 2224 ita
2536 2173 2798 2237 sensisse,
2834 2188 2898 2228 ex
2925 2186 3034 2241 quo
3065 2174 3168 2241 ipsi
3202 2188 3305 2229 nos
3336 2176 3491 2227 novi-

1918 2283 2062 2330 mus,
2110 2276 2165 2323 et
2206 2283 2355 2323 nunc
2399 2268 2566 2339 778
2596 2283 2722 2322 vere
2769 2268 2972 2323 sentire
3018 2283 3081 2322 ac
3116 2269 3284 2338 loqui,
3321 2267 3490 2323 Deum

1914 2361 2341 2432 omnipotentem
2394 2370 2449 2417 et
2499 2360 2786 2415 Dominum
2821 2370 3066 2417 nostrum
3094 2359 3284 2415 Jesum
3329 2360 3491 2415 Chri-

1916 2465 2060 2509 stum
2102 2461 2391 2520 testamur,
2456 2462 2721 2523 certaque
2778 2453 3255 2508 demonstratione
3303 2461 3492 2507 osten-

1917 2545 2049 2601 dere
2074 2561 2394 2617 possumus.
2425 2554 2480 2601 et
2504 2546 2661 2600 vobis
2687 2547 3041 2616 persuadere,
3068 2562 3168 2602 nos
3197 2547 3490 2618 praeteritis

1914 2638 2087 2691 etiam
2136 2638 2477 2707 temporibus
2506 2638 2580 2693 ita
2607 2638 2913 2694 credidisse
2946 2647 3001 2695 et
3027 2637 3376 2709 praedicasse.

1987 2929 2100 2985 Hac
2125 2946 2155 2984 a
2187 2930 2345 2986 nobis
2374 2930 2624 3001 exposita
2658 2930 2783 2995 ﬁde,
2832 2932 3018 2989 nullus
3048 2944 3167 2989 erat
3210 2941 3493 2995 contradi-

1917 3020 2075 3076 cendi
2132 3022 2310 3073 locus.
2369 3018 2475 3073 Sed
2529 3019 2740 3088 primus
2795 3021 2913 3090 ipse
2962 3020 3070 3077 Deo
3127 3024 3492 3084 charissimus

1919 3112 2217 3181 imperator
2276 3110 2588 3166 rectissima
2647 3111 2793 3166 illam
2848 3116 3136 3171 continere
3186 3117 3491 3185 afﬁrmavit,

228 3207 379 3276 ἐχειν
416 3205 585 3275 αὐτὴν
624 3205 1021 3276 ἐμαρτύρησεν.
1062 3203 1221 3257 Οῦτω
1248 3221 1307 3257 τε
1336 3204 1430 3257 καὶ
1470 3205 1659 3257 ἑαυτὸν
1684 3222 1814 3275 φρο-

1920 3218 2088 3273 seque
2122 3202 2299 3272 ipsum
2333 3203 2406 3256 ita
2471 3203 2677 3259 sentire
2731 3204 3021 3261 confessus
3051 3216 3158 3274 est,
3191 3217 3245 3264 et
3276 3220 3335 3265 ut
3366 3212 3495 3266 huic

227 3303 343 3352 νεῖν
378 3297 801 3368 συνωμολόγησε
821 3314 835 3327 ο
885 3297 981 3350 καὶ
1010 3296 1177 3367 ταύτῃ
1206 3298 1331 3359 τοὺς
1362 3297 1567 3358 πάντας
1606 3312 1810 3364 συγκα-

230 3390 572 3453 τατίθεσθαι,
616 3388 954 3460 ὑπογράφειν
1001 3406 1062 3443 τε
1091 3392 1200 3453 τοῖς
1246 3388 1499 3457 δόγμασι,
1532 3388 1625 3441 καὶ
1672 3405 1812 3459 συμ-

229 3486 433 3553 ιρωνεῖν
459 3482 505 3514 ³⁸
555 3482 763 3544 τούτοις
814 3483 996 3544 αὐτοῖς
1047 3482 1464 3553 παρεκελεύετο,
1503 3482 1619 3545 ἑνὸς
1649 3482 1813 3552 μόνον

230 3574 753 3647 προσεγγραφέντος
774 3574 1015 3645 ῥήματος
1036 3572 1141 3627 τοῦ
1164 3574 1418 3638 ὀμοουσί
1420 3590 1513 3635 ου,
1530 3572 1557 3624 ὃ
1577 3572 1668 3625 καὶ
1684 3573 1816 3627 αὐτὸ

227 3671 551 3741 ἡρμήνευσε
585 3668 791 3735 λέγων,
829 3666 910 3719 ὃτι
949 3665 1023 3736 μὴ
1054 3664 1195 3718 κατὰ
1242 3665 1509 3736 σωμάτων
1543 3664 1689 3736 πάθη
1725 3665 1813 3718 λέ-

229 3774 383 3827 γοιτο
410 3757 719 3828 ὁμοούσιος,
750 3756 874 3811 οὔτε
902 3756 1045 3810 κατά
1068 3756 1354 3828 διαίρεσιν,
1385 3755 1509 3810 οὕτε
1534 3758 1672 3811 κατά
1693 3775 1812 3811 τινα

229 3847 523 3917 ἀποτομὴν
561 3849 626 3900 ὲκ
668 3847 761 3899 τοῦ
806 3846 1017 3917 Πατρὸς
1036 3848 1080 3879 ¹⁹
1134 3848 1463 3918 ὑποστῆναι’
1526 3849 1659 3919 μηδὲ
1706 3848 1814 3919 γὰρ

226 3938 498 3993 δύνασθαι
520 3939 619 4008 τὴν
644 3939 825 4001 dilicti,
854 3940 947 3993 xui.
972 3938 1182 4010 ωεράν,
1208 3939 1302 3993 καὶ
1322 3940 1611 4010 ἀσώματον
1630 3940 1811 4010 φύσιν,

231 4032 553 4103 σωματικόν
576 4048 629 4084 τι
656 4031 825 4095 πάθος
855 4030 1199 4099 ὑφίστασθαι·
1232 4031 1394 4094 θείοις
1422 4031 1480 4085 δὲ
1523 4032 1618 4085 καὶ
1644 4033 1815 4102 ἀπορ-

226 4123 424 4193 ρήτοις
458 4120 640 4189 λόγοις
669 4120 940 4191 προσήκει
968 4121 1035 4173 τὰ
1066 4119 1289 4175 τοιαῦτα
1323 4122 1480 4175 νοεῖν.
1512 4122 1621 4174 Καὶ
1656 4124 1684 4175 ὁ
1711 4120 1812 4191 μὲν

229 4212 548 4281 σονρώτατος
579 4210 735 4281 ἡμῶν
773 4211 868 4264 καὶ
899 4210 1282 4273 εὐσεόέστατος
1315 4210 1564 4281 βασιλεὺς
1595 4210 1664 4265 τὰ
1696 4228 1812 4264 τοι·

226 4306 375 4360 αῦτα
398 4304 783 4373 διεφιλοσόφει.
816 4304 880 4357 Οἱ
907 4303 965 4357 δὲ
991 4304 1261 4375 προφάσει
1282 4304 1378 4374 τῆς
1403 4303 1496 4357 τοῦ
1525 4303 1811 4375 ὀμοουσίον

226 4397 556 4469 προσθήκης
575 4395 733 4466 τήνδε
772 4395 869 4461 τὴν
893 4396 1113 4466 γραφὴν
1137 4395 1518 4466 πεποιήκασιν.

383 4510 449 4564 Ἡ
478 4508 550 4561 ἐν
568 4506 643 4575 τῇ
667 4507 908 4575 συνόδῳ
932 4507 1410 4578 ὑπαγορευθσῖσα
1444 4509 1668 4573 πίστις.

1918 3309 2109 3349 omnes
2174 3294 2598 3358 assentirentur,
2658 3294 3003 3368 decretisque
3059 3300 3493 3364 subseriberent.

1916 3395 1972 3440 et
2001 3386 2056 3439 in
2085 3385 2172 3441 his
2196 3385 2330 3455 ipsis
2358 3386 2738 3455 conspirarent
2787 3387 3133 3456 hortabatur,
3166 3407 3270 3447 una
3292 3393 3492 3448 dunta-

1920 3488 2011 3532 xat
2034 3478 2272 3547 ascripta
2297 3493 2427 3532 voce
2448 3479 2939 3547 consubstantialis,
2960 3499 3125 3554 quam
3152 3484 3326 3555 ipsam
3350 3503 3491 3557 quu-

1916 3584 2024 3640 que
2045 3570 2435 3639 interpretatus
2454 3579 2558 3636 est,
2578 3570 2781 3627 docens
2812 3572 3009 3627 Filium
3041 3577 3491 3632 consubstantia-

1917 3661 2021 3714 lem
2053 3675 2159 3714 non
2208 3661 2366 3729 juxta
2418 3675 2714 3732 corporum
2770 3663 3092 3721 aﬂectiones
3122 3666 3253 3735 dici,
3314 3686 3491 3739 neque

1916 3767 2013 3821 per
2061 3750 2389 3805 divisionem
2436 3764 2534 3806 aut
2579 3754 2877 3808 sectionem
2923 3755 3162 3825 aliquam
3212 3774 3277 3814 ex
3327 3759 3491 3815 Patre

1915 3844 2240 3900 subsistere.
2273 3842 2415 3899 Fieri
2436 3844 2581 3899 enim
2602 3860 2709 3898 non
2738 3860 2920 3915 posse,
2947 3857 3005 3901 ut
3032 3850 3276 3905 materia:
3290 3866 3489 3922 expers

1915 3934 2385 4004 intelligibilisque
2432 3940 2491 3988 et
2538 3933 2864 4003 incorporea
2917 3945 3111 3992 natura
3161 3954 3487 4011 corpoream

1915 4025 2260 4080 ail'ectionem
2306 4025 2471 4078 ullam
2523 4026 2799 4095 recipiat:
2847 4029 2944 4082 sed
2993 4029 3123 4083 talia
3162 4029 3363 4088 divinis
3433 4045 3488 4089 et

1913 4118 2130 4172 arcanis
2171 4116 2351 4173 verbis
2406 4117 2620 4187 concipi
2674 4117 2894 4173 debere.
2951 4118 3030 4173 Ad
3061 4122 3207 4176 hunc
3263 4124 3485 4183 modum

1915 4210 2355 4281 sapientissimus
2382 4217 2437 4264 et
2470 4210 2928 4280 religiosissimus
2959 4212 3218 4284 princeps
3242 4215 3486 4284 philoso-

1913 4302 2207 4371 phabatur.
2237 4302 2488 4372 EpiscOpi
2507 4317 2639 4356 vero
2664 4302 2962 4371 adjicieadi
2982 4305 3485 4362 consubstantialie

1913 4394 2088 4465 gratia
2119 4395 2234 4450 haec
2268 4395 2476 4464 scripto
2504 4398 2857 4449 mandarunt.

2368 4505 2531 4562 Fides
2555 4510 2611 4561 in
2636 4509 2865 4563 concilio
2888 4508 3052 4564 edita.

295 4621 644 4691 Πιστεύομεν
672 4622 751 4683 είς
784 4620 881 4676 ἕνα
923 4621 1078 4685 Θεὸν,
1109 4621 1328 4693 Πατέρα
1368 4622 1807 4693 παντοκράτορα,

1983 4618 2271 4675 Credimus
2296 4620 2348 4674 in
2381 4634 2547 4674 unum
2580 4617 3011 4679 Deum.Patrem
3031 4624 3482 4694 omnipotentem,

228 4717 455 4770 πάντων
495 4711 709 4783 ὁρατῶν
746 4728 806 4764 τε
848 4712 944 4766 καὶ
992 4713 1240 4785 ἀοράτων
1289 4713 1556 4785 ποιητήν·
1591 4713 1684 4767 καὶ
1729 4717 1809 4778 εις

226 4805 324 4857 ινα
358 4804 565 4873 Κύριον
604 4802 811 4873 Ἰησοῦν
842 4804 1097 4874 Χριστὸν,
1122 4803 1213 4857 τὸν
1236 4804 1364 4856 Υίδν
1384 4803 1478 4856 τοῦ
1501 4802 1659 4868 Θεοῦ,
1682 4820 1808 4874 γεν-

224 4895 467 4966 νηθέντα
512 4895 577 4948 ἐκ
626 4894 904 4965 Πατρδς⁸⁸
961 4894 1249 4966 μονογενῆ,
1300 4895 1579 4949 τουτέστιν
1608 4897 1671 4950 ἐκ
1710 4896 1810 4968 τῆς

226 4987 421 5049 οὐσίας
447 4986 545 5039 τοῦ
582 4987 815 5058 Πατρὸς,
847 4986 979 5039 Θεὸν
1010 4989 1077 5041 ιχ
1101 4986 1261 5050 Θεοῦ,
1282 4986 1325 5019 ⁸⁸
1355 4987 1473 5057 φῶς
1512 4988 1578 5041 ἐκ
1611 4989 1808 5057 φωτὸς,

223 5077 365 5132 Θεὸν
422 5078 675 5147 ἀληθινὸν
716 5080 781 5130 ὲκ
837 5077 972 5130 Θεοῦ
1012 5076 1287 5148 ἀληθινοῦ,
1346 5078 1695 5149 γεννηθέντα,
1745 5081 1808 5133 οὐ

227 5169 553 5240 ποιηθέντα,
611 5168 894 5239 ὁμοούσιον
945 5168 1022 5240 τῷ
1085 5171 1278 5241 Πατρὶ,
1322 5170 1389 5224 δι’
1434 5164 1494 5224 οὗ
1532 5172 1602 5225 τὰ
1638 5172 1814 5225 πάντα

321 5361 351 5401 1
380 5349 577 5405 lattb.
614 5364 809 5415 sum,
845 5349 932 5404 l9.

1911 4712 2158 4767 omnium
2197 4711 2497 4767 visibilium
2529 4718 2585 4766 et
2608 4712 2964 4769 invisibilium
3010 4714 3305 4785 factorem;
3342 4728 3397 4773 et
3432 4722 3485 4774 in

1916 4821 2085 4860 unum
2120 4804 2411 4860 Dominum
2437 4804 2629 4859 Iesum
2660 4804 2963 4873 Christum,
3000 4805 3196 4864 Filium
3231 4810 3322 4866 Dei
3361 4813 3480 4865 uni.

1912 4899 2178 4970 genitum,
2209 4905 2395 4951 natum
2427 4897 2495 4952 de
2542 4897 2723 4958 Patre.
2753 4897 2857 4952 hoc
2884 4908 2967 4955 est
2994 4900 3029 4965 ,“
3057 4900 3125 4957 de
3181 4901 3485 4957 substantia

1915 4988 2113 5054 Patris,
2138 4987 2304 5044 Deum
2338 4988 2406 5044 de
2436 4987 2565 5054 Deo,
2588 4988 2752 5060 779
2771 4988 2949 5045 lumen
2968 4990 3036 5046 de
3064 4992 3291 5057 lumine,
3315 4992 3483 5049 Deum

1916 5094 2102 5134 verum
2149 5078 2218 5134 de
2247 5077 2358 5134 Deo
2386 5094 2537 5144 vero,
2569 5080 2838 5148 genitum,
2893 5095 3000 5135 non
3045 5079 3277 5148 factum,
3318 5084 3482 5137 unius

1926 5171 2245 5227 substantiae
2267 5184 2393 5226 eum
2421 5168 2605 5233 Patre,
2637 5185 2735 5239 per
2754 5185 2914 5239 quem
2942 5173 3126 5226 omnia
3158 5172 3300 5230 facta
3324 5182 3474 5235 sunt,

1539 5508 1775 5565 VARIE
1818 5508 2217 5566 LBCTIONES.

309 5636 479 5707 “si;
510 5634 718 5707 addunt
764 5631 928 5707 Basil.
970 5639 1026 5688 et
1066 5630 1253 5707 Steph.
1328 5630 1375 5664 ³⁸
1402 5627 1821 5707 γεγεννημένον.
1858 5626 2034 5707 Iidem
2072 5643 2197 5707 eum
2244 5628 2405 5707 Socr.
2449 5627 2675 5707 rectius.
2768 5626 2813 5658 “
2851 5626 3029 5707 πάλιν.
3055 5626 3202 5707 βαι.

1342 5694 1533 5771 potiti},
1581 5694 1707 5753 Bas.
1751 5698 1942 5771 ρης.
1989 5706 2043 5771 et
2088 5698 2211 5753 Lat.
2252 5697 2445 5771 Steph.
2505 5698 2963 5771 Sedaupwasiy
3019 5696 3185 5751 etiam
3231 5694 3480 5771 ‘(Jasanih

1534 5780 1721 5838 terque
1750 5768 1875 5824 Bas.
1907 5778 1962 5823 et
1993 5770 2183 5839 Steph.

919 5841 1004 5909 Ill,
1033 5844 1114 5897 17.
1191 5842 1234 5872 ⁸⁸
1265 5836 1358 5894 καί
1390 5839 1592 5895 addunt
1623 5836 1786 5893 Basil.
1816 5839 1909 5895 Gr.
1942 5849 1996 5896 et
2023 5836 2137 5895 Lat.
2169 5855 2293 5896 cum
2328 5836 2591 5908 Stephan.

228 5709 393 5762 tiose.
435 5702 549 5776 '_”
583 5702 979 5776 ἡμᾶςε-γΙιΙειη.
1041 5702 1138 5776 “'f
1186 5717 1336 5776 συμφ

232 5777 422 5837 habet,
460 5771 707 5829 Socrfet
736 5771 958 5841 Niceplt.
1037 5771 1082 5806 ⁸⁵
1112 5773 1175 5823 ἐκ
1206 5771 1436 5841 Πατρός.

229 5845 458 5917 Niceph.
493 5844 636 5901 Hist.
666 5844 839 5913 Eccl.,

2768 5626 2813 5658 “
2851 5624 3029 5681 πάλιν.
3072 5623 3202 5681 Bas.
3248 5622 3363 5677 Lat.
3404 5624 3483 5674 vt~

2298 5765 2432 5839 δοςὲκ
2463 5768 2558 5839 τοῦ
2592 5765 2823 5839 Πατρός.
2873 5765 3041 5822 Iidem
3072 5779 3201 5821 cum
3230 5765 3384 5818 Socr.
3427 5771 3481 5815 et
