4206 6450
767 352 875 413 967

1699 353 2212 438 _THEODORETI
2248 349 2583 410 EPISCOPI
2619 352 2984 412 CYRENSIS

3917 349 4027 412 958

772 476 871 513 nec
899 477 926 513 a
957 459 1211 513 Patrihus
1245 466 1376 512 tunc
1401 460 1414 477 ‘
1435 461 1700 530 temporis
1727 461 2073 532 congregatis
2102 461 2347 522 inventa,

2455 473 2646 528 ρησις,
2683 460 2802 511 οὐδὲ
2857 459 2961 511 ὑπὸ
2998 459 3105 512 τῶν
3160 457 3278 511 τότε
3317 456 3817 530 συναθροισθέντων
3843 460 4024 513 Πατί-

770 553 864 605 seil
907 568 934 603 a
977 551 1280 620 majoribus
1322 552 1453 605 olim
1490 553 1556 608 ad
1595 565 1844 623 posteros
1875 553 2132 616 deducta,
2174 551 2345 605 Euse-

772 641 895 695 bius
949 643 1238 712 perspicue
1270 651 1504 699 testatus
1545 653 1648 700 est.
1676 643 1830 710 Quod
1866 660 1994 700 vero
2037 643 2346 713 expositam

770 733 932 786 tldem
962 748 1153 789 omnes
1180 734 1342 805 783
1375 737 1464 804 qui
1499 747 1628 790 tunc
1653 746 2026 792 convenerant
2062 750 2170 788 uno
2209 750 2344 788 eon-

769 841 932 880 scnsu
1001 826 1111 882 sint
1171 828 1426 894 amplexi,
1486 836 1540 882 et
1606 828 1801 883 eodem
1858 832 1914 883 in
1977 829 2095 884 loco
2155 827 2342 891 tradit,

767 923 820 966 et
863 915 918 968 in
976 916 1087 969 alio
1124 932 1317 971 rursus
1376 933 1539 984 opere
1587 927 1852 983 testatur,
1889 920 1944 973 in
2005 934 2115 988 quo
2174 918 2342 972 vitam

767 1007 1118 1062 Constantini
1171 1008 1351 1076 magni
1393 1011 1627 1065 summis
1691 1011 1946 1066 laudibus
2009 1009 2186 1064 eﬂ‘ert.
2253 1008 2345 1063 Sic

768 1098 912 1149 enim
972 1099 1182 1152 scribit.
1241 1096 1364 1152 [Lee
1433 1099 1522 1153 ille
1569 1101 1743 1154 latino
1803 1116 2056 1155 sermone
2099 1102 2210 1154 alio
2259 1099 2337 1152 in-

771 1198 1099 1258 terpretante
1137 1194 1380 1254 locutus,
1409 1191 1663 1261 loquendi
1701 1193 1915 1264 copiam
1952 1193 2146 1264 synodi
2204 1207 2342 1263 pra-

769 1280 977 1333 a'ulibus
1020 1279 1168 1334 fecit.
1216 1283 1287 1335 lbi
1331 1291 1445 1336 tum
1482 1282 1596 1347 alii,
1624 1283 1750 1337 hinc
1776 1286 1985 1350 exorsi,
2013 1286 2222 1340 vicinos
2252 1301 2342 1341 ac-

769 1387 964 1425 cusare
1015 1383 1321 1443 cmperunt,
1361 1375 1453 1429 alii
1500 1376 1835 1446 respondere
1878 1387 1932 1432 et
1977 1378 2340 1448 recriminari,

771 1465 1022 1530 plurimis
1069 1483 1201 1546 spite
1250 1467 1316 1519 ab
1352 1477 1584 1537 utraque
1621 1477 1773 1537 parte
1808 1470 2064 1537 objectis.
2093 1470 2343 1540 Cumque

771 1555 924 1608 initio
972 1571 1174 1626 magna
1209 1567 1353 1612 esset
1400 1556 1719 1621 dimicatio,
1761 1561 2035 1628 patienter
2085 1562 2341 1616 audiebat

766 1645 949 1698 omnia
1005 1646 1338 1716 imperator,
1374 1648 1601 1718 acrique
1659 1651 1846 1705 studio
1896 1667 2018 1722 qua:
2070 1669 2340 1724 propone-

768 1736 965 1790 bantur
1020 1739 1366 1807 excipiebat,
1420 1749 1475 1796 et
1535 1742 1778 1797 vicissim
1827 1744 2116 1813 utriusque
2167 1745 2337 1813 partis

764 1828 912 1881 dicta
952 1829 1276 1893 defendens,
1306 1835 1654 1888 contentiose
1694 1835 2027 1891 dissidentes
2077 1837 2339 1904 paulatim
2375 1821 2416 1878 Β

767 1923 1176 1986 i-eronciliabat,
1195 1933 1247 1979 et
1278 1927 1524 1995 singulos
1547 1927 1780 1998 benigne
1800 1929 2106 1999 alloquens,
2127 1929 2340 1984 Graeco-

764 2028 867 2079 que
897 2023 1054 2069 utens
1089 2031 1343 2072 sermone
1374 2018 1520 2087 (nam
1555 2019 1718 2088 hujus
1745 2036 1963 2091 quoque
1986 2023 2208 2092 ignarus
2231 2038 2338 2076 non

761 2105 924 2168 erat),
956 2106 1169 2161 dulcem
1222 2124 1285 2161 ac
1325 2124 1548 2164 suavem
1589 2127 1650 2166 se
1692 2112 2007 2177 exhibebat,
2051 2116 2134 2169 his
2179 2116 2338 2170 tidem

765 2197 990 2263 faciens,
1025 2200 1147 2255 illos
1186 2201 1368 2257 verbis
1414 2201 1722 2267 inﬂectens,
1769 2207 1863 2275 qui
1912 2216 2063 2262 recte
2094 2207 2341 2264 dicerent

762 2289 1098 2354 rollaudans,
1134 2305 1327 2346 omnes
1347 2292 1414 2345 ad
1445 2294 1796 2348 concordiam
1830 2296 2135 2366 impellens,
2159 2300 2338 2367 quoad

763 2381 828 2434 ile
877 2382 1134 2436 omnibus
1185 2397 1303 2452 qua:
1348 2385 1401 2438 in
1459 2387 1893 2441 controversiam
1945 2397 2238 2455 venerant,
2271 2390 2338 2444 ad

765 2488 925 2525 uuam
968 2489 1160 2528 omnes
1193 2483 1431 2529 mentem
1464 2479 1909 2546 sententiamque
1955 2480 2233 2549 perduxit,
2284 2492 2341 2535 ut

761 2577 813 2618 rt
849 2581 1083 2621 concors
1123 2570 1266 2622 inter
1321 2585 1417 2623 eus
1469 2568 1604 2625 ﬁdes
1655 2570 1955 2637 obtineret,
1981 2585 2032 2628 et
2081 2574 2341 2629 salutaris

765 2659 887 2713 l‘esti
964 2667 1180 2728 tempus
1241 2659 1384 2714 idem
1443 2675 1638 2716 omnes
1707 2663 2108 2718 observandum
2169 2681 2333 2736 agno-

760 2759 998 2805 scerent.
1041 2752 1170 2816 Qua:
1203 2766 1367 2820 porro
1409 2754 1689 2807 communi
1730 2756 1944 2808 calculo
1986 2755 2341 2813 decreverant

763 2845 1028 2912 impressa
1057 2844 1467 2911 subscriptione
1496 2845 1708 2898 ﬁrmata
1743 2858 1891 2900 sunt.
1924 2848 1984 2899 [Et
2016 2858 2135 2917 post
2167 2865 2338 2918 pauca

760 2951 955 2990 rursus
985 2935 1136 2990 addit
1171 2955 1183 2990 :
1218 2937 1351 2991 Cum
1393 2939 1459 2992 ad
1515 2941 1660 2993 hunc
1716 2943 1932 2994 modum
1971 2945 2338 3008 valeilixissct,

759 3028 1015 3084 omnibus
1042 3028 1107 3083 ad
1141 3029 1300 3086 sedes
1336 3047 1466 3087 suas
1501 3033 1760 3087 redeundi
1801 3044 2128 3104 potestatem
2184 3037 2334 3092 fecit.

761 3119 926 3192 784
955 3120 1036 3175 illi
1075 3138 1206 3176 vero
1249 3124 1435 3177 laetitia
1466 3125 1766 3194 gestientes
1803 3126 2103 3182 redierunt.
2126 3130 2335 3183 Valuit-

758 3227 864 3278 que
896 3212 964 3267 de
1007 3224 1206 3268 caetero
1234 3216 1377 3285 apud
1410 3231 1600 3271 omnes
1633 3234 1740 3272 una
1790 3222 2079 3285 sententia,
2112 3222 2178 3276 de
2225 3239 2333 3293 qua

758 3319 944 3358 coram
996 3306 1326 3375 imperatore
1379 3319 1799 3376 consenserant,
1849 3313 1901 3365 in
1969 3330 2136 3367 unum
2177 3317 2331 3384 quasi

759 3411 964 3464 corpus
1023 3399 1464 3454 coalescentibus
1501 3402 1588 3463 iis,
1642 3402 1733 3470 qui
1794 3403 1953 3456 divisi
2003 3405 2330 3473 jampridem

760 3490 999 3542 fuerant.
1025 3491 1092 3541 At
1124 3492 1443 3560 imperator,
1484 3508 1541 3547 re
1571 3494 1707 3547 bene
1737 3503 1890 3563 gesta
1930 3495 2107 3559 lactus,
2141 3498 2207 3552 iis
2240 3500 2332 3565 qui

760 3578 972 3647 synodo
1017 3595 1122 3632 non
1175 3579 1557 3646 interfuerant,
1587 3580 1826 3635 fructum
1861 3585 2080 3640 uberem
2119 3603 2214 3655 per
2246 3589 2335 3641 lit-

761 3676 908 3720 teras
944 3667 1196 3736 praebuit,
1225 3670 1531 3737 populoque
1563 3671 1821 3725 universo
1855 3689 1948 3741 per
1983 3690 2144 3744 agros
2179 3687 2231 3730 et
2256 3679 2336 3732 ci-

760 3760 954 3812 vitates
1013 3759 1264 3827 disperso
1320 3762 1595 3829 ingentem
1644 3764 1888 3830 pecuniae
1933 3765 2042 3817 vim
2080 3767 2332 3822 distribui

755 3849 944 3916 jussit,
978 3850 1346 3904 vicennalium
1403 3853 1616 3920 imperii
1667 3855 1750 3907 sui
1803 3854 1945 3910 diem
1985 3856 2184 3912 festum
2232 3859 2336 3914 hoc

760 3943 922 3994 modo
953 3942 1342 3997 cohonestans.
1375 3942 1555 4008 Quare
1605 3945 1859 4009 Arianos,
1909 3949 2013 4003 etsi
2063 3951 2185 4005 aliis
2237 3949 2338 4003 Pa-

763 4034 936 4087 tribus
986 4036 1362 4090 contradicere
1394 4037 1620 4105 impium
1671 4053 1793 4092 esse
1827 4055 1932 4092 non
1966 4040 2171 4106 dicant,
2211 4042 2337 4095 huic

761 4135 928 4187 certe,
984 4144 1143 4195 quem
1201 4131 1483 4198 suspicere
1546 4132 1742 4198 solent,
1791 4133 2103 4188 unanimem
2167 4133 2339 4190 fuisse

761 4234 1090 4272 consensum
1131 4220 1284 4273 illum
1320 4222 1558 4288 docenti,
1585 4227 1742 4278 tidem
1779 4225 2040 4280 adhibere
2073 4241 2171 4294 par
2198 4235 2334 4280 erat.

763 4309 867 4362 Sed
901 4325 1023 4362 cum
1063 4310 1309 4378 ipsorum
1351 4329 1569 4383 quoque
1623 4315 1845 4369 Patrum
1899 4332 2126 4370 suorum
2164 4319 2178 4336 ‘
2222 4319 2339 4386 opi-

760 4403 953 4455 niones
1014 4403 1351 4471 impugncnt,
1387 4406 1675 4473 oportebat
1726 4407 1916 4462 saltem
1957 4409 2070 4460 Arii
2132 4408 2340 4476 turpis-

2452 567 2561 620 ρων
2617 551 3000 623 ἐξευρεθείσα,
3057 551 3172 605 ἀλλ’
3239 551 3448 606 ἀνωθεν
3497 555 3560 605 ἐκ
3615 555 3895 624 προγόνων
3944 556 4027 614 εἰς

2449 645 2706 711 ἐγγόνους
2752 645 3098 714 καταγομένη
3119 683 3133 707 ,
3170 644 3353 713 σαφῶς
3399 645 3826 714 μεμαρτύρηκεν
3860 645 3888 694 6
3917 642 4024 694 Εὖ-

2451 735 2647 799 σέὸιος.
2677 737 2797 789 ’Ότι
2827 736 2882 789 δὲ
2915 737 3008 789 καὶ
3055 737 3290 798 ἅπαντες
3321 737 3369 789 οί
3401 735 3700 806 τηνικαῦτα
3735 733 4015 802 συναθροι-

2450 828 2668 892 σθέντες
2735 829 3041 898 συμφώνως
3110 828 3210 900 τὴν
3282 827 3596 881 ἐκτεθεῖσαν
3667 827 4028 889 κατεδέξαντο

2448 921 2668 986 πίστιν,
2722 920 3000 973 κάνταῦθα
3047 919 3147 988 ἔφη
3175 959 3190 982 ,
3239 919 3333 972 καὶ
3385 919 3545 972 πάλιν
3596 921 3653 972 ἐν
3686 920 3860 1002 ἐτέρῳ
3891 935 4024 984 συγ-

2449 1011 2737 1080 γράμματι
2776 1013 3064 1080 μαρτυρεῖ,
3093 1010 3185 1062 τοῦ
3219 1009 3453 1078 μεγάλου
3483 1009 3893 1062 Κωνσταντίνου
3923 1008 4026 1075 τὴν

2447 1105 2723 1159 πολιτείαν
2776 1105 3073 1174 εὐφημίαις
3123 1105 3413 1175 γεραίρων.
3453 1105 3614 1171 Λέγει
3653 1104 3709 1155 δέ
3748 1103 3984 1164 οὔτωςη
4010 1120 4022 1130 ·

2456 1198 2515 1251 '0
2549 1197 2648 1266 μὲν
2684 1197 2746 1266 δὴ
2780 1196 2931 1250 ταῦτ’
2965 1194 3137 1248 είπὼν
3176 1196 3428 1265 Ῥωμαία
3455 1194 3666 1266 γλώττῃ
3697 1236 3713 1255 ,
3766 1198 4024 1265 ὐφερμη-

2446 1289 2692 1349 νεύοντος
2723 1287 2936 1356 ἐτέρου,
2981 1285 3265 1350 παρεδίδου
3299 1285 3396 1356 [41
3425 1284 3443 1356 ]
3473 1287 3566 1339 τὸν
3597 1287 3750 1354 λόγον
3779 1291 3891 1348 τοῖς
3921 1287 4027 1352 τῆς

2448 1377 2663 1430 συνόδου
2699 1377 3003 1448 προέδροις.
3057 1376 3332 1428 Ἐντεῦθεν
3375 1376 3432 1428 δέ
3463 1378 3512 1428 oi
3563 1379 3660 1446 μὲν
3692 1378 4022 1448 ἀρξάμενοι,

2446 1467 2780 1538 κατῃτιῶντο
2799 1469 2924 1530 τοὺς
2955 1467 3121 1529 πέλας
3144 1467 3190 1497 ⁷³
3213 1484 3226 1496 ·
3257 1469 3305 1518 oi
3335 1468 3391 1520 δέ
3422 1466 3788 1533 ἀπελογοῦντό
3827 1486 3883 1519 τε
3914 1468 4016 1521 καὶ

2444 1559 2887 1629 ἀντεμέμφοντο,
2927 1560 3195 1611 πλείστων
3221 1559 3354 1629 δῆτα
3389 1561 3476 1626 ὑφ’
3509 1561 3768 1630 ἐκατέρου
3802 1561 4022 1626 τάγμαο

2442 1669 2534 1714 τος
2560 1652 3009 1722 προτεινομένων.
3037 1652 3246 1720 Πολλῆς
3279 1670 3337 1705 τε
3369 1653 3700 1721 ἀμφιλογίας
3732 1652 3802 1704 τὰ
3825 1652 4023 1721 πρῶτα

2445 1745 2882 1816 συνισταμένης,
2953 1744 3289 1810 ἀνεξικάκως
3336 1746 3645 1815 ἐπηκροᾶτο
3690 1747 3717 1796 6
3764 1743 4023 1812 βασιλεὺς

2443 1839 2550 1890 τῶν
2588 1839 2827 1898 πάντων,
2865 1837 3026 1907 σχολῇ
3058 1854 3118 1889 τε
3142 1838 3342 1907 εύτόνῳ
3370 1837 3467 1900 τὰς
3494 1837 3791 1906 προτάσεις
3822 1836 4025 1888 ὑπεδέ-

2442 1947 2583 2002 χετο,
2614 1933 2670 1983 ἐν
2714 1931 2866 2000 μέρει
2899 1947 2956 1982 τε
3002 1928 3532 2000 ἀντιλαμϐανόμενος
3566 1929 3674 1982 τῶν
3718 1927 3850 1997 παρ’
3884 1928 4020 1980 ἐκά-

2445 2041 2568 2076 στου
2590 2023 2867 2093 τάγματος
2909 2021 3236 2090 λεγομένων,
3267 2021 3448 2094 ἠρέμα
3483 2021 3680 2090 συνῆγε
3709 2021 3832 2083 τοὺς
3868 2020 4020 2087 φιλο-

2442 2115 2632 2177 νείκως
2663 2114 3068 2183 ἐνισταμένους,
3097 2114 3285 2183 πράως
3311 2130 3372 2165 τε
3402 2113 3722 2182 ποιούμενος
3754 2114 3854 2174 τὰς
3879 2112 4020 2179 πρὸς

2441 2208 2668 2260 ἕκαστον
2703 2206 2938 2276 ὁμιλίας.
2992 2203 3315 2276 Ἐλληνίζων
3344 2223 3406 2258 τε
3439 2208 3503 2274 τῇ
3541 2207 3714 2272 φωνῇ,
3749 2205 3829 2256 ὅτι
3879 2205 4019 2272 μηδὲ

2442 2298 2643 2367 ταύτης
2684 2298 2912 2367 ἀμαθῶς
2961 2292 3110 2367 εἶχε,
3145 2297 3409 2365 γλυκερός
3443 2313 3527 2359 τις
3557 2293 3626 2367 ἦν
3643 2295 3688 2326 ’⁵
3732 2297 3826 2348 καὶ
3861 2296 4018 2365 ἡδὺς,

2439 2390 2566 2450 τους
2596 2388 2693 2457 μὲν
2721 2388 3056 2457 συμπείθων,
3083 2389 3208 2449 τοὺς
3231 2387 3286 2439 δέ
3310 2387 3717 2440 καταδυσωπὼν
3746 2387 3821 2456 τῷ
3846 2387 4020 2458 λόγῳ,

2438 2479 2563 2542 τοὺς
2595 2479 2640 2532 δ’
2689 2474 2748 2531 εὖ
2779 2479 3038 2545 λέγοντας
3082 2477 3358 2530 ἐπαινῶν·
3406 2479 3614 2540 πάντας
3652 2477 3708 2529 δὲ
3760 2481 3837 2540 είς
3882 2479 4018 2547 ὁμό-

2440 2587 2586 2622 νοιαν
2615 2570 2846 2622 ἐλαύνων
2860 2571 2926 2632 ",
2947 2572 3051 2633 ἕως
3078 2571 3166 2623 ὅτε
3188 2571 3579 2641 ὁμογνώμονας
3603 2574 3697 2624 καὶ
3723 2573 4022 2642 ὁμοδόξους

2440 2663 2636 2725 αὐτοὺς
2682 2664 2775 2715 ἐπὶ
2818 2667 2928 2726 τοῖς
2962 2664 3497 2735 ἀμφισϐητουμένοις
3533 2667 3704 2718 ἃπασι
3749 2667 4024 2734 κατεστή-

2442 2772 2603 2806 σατο·
2636 2756 2710 2817 ὡς
2757 2757 3034 2823 ὁμόφωνον
3077 2756 3178 2825 μὲν
3217 2758 3485 2826 κρατῆσαι
3519 2759 3616 2827 τήν
3665 2758 3882 2815 πίστιν.
3918 2756 4026 2824 τῆς

2439 2847 2494 2898 δὲ
2533 2847 2799 2915 σωτηρίου
2833 2848 3025 2916 ἑορτῆς
3057 2846 3145 2898 τὸν
3176 2847 3338 2899 αὑτὸν
3370 2846 3517 2916 παρά
3545 2850 3656 2908 τοῖς
3685 2848 3850 2898 πᾶσιν
3882 2849 4020 2913 ὀμο-

2439 2941 2730 3010 λογηθῆναι
2759 2940 2969 3008 καιρόν.
3015 2939 3305 3010 Ἐκυροῦτο
3339 2939 3395 2991 δὲ
3439 2938 3536 3008 ἤδη
3574 2939 3665 2989 καὶ
3693 2939 3946 3006 ἐγγρανῇ
3975 2937 4028 2967 ﬂ

2440 3031 2901 3100 ύποσημειώσεως
2941 3031 3170 3083 ἑκάστου
3215 3029 3283 3083 τὰ
3340 3031 3488 3098 κοινῇ
3529 3028 3846 3095 δεδογμένα.
3911 3027 4027 3080 Καὶ

2443 3123 2580 3193 μετὰ
2635 3122 2844 3192 βραχέα
2902 3121 3066 3174 πάλιν
3137 3119 3230 3173 καὶ
3281 3118 3457 3172 ταῦτα
3490 3119 3533 3149 ⁷⁷
3605 3117 4020 3187 προστέθεικεν.

2439 3217 2594 3269 Οὕτω
2619 3217 2664 3247 ⁷⁸
2698 3215 2763 3284 δὴ
2789 3214 3208 3283 συνταξάμενος,
3239 3213 3330 3264 ἐπὶ
3362 3212 3429 3264 τὰ
3469 3210 3618 3279 σφῶν
3666 3212 3842 3262 οἰκεῖα
3890 3210 4025 3271 τοὺς

2437 3312 2642 3368 πάντας
2671 3307 2950 3360 ἐπανιέναι
2977 3307 3148 3374 ἠφίει.
3168 3306 3230 3356 Οί
3256 3305 3311 3357 δέ
3343 3304 3650 3373 ἐπανῄεσαν
3683 3304 3781 3354 σὺν
3815 3302 4025 3370 εὐφρο-

2440 3399 2590 3470 σύνῃ.
2641 3397 2892 3466 Ἐκράτει
2937 3414 2994 3448 τε
3028 3395 3090 3446 τὺ
3123 3394 3308 3447 λοιπὸν
3364 3397 3516 3463 παρά
3564 3395 3674 3456 τοῖς
3727 3395 3862 3444 πᾶσι
3919 3391 4028 3458 μία.

2439 3491 2631 3560 γνώμη
2679 3492 2711 3559 ἡ
2765 3489 2917 3558 παρά
2953 3487 3029 3557 τῷ
3071 3487 3345 3556 βασιλεῖ⁷⁹
3385 3484 3810 3554 συμφωνηθεῖσα
3836 3525 3850 3550 ,
3893 3503 4025 3537 συν-

2438 3582 2780 3652 απτομένων,
2809 3580 2996 3650 ὥσπερ
3027 3580 3115 3648 ὑφ’
3165 3579 3243 3630 ἑνὶ
3278 3579 3513 3646 σώματι,
3549 3576 3658 3628 τῶν
3700 3577 3763 3628 ἐκ
3798 3577 4024 3644 μακροῦ

2437 3675 2802 3744 διῃρημένων.
2853 3674 2964 3725 Καὶ
3012 3671 3075 3740 δὴ
3115 3671 3322 3740 χαίρων
3374 3671 3400 3721 6
3455 3669 3708 3737 βασιλεὺς
3739 3670 3782 3698 ⁸ο
3817 3669 3911 3719 ἐπὶ
3942 3669 4028 3737 τῷ

2440 3765 2865 3835 κατορθώματι,
2934 3766 3044 3826 τοῖς
3106 3763 3179 3832 μὴ
3256 3760 3630 3830 παρατυχοῦσι
3690 3763 3754 3828 τῇ
3814 3759 4026 3827 συνόδῳ

2439 3861 2649 3931 καρπὸν
2694 3857 2896 3928 εὐθαλῆ
2961 3858 3026 3909 δι’
3084 3857 3374 3925 ἐπιστολῆς
3411 3856 3703 3922 ἐδωρεῖτο,
3758 3853 3908 3915 λαοῖς
3961 3871 4024 3906 τε

2439 3950 2702 4009 Eiram",
2739 3951 2853 4010 τοῖς
2897 3965 2956 3999 τε
3005 3949 3125 3999 κατ’
3166 3947 3366 4016 ἀγροὺς
3391 3985 3406 4002 .
3471 3946 3702 4006 καὶτοῖς
3743 3945 3888 4011 ἀμφὶ
3921 3947 4025 4005 τας

2441 4041 2646 4101 πόλεις,
2679 4040 2976 4110 χρημάτων
3015 4038 3279 4106 ἀφθόνους
3325 4037 3587 4097 διαδόσεις
3622 4034 3895 4086 ποιεῖσθαι
3938 4034 4022 4085 δι-

2441 4131 2719 4184 εκελεύετο
2742 4131 2828 4195 θ’,
2884 4124 2987 4183 ὧδέ
3037 4147 3112 4200 πη
3168 4131 3441 4199 γεραίρων
3501 4129 3600 4194 τὴν
3667 4128 3862 4196 ἑορτὴν
3921 4127 4026 4192 τῆς

2441 4224 2786 4285 εἰκοσαετοῦς
2851 4223 3144 4292 βασιλείας.
3200 4223 3345 4274 Ἔδει
3413 4224 3512 4291 μὲν
3571 4218 3726 4275 οὖν⁸³
3773 4222 3902 4282 τοὺς
3949 4221 4026 4272 τά

2455 4316 2665 4384 Ἀρείου
2704 4314 3035 4385 φρονοῦντας
3062 4353 3076 4375 ,
3115 4317 3162 4367 εί
3199 4314 3293 4366 καὶ
3342 4317 3454 4377 τοῖς
3505 4314 3687 4375 ἄλλοις
3736 4313 4026 4380 Πατρασιν

2443 4401 2743 4468 ἀντιλέγειν
2777 4404 2876 4454 οὐκ
2931 4401 3179 4470 ἐνόμιζον
3221 4403 3508 4464 δυσσεϐὲς,
3545 4401 3716 4470 τούτῳ
3755 4401 3889 4469 γοῦν
3925 4418 4025 4453 ττι-

761 4495 957 4546 simam
990 4502 1042 4546 ct
1076 4495 1324 4548 horroris
1351 4497 1565 4564 plenam
1602 4507 1833 4552 mortem
1861 4498 2104 4560 edoctos,
2133 4498 2337 4552 editam

2446 4495 2674 4557 στεύειν,
2704 4495 2763 4546 ὃν
2786 4495 3086 4564 θαυμάζειν
3109 4495 3354 4557 εἰώθασι,
3381 4496 3667 4563 σύμφωνον
3690 4495 4024 4562 γεγενῆσθαι

763 4589 832 4642 ub
851 4605 918 4642 eo
948 4589 1276 4658 impietatem
1301 4591 1448 4643 omni
1473 4591 1656 4645 studio
1677 4591 1934 4662 eli‘ugere.
1970 4593 2038 4646 At
2067 4592 2330 4660 quoniam

765 4679 988 4732 modum
1026 4680 1143 4746 ejus
1198 4681 1388 4732 mortis
1442 4681 1746 4735 verisimile
1781 4693 1865 4735 est
1909 4698 2019 4735 non
2079 4679 2336 4733 omnibus

761 4780 1108 4842 perspectum
1139 4787 1280 4832 esse,
1309 4789 1406 4841 ego
1443 4773 1584 4825 hanc
1623 4774 1785 4826 etiam
1841 4782 1899 4824 ut
1933 4772 2161 4837 contigit
2189 4785 2336 4825 corn-

765 4865 1101 4918 memorabo.

2444 4587 2542 4654 τὴν
2573 4585 2862 4655 ὁμολογίαν
2907 4587 3122 4656 ἐκείνην
3168 4586 3492 4639 διδάσκοντι.
3559 4585 3775 4654 Ἐπειδὴ
3826 4585 3884 4636 δὲ
3920 4590 4021 4636 καὶ

2446 4676 2581 4746 πρὸς
2606 4677 2705 4739 τὰς
2741 4678 2846 4729 τῶν
2891 4678 3107 4730 οἰκείων
3155 4678 3418 4748 Ιιατέρων
3447 4677 3801 4747 διαμάχονται
3833 4676 4022 4740 δόξας,

2446 4769 2613 4836 ἐχρῆν
2661 4767 2788 4834 γοῦν
2812 4769 2859 4798 ⁸⁸
2915 4769 3125 4838 Ἀρείου
3163 4769 3261 4835 τὴν
3301 4768 3582 4837 αίσχίστην
3632 4766 4025 4837 μεμαθηκότας

2445 4861 2538 4912 καὶ
2572 4861 2770 4930 φρίκης
2817 4863 3089 4930 γέμουσαν
3119 4861 3395 4929 τελευτὴν,
3429 4863 3616 4928 φυγεῖν
3645 4861 3805 4913 παντὶ
3839 4859 4024 4911 σθεζνει

761 4953 858 5022 τὴν
884 4953 974 5005 ὑπ’
1007 4953 1213 5006 ἐκείνου
1249 4953 1534 5022 τεχθεῖσαν
1562 4952 1678 5025 [4ἓῖ
1717 4955 1989 5007 ἀσέϐειαν.
2033 4953 2252 5020 Ἐπειδὴ
2301 4949 2358 5004 δὲ
2388 4949 2533 5014 εἰκὸς
2597 4952 2671 5021 μὴ
2735 4955 2938 5016 πάντας
2993 4952 3191 5006 εἰδέναι
3237 4952 3331 5006 τοῦ
3373 4951 3605 5008 θανάτου
3649 4954 3739 5004 τὸν
3790 4952 4024 5021 τρόπον,

764 5043 871 5110 ἐγὼ
903 5045 993 5096 καὶ
1031 5045 1216 5096 τοῦτον
1246 5046 1319 5108 th;
1358 5047 1570 5112 ἐγένετο
1606 5045 1960 5115 διηγήσομαι.

2064 5222 2091 5273 \
2108 5220 2294 5276 ΑιιυΕ
2334 5218 2735 5276 LECTIONES.

853 5363 897 5391 "
929 5361 1102 5413 Locus
1144 5370 1221 5414 est
1259 5362 1310 5414 in
1345 5362 1560 5415 Eusebii
1594 5360 1671 5414 De
1699 5362 1804 5413 vita
1839 5358 2172 5412 Constantini
2208 5358 2300 5410 lib.
2336 5355 2422 5419 Ill,
2463 5371 2512 5410 c.
2550 5370 2669 5414 xm,
2704 5369 2861 5420 quem
2896 5355 3092 5421 repetit
3141 5353 3393 5405 Socrates
3438 5349 3504 5421 Η.
3548 5350 3609 5403 Ε.
3653 5349 3694 5410 Ι,
3731 5349 3783 5402 8.

3865 5349 3912 5380 ⁷³
3937 5350 4026 5400 τό·-

766 5450 896 5495 πους
932 5432 1114 5493 πέλας.
1151 5431 1313 5485 Basil.
1346 5431 1439 5483 Gr.
1515 5433 1561 5463 τι
1581 5432 1666 5498 γλ,
1696 5431 1751 5483 δέ
1782 5447 1864 5491 τις
1891 5426 1978 5499 ἦν.
2005 5429 2168 5483 Basil.
2193 5428 2308 5486 Gr.,
2339 5417 2506 5499 Saiv_i|.
2537 5417 2868 5499 [λυιςύτερος
2902 5417 3061 5499 habet
3087 5422 3341 5499 Socrates
3364 5430 3416 5475 et
3437 5419 3659 5499 Niceph:
3689 5423 3756 5472 Η.
3789 5417 3852 5499 ξ..
3883 5418 4023 5499 \'|||_,

768 5502 852 5554 17.
951 5501 994 5532 ⁷⁵
1034 5501 1277 5570 ἤλαυνεν.
1326 5503 1486 5554 ιῖηεὶι.
1545 5503 1674 5564 GL,
1722 5500 1888 5553 Savil.

765 5572 956 5626 ταῦτα.
1002 5570 1166 5625 Basil.
1213 5572 1307 5625 Gr.

768 5640 1057 5725 Eusebius.
1134 5642 1180 5671 "°
1211 5643 1411 5725 χαίρων
1442 5644 1570 5710 δῆτα
1613 5641 1888 5725 βασιλεύς.⁸
1920 5640 2104 5694 Iidem.

768 5782 898 5849 γοῦν
933 5783 1097 5840 Basil.
1133 5780 1226 5835 Gr.
1275 5793 1323 5838 el
1357 5782 1541 5853 Steph.
1580 5783 1775 5836 habent
1809 5780 1922 5832 τοῦ.

1986 5499 2031 5530 ⁷⁸
2070 5499 2376 5570 ἐγγραφίδὲ
2431 5487 2788 5570 B:isi|_.__G[._i
2836 5494 3132 5570 ἐγγράφως
3181 5487 3430 5570 S_0crpt._,
3466 5487 3700 5570 ANireph.

1400 5574 1442 5602 ⁷⁸
1476 5572 1656 5626 Locus
1703 5580 1785 5625 est
1832 5570 2047 5623 Eusebii
2093 5564 2184 5622 De'
2211 5570 2303 5622 vit.
2335 5566 2521 5621 Const.
2565 5566 2652 5622 Ill.
2696 5564 2786 5628 2|,
2833 5564 2922 5618 22.

1400 5644 1570 5690 ιδῗτα
1613 5641 1881 5690 Βασιλεύς.
1920 5640 2104 5690 Iidem.
2203 5637 2243 5670 "
2282 5642 2432 5690 πᾶσι.
2471 5636 2589 5689 Bas.
2622 5635 2715 5688 Gl‘.
2814 5637 2857 5665 ⁸⁸
2884 5653 2922 5686 τε

767 5714 853 5765 sil.
886 5711 1016 5770 GL;
1053 5705 1446 5777 παρεκελεύετο
1487 5705 1647 5764 etiam
1697 5711 1994 5773 Eusebius,
2031 5711 2122 5765 sed
2153 5706 2486 5762 διεκελεύετο
2523 5705 2783 5777 St-phan.

3801 5490 3845 5519 '"
3879 5491 4028 5542 κατὰ

3019 5564 3062 5594 ⁷⁸
3095 5565 3225 5629 παρ’
3269 5561 3415 5631 αὑτῷ
3465 5561 3696 5628 βασιλεῖ..
3739 5560 3862 5614 Bas.
3897 5559 4022 5631 (in.

2814 5637 2857 5665 ⁸⁸
2884 5635 3151 5687 ποιεῖσθαι
3180 5629 3442 5693 διαδόσεις
3475 5631 3880 5701 παρακελεύων.
3921 5629 4025 5701 [ιλ.

2875 5705 2919 5736 ⁵³
2946 5701 3037 5758 οὖν
3073 5705 3338 5759 omissum
3373 5703 3424 5756 in
3463 5699 3624 5757 Basili
3659 5702 3751 5756 Gr.
3834 5699 3879 5732 “
3918 5699 4029 5756 Pro
