4206 6450
186 400 297 465 949

810 528 1060 583 ΚΕΦΔΛ.
1093 529 1193 585 Il".

198 612 334 682 Περὶ
362 612 477 680 τῆς
520 617 745 684 Ἀρείου
782 618 1070 685 τελευτῆς
1093 660 1106 679 ,
1146 620 1213 674 ἐκ
1256 617 1369 688 τῆς
1416 618 1768 674 Ἀθανασίου

823 689 1173 757 ἐπιστολῆς.

265 776 528 831 Πλεῖστον
551 772 704 843 οὗτος
720 784 777 834 ἐν
806 782 1180 854 Ἀλεξανδρείᾳ
1198 782 1480 854 διατρίψας
1501 784 1687 855 χρόνον
1700 784 1765 847 ⁸⁸,

199 868 557 939 ἐπικωμάσαι
606 873 769 927 πάλιν
817 876 931 937 τοῖς
977 874 1447 945 ἐκκλησιαστικαῖς
1491 877 1769 944 συλλόγοις

199 958 475 1024 ἐϐούλετο,
505 962 838 1034 ἀρνούμενος
881 964 979 1034 τὴν
1017 966 1292 1033 ἀσέϐειαν,
1339 968 1433 1021 καὶ
1471 967 1568 1039 τὴν
1614 972 1769 1021 ἐκτε-

202 1054 384 1102 θεῖσιν
416 1052 524 1105 ὑπο
568 1055 680 1107 τῶν
712 1056 971 1127 Πατέρων
1009 1057 1298 1127 ὁμολογίαν
1346 1059 1771 1130 ὑπισχνούμενος

196 1140 472 1209 δέχεσθαι.
514 1144 603 1209 Ὠς
630 1146 687 1200 δέ
714 1146 838 1200 οὔτε
874 1148 964 1201 τὸν
991 1148 1136 1203 θετον
1160 1149 1209 1182 ⁸⁸
1254 1150 1600 1221 Ἀλέξανδρον
1627 1152 1774 1205 ἐπει-

202 1252 308 1295 σεν,
333 1236 463 1290 οὔτε
490 1238 596 1310 μὴν
626 1239 960 1308 Ἀθανάσιον,
992 1242 1083 1297 τὸν
1100 1243 1198 1315 τῆς
1224 1242 1429 1296 ἐκείνου
1457 1245 1775 1317 προεδρείας

202 1329 290 1377 καὶ
317 1329 605 1394 εὐσεϐείας
634 1332 897 1402 διάδοχον,
929 1334 1090 1389 πάλιν
1130 1334 1219 1388 διὰ
1260 1339 1359 1405 τῆς
1384 1337 1644 1391 Εὐσεϐίου
1677 1336 1773 1391 τοῦ

203 1417 563 1490 Νικομηδέως
602 1424 836 1494 σπουδῆς
864 1465 878 1489 ,
927 1427 1009 1489 είς
1050 1425 1151 1498 τὴν
1202 1429 1775 1483 Κωνσταντινούπολιν

201 1507 425 1578 έδραμε.
458 1512 540 1565 Τά
571 1514 617 1567 δ’
648 1515 738 1568 ὑπ’
768 1516 979 1570 ἐκείνου
1021 1520 1349 1589 τυρευθέντα
1373 1561 1387 1585 ,
1417 1521 1511 1573 καὶ
1539 1521 1644 1574 ὑπὸ
1679 1523 1773 1575 τοῦ

203 1600 412 1655 δικαίου
450 1602 789 1673 ψηφισθέντα
847 1607 1070 1678 κριτοῦ,
1117 1609 1340 1680 ἄμεινον
1380 1613 1409 1664 6
1441 1611 1620 1665 πάντα
1656 1613 1777 1682 ἀρι-

205 1709 327 1754 στος
368 1694 689 1761 Ἀθανάσιος
716 1700 774 1752 ἐν
808 1702 920 1763 τοῖς
958 1701 1095 1771 πρὸς
1137 1702 1377 1756 Ἀπίωνα
1403 1702 1449 1736 ⁸⁷
1478 1703 1776 1773 διηγήσατο

203 1785 566 1853 γράμμασιν·
606 1787 716 1855 ἐγὼ
758 1790 815 1843 δέ
859 1790 1137 1845 καὶτοῦτο
1166 1792 1227 1845 τὸ
1271 1793 1435 1863 μέρος
1474 1792 1681 1858 ἐντάξω
1706 1797 1774 1865 τῇ

1187 413 1768 477 ECCIESIASTIC/E
1807 414 2184 479 HISTORL‘E
2225 420 2367 480 LIB.
2407 418 2455 481 Ι.

1804 532 1852 589 Δ

3341 424 3444 489 950

2179 530 2329 585 cae.
2368 530 2505 585 xm.
2540 529 2635 601 [Β.
2666 532 2745 585 St.
2778 531 2877 586 cn.
2904 531 2969 589 γ,
3009 532 3131 605 ιι]

2088 620 2167 675 De
2196 623 2310 675 Arii
2338 634 2523 687 morte,
2558 637 2623 675 ea:
2651 623 2873 691 epistola
2914 624 3214 677 Athanasii.

1945 773 2291 830 Alexandria:
2323 774 2584 831 diuturno
2613 779 2703 833 hic
2755 785 3000 847 tempore
3047 792 3443 849 commoratus,

1879 866 2146 921 insultare
2173 869 2370 923 iterum
2396 873 2761 926 conventibus
2820 873 3214 927 ecclesiasticis
3254 875 3444 941 voluit,

1879 958 2047 1029 impia
2101 960 2354 1029 dogmata
2408 964 2659 1033 ejurans,
2704 966 3069 1035 traditamque
3108 982 3139 1021 a
3192 966 3445 1024 Patribus

1882 1051 2285 1106 confessionem
2330 1054 2449 1109 ndei
2482 1062 2869 1125 suscepturum
2912 1072 2971 1112 se
2997 1058 3345 1126 promittens.
3381 1060 3446 1111 At

1882 1140 1975 1193 ubi
2001 1157 2178 1209 neque
2236 1142 2399 1212 785
2452 1143 2639 1198 divino
2701 1144 3016 1198 Alexandro
3058 1146 3106 1198 id
3151 1147 3445 1216 persuasit,

1882 1245 2058 1299 neque
2092 1232 2255 1300 hujus
2281 1233 2555 1287 cathedrae
2586 1236 2915 1306 pietatisque
2947 1237 3252 1291 successori
3282 1237 3452 1291 Atha-

1882 1322 2060 1386 nasio,
2107 1322 2327 1378 Eusebii
2388 1338 2583 1379 rursus
2637 1325 3071 1383 Nicomediensis
3106 1342 3270 1397 opera
3303 1328 3449 1383 Con-

1882 1414 2291 1483 stantinopolim
2310 1415 2613 1470 contendit.
2635 1417 2769 1483 Quae
2792 1430 2973 1473 autem
2999 1418 3074 1474 ibi
3103 1419 3327 1473 molitus
3356 1420 3450 1483 sit,

1880 1517 1935 1561 et
1974 1521 2137 1576 quam
2175 1507 2244 1561 ab
2266 1507 2419 1576 justo
2444 1508 2629 1576 judice
2671 1511 2998 1564 sententiam
3036 1510 3336 1580 exceperit,
3366 1510 3453 1563 di-

1883 1599 2081 1653 sertius
2110 1598 2595 1667 praestantissimus
2618 1600 2955 1657 Athanasius
2976 1602 3028 1655 in
3052 1602 3169 1656 suis
3202 1601 3268 1655 ad
3293 1601 3455 1668 Apio-

1884 1704 2006 1745 nem
2028 1692 2223 1746 litteris
2239 1694 2488 1762 exposuit
2514 1711 2528 1747 :
2552 1708 2783 1762 quarum
2807 1701 3018 1764 partem
3042 1694 3186 1747 illam
3205 1692 3309 1747 hoc
3331 1691 3452 1746 loco

1885 1784 2145 1838 intexam.
2178 1783 2289 1855 Ego
2318 1767 2561 1855 quidem,
2593 1786 2792 1855 inquit,
2826 1784 3303 1855 ConstantinOpoli
3345 1798 3457 1839 non

205 1882 517 1946 συγγραφῇ.
571 1880 711 1948 Ἐγὼ
743 1881 841 1950 μὲν
882 1884 943 1935 οὐ
976 1884 1244 1955 παρήμην
1291 1886 1347 1937 ἐν
1379 1888 1445 1955 τῇ
1483 1887 1775 1940 Κωνσταν-

1881 1890 2051 1940 eram,
2070 1877 2291 1946 quando
2311 1876 2401 1931 ille
2422 1884 2670 1931 mortuus
2687 1884 2803 1931 est:
2824 1876 2915 1931 sed
2935 1874 3204 1930 Macarius
3231 1875 3458 1945 presby-

202 1968 532 2033 τινουτοόλει,
568 1969 656 2023 ὅτι
701 1970 1084 2043 τετελεύτηκεν
1116 1975 1320 2037 ἐκεῖνος
1357 1989 1371 2004 °
1403 1975 1691 2046 Μακάριος
1716 1976 1775 2030 δέ

200 2054 229 2104 6
260 2056 638 2127 πρεσϐύτερος
682 2061 897 2131 παρῆν,
950 2063 1201 2117 κάκείνου
1252 2064 1503 2132 λέγοντος
1541 2066 1772 2137 ηκουσα.

213 2145 515 2218 Ἐκέκλητο
548 2151 646 2219 μὲν
690 2153 839 2220 παρά
872 2153 1283 2208 Κωνσταντίνου
1326 2154 1420 2209 τοῦ
1434 2156 1478 2188 ⁸⁸
1511 2156 1777 2227 βασιλέως

203 2239 427 2310 ’Δρειος
455 2242 519 2294 ἐκ
561 2243 795 2314 σπουδῆς
834 2244 943 2297 τῶν
982 2247 1109 2316 περὶ
1140 2246 1421 2301 Εὑσέϐιον.
1452 2248 1777 2304 Είσελθόντα

198 2331 253 2384 δὲ
278 2332 327 2364 ⁸³
356 2334 450 2385 τὸν
485 2335 701 2404 Ἀρειον
730 2335 1013 2407 ἀνέκρινεν
1039 2338 1069 2391 6
1100 2336 1371 2408 βασιλεὺς,
1400 2342 1447 2393 εί
1474 2341 1573 2410 τὴν
1596 2341 1779 2394 πίστιν

200 2425 300 2492 τῆς
334 2424 634 2496 καθολικῆς
679 2426 1003 2498 Ἐκκλησίας
1032 2429 1163 2499 ἔχοι.
1192 2432 1363 2496 Αὐτός
1390 2449 1450 2486 τε
1476 2428 1568 2487 οὖν
1594 2434 1777 2503 ὤμοσε

200 2515 489 2568 πιστεύειν
518 2516 712 2587 ὀρθῶς,
746 2520 839 2573 καὶ
868 2520 1144 2589 ἔγγραφον
1172 2523 1461 2577 ἐπιδέδωκε
1502 2525 1735 2591 πίστεως
1759 2544 1774 2558 ·

202 2606 422 2676 κρύψας
457 2608 553 2677 μὲν
594 2612 678 2678 ἐφ’
716 2607 796 2674 οἷς
828 2612 1089 2683 ἐξεϐλήθη
1148 2614 1248 2685 τῆς
1298 2616 1622 2686 Ἐκκλησίας
1675 2619 1779 2672 ὑπὸ

212 2697 571 2769 Ἀλεξάνδρου
596 2700 688 2753 τοῦ
720 2702 1039 2767 ἐπισκόπου,
1073 2705 1502 2775 ὑποκρινάμενος
1522 2708 1569 2740 ⁸⁸
1596 2708 1652 2761 δὲ
1679 2711 1777 2773 τὰς

199 2788 310 2841 ἀπὸ
360 2788 470 2841 τῶν
514 2790 749 2861 Γραφῶν
800 2792 992 2859 λέξεις.
1036 2796 1341 2863 Ὀμόσαντα
1386 2799 1568 2850 τοίνυν
1615 2799 1776 2852 αὑτὸν

202 2882 277 2951 μὴ
317 2884 721 2953 πεφρονηκέναι
767 2885 851 2953 ἐφ’
884 2881 967 2950 οἷς
1007 2886 1261 2951 ἐξέϐαλεν
1308 2890 1469 2941 αὐτὸν
1527 2891 1776 2957 Ἀλέξαν-

199 2967 351 3037 δρος,
383 2970 657 3024 ἀπέλυσεν
683 2973 923 3044 εἰρηκώς
943 2993 955 3006 ’
990 2977 1053 3030 El
1082 2977 1215 3049 ὀρθή
1243 2995 1336 3032 σου
1369 2983 1401 3051 η
1427 2982 1607 3045 πίστις
1638 2984 1773 3048 ἐστὶ,

199 3059 385 3122 καλῶς
426 3059 681 3130 ὤμοσας·
717 3064 765 3115 εί
811 3065 868 3119 δὲ
923 3066 1130 3133 ἀσεϐής
1185 3072 1341 3123 ἐστιν
1379 3074 1411 3141 ἡ
1446 3073 1627 3136 πίστις
1660 3091 1773 3138 σου,

199 3153 294 3205 καὶ
320 3151 565 3220 ὤμοσας,
594 3156 622 3208 6
654 3155 783 3219 Θεὸς
818 3159 881 3210 ἐκ
924 3158 1017 3212 τοῦ
1056 3161 1286 3231 οὐρανοῦ
1320 3163 1503 3233 κρίναι
1534 3166 1599 3219 τά
1638 3167 1776 3219 κατὰ

202 3244 283 3297 σέ.
338 3242 501 3297 Οὕτω
536 3244 600 3314 δὴ
645 3242 739 3298 οὖν
769 3247 932 3301 αὑτὸν
960 3229 1238 3314 ἐξελθόντα
1281 3229 1431 3323 παρὰ
1470 3253 1564 3306 τοῦ
1617 3253 1773 3324 βασι-
1803 3229 1848 3288 ο

198 3331 357 3396 λέως,
395 3334 669 3402 ἠθέλησαν
720 3336 1087 3405 είσαγαγεῖνθι
1132 3341 1213 3403 εἰς
1250 3340 1350 3409 τὴν
1393 3341 1689 3411 ἐκκλησίαν
1729 3345 1776 3395 oi

199 3424 333 3493 περὶ
361 3423 625 3478 Εὐσέϐιον
656 3429 720 3496 τῇ
769 3428 991 3499 συνήθει
1040 3430 1218 3482 αὐτῶν
1266 3432 1376 3500 βίᾳ.
1421 3432 1563 3484 Ἀλλ’
1606 3434 1634 3485 6
1680 3435 1780 3503 τῆς

210 3518 839 3584 Κωνσταντινουπόλεως
871 3521 1167 3585 ἐπίσκοπος
1193 3527 1221 3577 6
1253 3524 1559 3597 μακαρίτης
1604 3527 1780 3591 Ἀλέξ-

207 3610 404 3679 ανδρος
457 3610 746 3677 ἀντέλεγε,
797 3612 1022 3679 φάσκων
1075 3614 1147 3683 μὴ
1195 3613 1305 3666 δεῖν
1356 3616 1436 3677 είς
1497 3617 1780 3669 κοινωνίαν

197 3699 460 3769 δεχθῆναι
504 3700 597 3752 τὸν
624 3702 722 3771 τῆς
759 3702 1022 3771 αἱρέσεως
1060 3705 1310 3774 εὑρετήν.
1358 3706 1467 3758 Καὶ
1517 3706 1699 3760 λοιπὸν
1729 3711 1778 3761 oi

200 3792 332 3859 περὶ
372 3789 632 3843 Εὐσέϐιον
672 3791 971 3860 ἠπείλησαν
992 3833 1006 3855 ,
1041 3795 1122 3846 ὅτι
1156 3795 1368 3865 Ὥσπερ
1405 3796 1477 3867 μὴ
1510 3796 1773 3852 θελόντων

200 3882 362 3949 ὑμῶν
403 3882 744 3951 ἐποιήσαμεν
792 3882 952 3938 αὐτὸν
985 3883 1249 3954 κληθῆναι
1304 3887 1452 3957 παρά
1492 3888 1776 3957 βασιλέως,

199 3971 376 4033 οὕτως
414 3970 627 4040 αὖριον,
670 3971 773 4024 κᾶν
817 3972 891 4042 μὴ
937 3974 1076 4026 κατά
1105 3973 1332 4045 γνώμην
1375 3993 1467 4029 σου
1519 3980 1775 4049 τυγχάνῃ,

202 4063 608 4134 συναχθήσεται
665 4064 880 4134 Ἄρειος
939 4065 1057 4135 μεθ’
1099 4067 1254 4135 ἡμῶν
1300 4070 1357 4119 ἐν
1400 4071 1465 4139 τῇ
1512 4070 1778 4143 ἐκκλησίᾳ

200 4158 402 4227 ταύτῃ.
435 4154 715 4209 Σάϐϐατον
739 4156 796 4209 δέ
822 4151 923 4226 ἦν,
956 4155 1073 4229 [45]
1119 4159 1208 4210 ὅτε
1253 4159 1425 4211 ταῦτα
1475 4160 1680 4228 ἔλεγεν.
1717 4162 1777 4216 '0

196 4249 383 4301 τοίνυν
428 4246 728 4310 ἐπίσκοπος
785 4247 1131 4318 Ἀλέξανδρος
1155 4292 1169 4313 ,
1203 4249 1443 4314 ἀκούσας
1479 4252 1651 4305 ταῦτα
1682 4254 1775 4306 καὶ

199 4339 345 4391 πάνυ
383 4336 689 4406 λυπηθεὶς,
731 4336 985 4391 εἰσελθὼν
1019 4339 1099 4401 εἰς
1143 4340 1242 4409 τὴν
1271 4340 1586 4411 ἐκκλησίαν,
1621 4344 1775 4395 xui."

197 4432 300 4493 τὰς
334 4432 533 4499 χεῖρας
572 4430 714 4500 άρας
744 4429 883 4499 πρὸς
926 4431 1017 4482 τὸν
1052 4430 1215 4493 Θεὸν,
1247 4431 1560 4504 ἀπωδύρετο
1574 4436 1641 4501 ’³,
1684 4438 1777 4489 καὶ

197 4524 369 4592 ῥίψας
420 4522 611 4574 ἑαυτὸν
660 4521 753 4573 ἐπὶ
791 4522 1082 4592 πρόσωπον
1139 4524 1197 4576 ἐν
1239 4523 1318 4593 τῷ
1348 4525 1619 4596 ἱερατείῳ,
1660 4527 1773 4580 κεί-

200 4632 365 4683 μενος
423 4615 518 4667 ἐπὶ
555 4613 650 4667 τοῦ
705 4613 933 4683 ἐδάφους
979 4612 1197 4684 ηὔχετο.
1240 4615 1427 4686 Παρῆν
1479 4615 1535 4669 δὲ
1567 4617 1660 4669 καὶ
1685 4618 1776 4671 6“

196 4708 497 4777 Μακάριος
548 4707 838 4777 εὐχόμενος
892 4708 990 4760 σὺν
1041 4706 1231 4776 αὐτῷ,
1276 4708 1370 4760 καὶ
1414 4709 1626 4762 ἁκούων
1678 4710 1777 4780 τῆς

194 4801 388 4870 φωνῆς
431 4800 616 4854 αὑτοῦ.
655 4800 965 4871 Παρεκάλει
1006 4800 1063 4854 δὲ
1111 4800 1204 4853 δύο
1245 4800 1419 4854 ταῦτα
1462 4803 1634 4870 λέγων
1658 4818 1673 4833 ο
1713 4802 1776 4855 Ei

198 4894 429 4964 Ἄρειος
456 4891 647 4962 αὔριον
690 4893 999 4960 συνάγεται,
1030 4894 1297 4946 ἀπόλυσον
1326 4895 1424 4963 ἐμὲ
1464 4895 1556 4947 τὸν
1594 4895 1776 4949 δοῦλόν

197 5002 321 5048 σου,
362 4986 461 5038 καὶ
497 4987 572 5055 μὴ
601 4986 974 5057 συναπολέσῃς
1021 4984 1218 5055 εὐσεϐῆ
1251 4987 1388 5054 μετά
1427 4987 1677 5048 ἀσεϐοῦς.
1711 4990 1773 5040 lii

192 5079 246 5131 δὲ
302 5078 461 5149 φείδῃ
513 5080 614 5147 τῆς
659 5076 987 5146 Ἐκκλησίας
1035 5093 1150 5138 σουν
1189 5071 1304 5129 οῖδα
1348 5076 1402 5129 δὲ
1444 5079 1525 5130 δτι
1578 5079 1763 5149 φείδῃ·

194 5169 347 5221 ἔπιδε
396 5169 491 5221 ἐπὶ
536 5168 604 5219 τὰ
655 5168 874 5237 ῥήματα
918 5166 1025 5219 τῶν
1061 5167 1187 5236 περὶ
1230 5164 1485 5218 Εὐσέϐιον
1511 5207 1523 5227 ,
1562 5170 1655 5220 καὶ
1697 5169 1770 5238 μὴ

192 5264 299 5335 δῷς
326 5266 406 5326 εἰς
439 5265 745 5333 ἀφανισμὸν
780 5265 873 5315 καὶ
898 5262 1097 5325 ὄνειδος
1121 5262 1217 5331 τὴν
1244 5262 1603 5332 κληρονομίαν
1640 5280 1732 5316 σου
1754 5281 1769 5296 ⁸

1878 1975 1963 2023 ter
1991 1967 2196 2032 aderat,
2211 1976 2345 2023 eteo
2361 1976 2620 2023 narrante
2639 1967 2843 2023 audivi.
2874 1967 3191 2022 Accersitus
3217 1964 3454 2020 Eusebio

1879 2060 2158 2115 adnitente
2183 2060 2712 2130 Constantinopolim
2746 2059 2924 2115 fuerat
2951 2058 3310 2114 Constantino
3349 2058 3453 2112 im-

1878 2160 2132 2223 peratore
2156 2153 2342 2207 Arius.
2360 2153 2481 2219 Quo
2506 2159 2567 2207 ut
2593 2155 2856 2223 pervenit,
2885 2160 3110 2223 rogatus
3133 2166 3162 2205 a
3184 2151 3455 2221 principe,

1880 2260 1947 2301 an
1979 2246 2136 2302 fidem
2178 2246 2457 2301 catholicae
2492 2246 2747 2300 Ecclesia!
2776 2253 3005 2305 teneret.
3025 2253 3077 2300 et
3096 2259 3245 2299 recte
3262 2259 3321 2299 se
3337 2258 3455 2297 cre-

1879 2339 2010 2393 dere
2035 2338 2262 2407 juravit,
2299 2346 2353 2392 et
2383 2336 2505 2392 fidei
2543 2337 2782 2392 libellum
2820 2338 3092 2399 exhibuit,
3124 2352 3188 2389 ea
3243 2338 3452 2397 celans,

1879 2447 2113 2504 quorum
2153 2446 2316 2486 causa
2346 2432 2556 2500 ejectus
2585 2430 2829 2487 Ecclesia
2887 2430 3065 2485 fuerat
3100 2427 3169 2482 ab
3220 2428 3457 2483 Alexan-

1880 2524 1981 2580 dro
2033 2525 2313 2594 episcopo,
2347 2532 2401 2579 et
2427 2539 2523 2593 per
2554 2524 2956 2578 simulationem
2994 2520 3453 2578 referensdictio-

1880 2630 1979 2670 nes
2033 2613 2353 2685 Scriptum.
2385 2613 2520 2668 Eum
2552 2629 2704 2684 ergo,
2730 2629 2852 2669 cum
2874 2613 3116 2682 jurasset
3140 2628 3200 2667 se
3226 2611 3315 2664 illa
3344 2626 3453 2665 non

1880 2708 2143 2770 sensisse,
2199 2715 2421 2777 propter
2454 2723 2574 2775 nine
2628 2709 2806 2773 ipsum
2860 2705 3097 2775 ejecerat
3129 2703 3451 2768 Alexander,

1881 2800 2114 2853 liberum
2148 2795 2362 2853 dimi‘sit
2394 2815 2517 2854 cum
2554 2799 2639 2853 his
2670 2798 2852 2853 verbis
2890 2815 2905 2851 :
2938 2798 2992 2850 Si
3027 2803 3177 2851 recta
3208 2806 3292 2851 est
3325 2794 3455 2849 fides

1881 2900 1996 2953 tua,
2036 2892 2169 2945 bene
2191 2890 2392 2959 jurasti
2425 2912 2439 2946 :
2472 2891 2557 2945 sin
2590 2898 2771 2945 autem
2819 2891 2982 2960 impia
3016 2901 3099 2944 est
3161 2890 3294 2943 fides
3336 2898 3451 2951 tua,

1880 2991 1933 3037 et
1957 2992 2135 3036 tamen
2149 2983 2367 3051 jurasti,
2395 2983 2536 3038 Deus
2559 2983 2625 3038 de
2640 2984 2780 3038 caelo
2809 2983 2875 3038 de
2904 2991 2957 3038 te
2986 2982 3123 3039 ferat
3161 2982 3456 3049 judicium.

1882 3074 2069 3143 Itaque
2098 3075 2510 3144 abimperatore
2540 3075 2619 3129 sic
2654 3074 2980 3145 digressum,
3023 3072 3315 3127 Eusebiaui
3363 3087 3458 3141 per

1882 3166 2010 3230 vim,
2038 3181 2144 3235 qua
2176 3167 2253 3218 uti
2281 3174 2702 3229 consueverant,
2732 3182 2859 3221 emn
2886 3168 2940 3219 in
2974 3165 3259 3220 ecclesiam
3285 3167 3456 3218 intro-

1881 3257 2082 3311 ducere
2113 3258 2415 3311 voluerunt.
2451 3257 2520 3310 At
2550 3258 2749 3313 restitit
2778 3258 2948 3313 beatae
2978 3256 3252 3312 memoriae
3293 3256 3455 3309 Alex-

1882 3348 2053 3402 ander
2110 3347 2750 3416 Constantinopolitanus
2820 3349 3137 3418 episc0pus,
3227 3348 3455 3404 hazresis

1885 3440 2220 3495 inventorem
2258 3455 2466 3509 negans
2503 3441 2559 3494 in
2609 3441 3051 3495 communionem
3102 3439 3266 3510 786
3289 3440 3465 3509 recipi

1881 3542 2154 3600 Oportere.
2181 3529 2425 3586 Tandem
2453 3532 2856 3602 minasjactans
2887 3530 3190 3585 Eusebius:
3217 3533 3235 3552 θ
3258 3529 3457 3594 Quem-

1884 3624 2210 3688 admodum,
2280 3625 2491 3692 inquit,
2549 3631 2743 3677 contra
2810 3623 3144 3676 voluntatem
3216 3631 3453 3677 vestram

1880 3714 2111 3783 egimus,
2144 3721 2203 3766 ut
2235 3714 2281 3767 is
2331 3714 2398 3767 ab
2438 3714 2767 3783 imperatore
2800 3719 3179 3766 accerseretur
3211 3730 3225 3763 :
3254 3710 3334 3764 sic
3368 3711 3453 3763 vel

1884 3813 1936 3858 te
1966 3806 2135 3857 invito
2167 3818 2288 3857 cras
2326 3803 2493 3857 Arius
2525 3812 2855 3857 conventum
2916 3802 3199 3855 uobiscum
3245 3807 3365 3866 aget
3395 3797 3463 3852 in

1882 3896 1985 3950 hac
2012 3897 2263 3949 ecclesia.
2300 3895 2599 3949 Sabbatum
2633 3903 2812 3948 autem
2835 3901 2973 3955 erat,
3007 3906 3131 3945 cum
3162 3891 3275 3943 hac
3303 3888 3451 3942 dice-

1881 3994 1983 4039 ret.
2031 3985 2242 4050 Quibus
2279 3984 2497 4049 auditis,
2534 3985 2881 4038 vehementer
2932 3981 3128 4035 dolens
3160 3980 3451 4050 episc0pus

1881 4076 2183 4129 Alexander
2247 4077 2536 4130 ecclesiam
2592 4074 2918 4145 ingreditur,
2989 4069 3448 4147 sublatisque'ad

1882 4167 2048 4220 Deum
2084 4167 2341 4220 manibus
2365 4167 2716 4230 lamentatur,
2746 4167 2885 4220 etin
2922 4164 3115 4219 faciem
3159 4163 3450 4233 procidens

1880 4258 1933 4311 in
1961 4256 2295 4316 sanetuario,
2327 4256 2478 4308 humi
2525 4262 2834 4324 prostratus
2867 4268 3055 4324 preces
3107 4251 3306 4307 fundit.
3340 4249 3448 4304 Ad-

1878 4358 1994 4403 erat
2026 4360 2134 4400 una
2170 4345 2455 4409 Macarius,
2487 4346 2649 4399 simul
2675 4359 2841 4399 orans
2867 4358 2992 4397 cum
3021 4358 3107 4407 eo,
3140 4350 3192 4395 et
3208 4342 3328 4410 ejus
3353 4356 3450 4394 vo-

1878 4454 1994 4494 cem
2036 4436 2284 4491 audiens.
2314 4436 2430 4489 Duo
2460 4443 2639 4489 autem
2666 4433 2978 4503 postulabat
3006 4433 3093 4486 his
3124 4433 3305 4486 verbis
3334 4452 3346 4486 :
3388 4431 3446 4484 Si

1883 4530 2046 4584 Arius
2098 4543 2222 4584 cras
2248 4528 2313 4582 ad
2361 4528 2611 4597 synaxim
2646 4527 2815 4589 venit,
2851 4526 3064 4579 dimitte
3096 4540 3181 4578 me
3228 4539 3446 4579 servum

1882 4628 2053 4681 tuum,
2087 4625 2141 4670 et
2176 4632 2243 4670 ne
2274 4616 2435 4671 simul
2465 4615 2662 4685 perdas
2724 4614 2870 4683 pium
2897 4628 3021 4666 cum
3080 4613 3246 4683 impio
3275 4631 3289 4680 ;
3316 4620 3369 4665 at
3400 4615 3447 4668 si

1881 4709 2137 4765 Ecclesiae
2168 4716 2273 4761 tua:
2300 4709 2498 4777 parcis,
2521 4707 2704 4777 parcis
2734 4714 2935 4771 autem,
2969 4713 3053 4759 sat
3092 4707 3226 4770 scio,
3266 4707 3449 4761 consi-

1880 4808 2006 4863 dera
2053 4804 2221 4859 verba
2255 4798 2497 4861 Eusebii,
2528 4806 2581 4852 et
2622 4811 2690 4850 ne
2719 4796 2814 4850 des
2845 4796 2898 4847 in
2930 4800 3143 4848 ruinam
3175 4805 3229 4850 et
3255 4810 3450 4865 oppro-

1880 4902 2056 4957 brium
2087 4896 2462 4953 baareditatem
2504 4904 2648 4947 tuam
2679 4910 2692 4945 :
2723 4890 2817 4945 sed
2852 4890 2981 4946 tolle
3009 4892 3200 4943 Arium
3232 4888 3299 4943 de
3331 4904 3446 4944 me—

1881 4998 1990 5060 dio,
2025 5008 2090 5047 ne
2116 4992 2210 5045 illo
2258 4991 2312 5043 in
2367 4988 2653 5043 ecclesiam
2708 4985 2958 5053 ingresso
3002 4984 3457 5053 simulingressa

1881 5085 2102 5141 haeresis
2133 5082 2402 5143 videatur,
2444 5085 2498 5132 et
2526 5076 2745 5145 pietatis
2779 5074 2948 5128 instar
2970 5074 3150 5127 locum
3184 5073 3443 5141 deinceps

1883 5179 2132 5246 impietas
2159 5173 2428 5225 obtineat.
2455 5166 2578 5222 Haec
2603 5174 2855 5235 precatus
2890 5165 3183 5236 episcopus
3218 5161 3445 5216 recessit

1881 5270 2034 5321 valde
2086 5263 2281 5317 anxius
2320 5270 2411 5315 :et
2476 5259 2612 5313 mira
2659 5257 2907 5327 quaedam
2964 5264 3127 5325 atque
3176 5253 3457 5308 horrenda.

1517 5414 1747 5470 νΑιιιΑε
1781 5414 2180 5472 LECTIONES.

288 5530 334 5561 ³⁵
364 5528 459 5581 τὸν
486 5529 695 5597 χρόνον.
734 5526 901 5581 Basil.
931 5526 1051 5588 GL.
1083 5525 1270 5597 Steph.

1364 5526 1410 5559 ⁸⁸
1439 5530 1644 5580 ἐκεῖνον
1677 5529 1883 5583 addunt.
1914 5529 2097 5582 iidem.

198 5603 249 5655 in
283 5593 545 5651 omnibus
575 5598 857 5652 Athanasii
890 5593 1197 5667 codicibus,
1226 5601 1366 5651 inter
1395 5599 1553 5666 cujus
1583 5613 1747 5665 opera
1780 5600 1893 5654 haec
1925 5597 2149 5667 epistola
2183 5604 2360 5651 exstat
2390 5604 2521 5667 tum.
2556 5593 2595 5667 ί,

200 5671 405 5730 nedict.
485 5668 533 5702 ⁸⁸
556 5667 649 5720 τοῦ
700 5670 852 5721 abest
883 5682 910 5718 a
945 5667 1104 5722 Basil.
1152 5666 1244 5721 Gr.
1318 5667 1362 5699 "
1400 5668 1579 5721 αὐτόν.
1634 5667 1799 5723 Idem.

198 5745 399 5808 St-alig.
424 5779 438 5792 .
472 5738 822 5792 Athanasius.
899 5740 941 5770 ⁵³
982 5738 1142 5790 αὐτόν
1174 5737 1377 5791 addunt
1423 5737 1585 5808 Basil.
1754 5749 1807 5793 ct
1837 5740 2096 5807 Stephan.

195 5806 367 5867 habet
396 5809 756 5861 Athanasius.
833 5809 877 5839 ⁸⁵³
900 5807 1240 5885 ἁπωδύρατο.
1277 5808 1438 5863 Basil.
1468 5806 1584 5871 Cr.,
1614 5806 1799 5879 Steph.

2190 5528 2233 5559 ⁸⁷
2268 5524 2427 5580 Forte
2456 5524 2865 5580 rescribendum
2896 5524 3235 5589 Σεραπίωνα,
3275 5536 3331 5578 ιιι
3358 5527 3447 5579 est

2639 5605 2778 5663 part.
2813 5610 2855 5665 ι,
2887 5610 2943 5665 p.
2974 5593 3080 5649 5ίο
3109 5609 3190 5665 sq.
3223 5593 3310 5665 ed.
3345 5593 3436 5665 lle-

1878 5670 1922 5700 ’°
1956 5663 2395 5737 ὗποκρινόμενος.
2449 5665 2614 5719 Basil.
2652 5664 2769 5726 Gn,
2817 5663 3074 5728 Casaubq
3107 5663 3441 5731 Christoph.,

1880 5740 2096 5791 tenhan.
2191 5738 2235 5768 ⁹²
2273 5736 2365 5789 καί
2393 5736 2543 5787 abest
2577 5752 2602 5787 a
2640 5733 2801 5790 Basil.
2854 5735 2947 5791 Gr.
2981 5735 3089 5791 Τάς
3149 5744 3203 5786 τε
3252 5738 3441 5791 nica;

1880 5750 2096 5807 tepnan.
2192 5750 2235 5768 "
2273 5754 2365 5789 και
2393 5750 2543 5787 abest
2577 5752 2602 5787 a
2640 5750 2801 5790 b'asu.
2854 5750 2947 5791 ur.
2982 5750 3089 5796 ἰας
3149 5750 3203 5786 τε
3252 5750 3438 5804 χειρας

1876 5810 1918 5841 *νί
1953 5811 1978 5859 6
2013 5808 2158 5863 abest
2199 5807 2477 5861 abiisdcm
2506 5813 2553 5858 et
2582 5806 2840 5859 Albanas.
