4206 6450
816 407 926 467 963

1847 396 1892 452 Τ
1899 392 2331 454 llEUDORETl
2362 388 2697 448 EPISCOPI
2729 386 3094 446 CYRENSIS

3968 377 4079 439 96‘.

822 526 1023 565 cursus
1070 505 1529 578 prm-uralaantur.
1563 500 1661 554 llic
1692 510 1745 555 et
1774 503 2153 571 exploratores
2194 501 2387 553 oculos
2419 506 2462 558 Α

2419 506 2462 558 Α
2494 497 2585 549 νῦν
2616 496 2744 565 ἐρῶ,
2779 497 2843 549 δι’
2871 488 2944 548 ὧν
2982 496 3063 548 δτι
3089 494 3132 523 τ*
3168 492 3400 563 μάλιστα
3442 492 3498 546 αί
3540 490 3647 545 τῶν
3680 492 3937 544 ἐναντίων
3971 509 4078 557 pe»

824 608 875 658 in
913 619 997 657 me
1030 601 1309 660 mittebat,
1345 604 1396 648 et
1434 594 1598 664 798
1633 603 1845 648 tantum
1877 610 1984 648 non
2014 602 2239 648 armata:
2286 594 2391 645 mi-

823 696 953 750 litia:
987 706 1207 762 operam
1238 688 1473 741 navabat
1517 697 1772 757 tyranno.
1806 685 1917 739 Nec
1947 701 2074 739 vero
2107 701 2191 737 me
2230 684 2389 753 quis-

823 801 983 856 quam
1018 782 1083 835 ad
1122 782 1235 834 liazc
1275 776 1703 832 demonstranda
1751 791 1858 828 non
1890 776 2026 830 satis
2059 776 2389 829 instructum

821 875 1120 930 existimet.
1192 868 1573 925 Certissimum
1626 866 1773 919 enim
1826 875 1910 920 est
1973 872 2389 934 argumentum,

822 966 993 1035 quod-
1034 964 1379 1034 presbyteros
1436 966 1490 1012 et
1544 958 1811 1011 diaconos
1875 957 2094 1010 Eusebii
2150 954 2391 1008 asseclas

824 1057 1111 1110 manifeste
1150 1070 1178 1105 a
1229 1068 1313 1106 me
1345 1049 1722 1119 deprehensos
1761 1056 2001 1102 constat.
2035 1044 2235 1099 Verum
2276 1045 2393 1097 hate

822 1165 922 1217 ego
950 1150 1114 1200 missa
1138 1146 1278 1197 facio
1300 1184 1315 1205 ,
1347 1158 1467 1212 quae
1492 1156 1638 1194 nunc
1660 1157 1687 1191 a
1708 1156 1793 1193 me
1818 1179 1831 1200 ,
1867 1154 1976 1191 non
2003 1135 2390 1207 expostulandi

824 1240 1034 1297 studio,
1070 1236 1164 1290 sed
1200 1245 1258 1289 ut
1280 1248 1374 1287 eos
1405 1233 1639 1301 pudeat,
1672 1233 1881 1299 prolata
1910 1239 2058 1284 sunt.
2083 1229 2196 1282 lioc
2222 1242 2390 1280 unum

824 1343 1045 1392 metuo,
1098 1329 1201 1381 hoc
1244 1334 1421 1379 mente
1464 1324 1640 1393 agito,
1699 1323 1842 1391 quod
1886 1338 1985 1375 vos
2039 1322 2092 1374 in
2141 1319 2391 1374 criminis

824 1423 1139 1475 societatem
1182 1418 1363 1469 vorari
1394 1417 1572 1468 video.
1610 1416 1688 1467 Ab
1716 1414 1932 1468 Eusebii
1984 1412 2258 1481 siquidem
2308 1410 2392 1463 in-

822 1515 1108 1568 stitutione
1139 1517 1194 1564 et
1225 1509 1579 1579 pet-versione
1628 1520 1877 1559 aversam
1914 1520 1943 1557 a
1985 1506 2213 1558 veritate
2258 1517 2392 1555 con-

823 1606 1111 1659 scientiam
1163 1602 1447 1655 induistis.
1501 1599 1605 1650 Sed
1659 1598 1912 1666 expedita
1967 1606 2022 1649 et
2076 1612 2183 1648 non
2238 1595 2392 1647 tarda

820 1699 923 1749 erit
965 1695 1208 1754 curatio.
1264 1694 1307 1744 si
1354 1704 1504 1743 nunc
1537 1689 1729 1742 saltem
1757 1728 1771 1751 ,
1819 1689 2139 1757 episcopum
2179 1685 2391 1740 tidelem

822 1802 886 1841 ac
916 1788 1194 1841 sincerum
1231 1784 1539 1851 deligentes
1563 1822 1577 1845 ,
1612 1781 1800 1834 oculos
1835 1780 1901 1831 ad
1935 1778 2101 1831 Deum
2141 1776 2392 1831 intenda-

820 1881 915 1933 tis.
953 1876 1107 1943 Quod
1138 1892 1284 1929 nunc
1310 1876 1526 1943 quidem
1554 1876 1604 1925 iu
1631 1880 1809 1924 vestra
1835 1878 1920 1924 est
1949 1878 2239 1938 potestate,
2274 1884 2394 1923 vcs-

820 1974 1000 2040 trique
1052 1967 1465 2037 dudumjudicii
1508 1978 1631 2018 esse
1683 1962 1955 2031 Oportuit,
1985 1961 2090 2015 nisi
2125 1960 2393 2015 Eusebius

821 2077 981 2132 quem
1014 2060 1127 2112 dixi
1150 2099 1163 2120 ,
1196 2070 1526 2127 magnopere
1557 2070 1586 2107 a
1621 2054 1950 2124 quibusdam
1976 2061 2104 2106 tunc
2136 2053 2389 2122 adjutus,

820 2154 929 2206 huc
990 2152 1278 2211 venisset,
1346 2155 1671 2214 rectumque
1726 2144 1970 2197 ordinem
2044 2144 2396 2211 impudenter

821 2241 1181 2311 corrupisset.
1217 2238 1319 2292 Sed
1345 2239 1600 2306 quoniam
1630 2236 1696 2289 de
1724 2236 1825 2288 boc
1850 2236 1968 2303 ipso
1993 2234 2231 2288 Eusebio
2263 2234 2395 2286 elia-

822 2336 968 2390 ritati
1019 2342 1211 2386 vestrae
1250 2342 1424 2399 pauca
1483 2326 1614 2381 mibi
1665 2326 1896 2379 dicenda
1945 2334 2107 2387 sunt,
2145 2324 2394 2377 meminit

821 2427 1087 2499 patientia
1122 2431 1303 2477 vestra
1349 2418 1546 2491 synodi
1594 2419 1739 2489 apud
1775 2416 2011 2472 Nicaeam
2057 2417 2389 2471 celebratae:

821 2518 907 2574 cui
941 2517 1105 2571 etiam
1139 2516 1289 2584 ipse,
1325 2513 1467 2566 sicut
1498 2510 1855 2565 conscientiae
1894 2524 2029 2563 mea;
2066 2508 2392 2578 obsequium

822 2606 1167 2677 postulabat.
1200 2602 1424 2657 interfui
1450 2643 1464 2665 ,
1498 2616 1608 2656 non
1652 2601 1760 2655 alio
1805 2616 1937 2656 sane
1968 2601 2186 2664 animo,
2226 2616 2391 2670 quam

822 2712 880 2755 ut
897 2697 1248 2755 concordiam
1272 2698 1420 2749 inter
1437 2709 1633 2749 omnes
1654 2697 2076 2757 constituerem,
2101 2693 2268 2764 799
2291 2695 2393 2746 im-

822 2792 1135 2862 primisque
1154 2790 1355 2842 malum
1388 2790 1490 2843 boc
1509 2791 1892 2857 redarguerem
1913 2797 1967 2841 et
1989 2788 2393 2850 submoverem,

819 2882 966 2952 quod
996 2881 1110 2935 Arii
1139 2880 1359 2950 quidem
1385 2880 1743 2934 Alexandrini
1776 2881 2048 2933 dementia
2082 2880 2390 2944 coaluerat,

824 2983 949 3023 mox
1006 2984 1135 3022 vero
1165 2969 1410 3023 absurdo
1441 2973 1458 2988 '
1494 2984 1557 3022 ac
1604 2968 1913 3037 pernicioso
1949 2968 2165 3024 Eusebii
2193 2979 2393 3024 conatu

819 3064 964 3116 vires
991 3063 1309 3130 collegerat.
1349 3064 1417 3114 At
1442 3062 1583 3114 idem
1627 3063 1732 3115 iste
1780 3062 2089 3126 Eusebius,
2124 3064 2392 3117 amantis-

2498 588 2605 658 ρῶν
2638 586 3159 658 ἐπραγματεύσαντο
3197 584 3515 653 συνδρομσί.
3554 579 3719 646 Οὗτος
3748 585 3842 635 καὶ
3870 582 4081 650 63:64}-

2497 682 2629 750 μοὺς
2660 679 3034 741 κατασκόπους
3060 675 3271 747 ἔπεμπε
3306 677 3426 727 κατ’
3454 674 3613 744 ἐμοῦ,
3656 676 3751 729 καὶ
3782 675 3945 744 μόνον
3975 680 4081 725 οὐκ

2493 771 2750 833 ἐνόπλους
2806 768 2883 839 τῷ
2940 769 3189 839 τυράννῳ
3244 767 3689 838 συνεισέφερενττ
3745 767 4077 837 ὑπουργίας.

2494 863 2647 931 Μηδέ
2680 864 2744 933 μέ
2782 879 2863 925 τις
2885 858 3252 915 οίέσθωεῖναι
3285 859 3418 930 πρὸς
3452 858 3548 930 τὴν
3570 859 3774 910 τούτων
3798 858 4081 917 ἀπόδειξιν

2492 956 2877 1022 ἀπαράσκευον
2896 954 2962 1006 ’⁸.
3010 951 3272 1021 Ἔλεγχος
3323 951 3432 1020 γάρ
3481 951 3629 1003 ἐστιν
3688 949 3943 1020 ἀκριϐὴς,
3995 952 4081 1001 ὅτι

2491 1048 2617 1109 τοὺς
2649 1044 3055 1117 πρεσϐυτέρους
3082 1043 3174 1096 καὶ
3207 1043 3331 1104 τοὺς
3365 1041 3645 1103 διακόνους
3681 1042 3805 1102 τοὺς
3831 1041 4082 1110 Εὖσεὸίῳ

2495 1137 2908 1209 παρεπομένους
2953 1136 3203 1205 φανερῶς
3251 1134 3344 1186 ὑπ’
3381 1134 3516 1202 ἐμοῦ
3557 1133 3909 1201 συνειλῆφθαι
3946 1152 4078 1185 συν-

2496 1232 2743 1298 έστηκεν.
2775 1227 2937 1279 Ἀλλά
2966 1225 3139 1278 ταῦτα
3177 1225 3273 1294 μὲν
3304 1224 3562 1295 παρίημι,
3588 1224 3623 1277 ὃ.
3648 1223 3743 1276 νῦν
3778 1225 3877 1277 οὑκ
3904 1226 4079 1292 ἀγαν-

2493 1324 2773 1391 ακτήσεως
2828 1319 3051 1381 ἕνεκεν,
3104 1317 3221 1370 ἀλλ’
3270 1318 3350 1380 είς
3401 1317 3624 1369 ἐκείνων
3674 1317 3935 1385 αἰσχύνην
3984 1318 4081 1369 ὑπ’

2494 1415 2627 1485 ἐμοῦ
2680 1414 3094 1485 προενήνεκται.
3155 1413 3361 1465 Ἐκεῖνο
3416 1412 3577 1481 μόνον
3610 1412 3757 1465 δέδια
3799 1412 3867 1476 ⁷⁹,
3902 1414 4083 1464 ἐκεῖνο

2492 1506 2887 1576 διαλογίζομαι,
2910 1507 2993 1558 ὅτι
3020 1505 3163 1575 ὑμᾶς
3185 1504 3296 1574 όρῶ
3326 1503 3461 1572 πρὸς
3483 1504 3582 1573 τὴν
3607 1502 3699 1555 τοῦ
3731 1504 4080 1573 ἐγκλήματος

2493 1596 2777 1651 καλεῖσθαι
2814 1597 3117 1649 κοινωνίαν.
3157 1596 3257 1648 Διὰ
3288 1596 3396 1664 γὰρ
3424 1596 3522 1664 τῆς
3552 1594 3814 1646 Εὑσεὸίου
3849 1596 4081 1661 ἀγωγῆς

2493 1705 2552 1741 τε
2592 1689 2686 1742 καὶ
2733 1687 3085 1759 διαστροφῆς,
3133 1686 3436 1755 συνείδησιν
3467 1686 3567 1754 τῆς
3606 1686 3865 1755 ἀληθείας
3902 1703 4078 1754 κεχω-

2498 1782 2761 1851 ρισμένην
2782 1781 3058 1851 εἰλήφατε.
3083 1779 3224 1833 Ἀλλ’
3250 1778 3398 1830 ἐστιν
3428 1780 3487 1831 οὑ
3526 1778 3746 1847 βραδεῖα
3778 1778 4073 1846 θεραπεία,

2497 1874 2609 1942 εἴγε
2641 1873 2938 1926 ἐπίσκοπον
2967 1872 3154 1925 πιστόν
3182 1888 3241 1923 τε
3276 1871 3369 1923 καὶ
3402 1870 3657 1939 ἀκέραιον
3688 1870 3783 1921 νῦν
3810 1870 3942 1936 γοῦν
3985 1871 4080 1921 λα-

2496 1964 2704 2026 ϐόντες,
2735 1962 2870 2031 πρὸς
2902 1962 2991 2015 τὸν
3022 1963 3154 2014 Θεὸν
3183 1960 3435 2029 ἀπίδητε,
3463 1962 3557 2013 δπε
3569 1977 3597 2029 ρ
3622 1960 3711 2013 ἐπὶ
3748 1959 3843 2011 τοῦ
3880 1961 4082 2029 παρόν.

2494 2073 2583 2117 τοι,
2603 2057 2660 2108 ἐν
2677 2056 2803 2124 ὑμῖν
2829 2057 2994 2117 ἐστιν,
3018 2054 3105 2105 6”
3128 2055 3219 2107 καὶ
3240 2052 3469 2117 πάλαι,ιιι
3492 2054 3657 2122 ἐχρῆν
3684 2052 3783 2120 τῆς
3807 2053 4081 2122 ὑμετέρας

2495 2146 2725 2217 κρίσεως
2751 2145 3040 2215 ἠρτῆσθαι,
3065 2147 3112 2197 εἱ
3140 2144 3215 2214 μὴ
3236 2145 3281 2175 ⁸¹
3313 2146 3341 2196 ὁ
3373 2142 3759 2214 προειρημένος
3786 2142 4075 2205 Εὐσέϐιος,

2492 2238 2679 2300 δεινῶς
2696 2238 2743 2270 ⁸³
2785 2237 2894 2289 τῶν
2944 2238 3064 2289 τότε
3116 2236 3525 2306 συλλαϐομένων
3548 2236 3589 2267 ⁸⁸
3632 2234 3798 2305 αὑτῷ,
3846 2236 4081 2289 ἐνταῦθα

2494 2330 2763 2401 ἐληλύθει,
2794 2330 2889 2382 καὶ
2912 2329 3011 2400 τὴν
3042 2330 3141 2399 τῆς
3169 2329 3376 2394 τάξεως
3403 2328 3669 2399 ὀρθότητα
3699 2327 4081 2396 ἀναισχύντως

2496 2422 2882 2491 συντεταράχει
2905 2421 2972 2475 ⁸³.
3020 2420 3156 2473 Ἀλλ’
3188 2419 3377 2491 ἐπειδὴ
3419 2422 3545 2490 περὶ
3579 2419 3742 2473 αὑτοῦ
3783 2420 3877 2473 τοῦ
3898 2420 3942 2450 ⁸⁸
3980 2419 4081 2471 Εὑ-

2497 2513 2676 2567 σεϐίου
2725 2513 2857 2584 πρὸς
2911 2512 3008 2584 τὴν
3040 2513 3312 2584 ὑμετέραν
3360 2514 3583 2582 ἀγάπην
3624 2512 3779 2580 ὀλίγα
3830 2511 4079 2582 προσῆκε

2496 2607 2735 2676 φράσαι,
2792 2604 3133 2675 μέμνηταιή
3183 2604 3425 2674 ὑμετέρα
3476 2603 3797 2668 ἀνεξικακία
3839 2604 3937 2656 ἐπὶ
3980 2602 4082 2671 τῆς

2495 2696 2747 2749 Νικαέων
2792 2695 3001 2757 πόλεως
3054 2693 3381 2762 γεγενῆσθαι
3434 2692 3670 2755 σύνοδον,
3789 2692 3882 2745 καὶ
3914 2693 4083 2755 αὑτὸς

2496 2785 2607 2854 ἐγὼ
2655 2786 2970 2857 πρεπόντως
2997 2788 3061 2856 τῇ
3098 2786 3199 2855 τῆς
3253 2784 3393 2854 ἐμῆς
3440 2784 3798 2853 συνειδήσεως
3851 2783 4084 2855 λατρεία

2497 2879 2782 2949 παρήμην,
2811 2878 2961 2930 οὐδὲν
2995 2876 3181 2947 ἓτερον
3216 2875 3560 2946 βουλόμενος,
3595 2876 3627 2945 ἢ
3654 2877 3906 2944 ὁμόνοιαν
3934 2878 4082 2929 ᾶπα-

2498 2987 2582 3023 σιν
2610 2968 2967 3039 ἐργάσασθαι,
2991 2967 3086 3022 καὶ
3109 2969 3214 3036 πρό
3243 2983 3306 3035 γε
3325 2962 3367 2997 “
3402 2967 3620 3018 πάντων
3647 2966 3863 3033 ἐλέγξαι
3895 2983 3954 3019 τε
3986 2967 4085 3018 καὶ

2494 3060 2890 3113 ἁποσείσασθαι
2928 3058 2990 3111 τὸ
3045 3060 3279 3129 πρᾶγμα
3333 3058 3511 3118 τοῦτο,
3547 3058 3575 3110 δ
3623 3058 3721 3127 τὴν
3772 3058 3873 3127 μὲν
3905 3058 4085 3128 ἀρχὴν

820 3154 945 3207 simi
997 3153 1550 3223 honoratissimique,
1601 3168 1727 3207 cum
1763 3164 1968 3223 quanta
2017 3159 2222 3222 putatis
2259 3169 2394 3207 con-
2421 3175 2463 3231 ς

2421 3175 2463 3231 C
2498 3152 2710 3223 είλήφει
2738 3151 2826 3204 διὰ
2853 3153 2951 3221 τῆς
2981 3150 3189 3221 Ἀρείου
3216 3149 3310 3201 τοῦ
3355 3149 3749 3220 Ἀλεξανδρέως
3783 3150 4045 3211 ἀπονοίας
4066 3166 4081 3179 ·

819 3246 1168 3306 oursatione,
1211 3254 1398 3313 utpote
1435 3245 1506 3296 ab
1530 3245 1653 3312 ipsa
1690 3244 2034 3298 conscientia
2054 3260 2386 3313 oppressus,

820 3345 872 3388 et
897 3347 1101 3403 quanto
1147 3350 1270 3387 ctnn
1304 3334 1571 3387 dedecore
1610 3334 1960 3401 deprehensa:
2015 3336 2256 3404 undique
2301 3336 2394 3388 fal-

821 3427 970 3480 sitati
1006 3426 1442 3495 astipulabatur!
1482 3425 1639 3479 Nunc
1670 3427 1919 3481 diversos
1951 3425 2017 3481 ad
2050 3443 2135 3481 me
2158 3428 2393 3482 subruit-

821 3527 944 3570 tens
970 3556 983 3578 ,
1018 3517 1109 3584 qui
1137 3530 1234 3584 pro
1271 3515 1387 3584 ipso
1413 3515 1858 3584 deprecarentur,
1892 3531 2039 3571 nunc
2064 3532 2094 3571 a
2125 3533 2211 3573 me
2238 3518 2392 3571 auxi-

822 3605 957 3656 lium
1007 3602 1228 3673 aliquod
1271 3612 1499 3672 petens,
1534 3620 1599 3658 ne
1650 3607 1784 3658 tanti
1834 3606 2059 3660 sceleris
2103 3608 2393 3662 convictus

821 3691 1049 3744 honoris
1080 3693 1163 3744 sui
1208 3690 1378 3759 gradu
1407 3690 1754 3758 deﬁceretur.
1789 3690 1969 3749 Testis
2013 3694 2210 3749 borum
2258 3696 2392 3750 mihi

821 3789 907 3832 est
937 3778 1076 3833 Deus
1103 3779 1218 3847 ipse
1241 3818 1254 3839 ,
1292 3780 1381 3847 qui
1413 3780 1543 3831 mihi
1579 3781 1842 3851 vobisque
1875 3783 2147 3853 benignus
2174 3799 2394 3855 semper

824 3867 987 3922 adsit.
1015 3866 1149 3920 Nam
1184 3883 1270 3921 me
1298 3883 1517 3936 quoque
1540 3868 1717 3938 ipsum
1747 3872 1849 3925 iste
1880 3874 2175 3942 pervertit,
2201 3882 2255 3928 et
2286 3882 2395 3927 tur-

823 3956 971 4023 piter
993 3952 1228 4022 decepit,
1249 3962 1308 4006 ut
1340 3970 1403 4007 ex
1433 3956 1500 4009 iis
1527 3972 1648 4025 qua:
1665 3958 1844 4011 dicam
1874 3961 2239 4029 cognoscetis.
2264 3960 2396 4015 Om-

823 4045 912 4099 nia
942 4056 1071 4098 tunc
1102 4046 1304 4113 quippe
1334 4046 1507 4114 ipsius
1540 4063 1604 4101 ex
1641 4050 1912 4104 sententia
1935 4060 2086 4120 gesta
2115 4063 2275 4115 sunt,
2300 4054 2392 4122 qui

822 4134 1198 4204 cuiuscunque
1228 4136 1441 4201 generis
1472 4138 1673 4189 malum
1705 4139 1888 4192 animo
1915 4156 2020 4194 suo
2050 4144 2391 4199 reconditum

825 4228 1077 4281 habebat.
1118 4227 1291 4294 Atque
1328 4237 1385 4279 ut
1426 4239 1624 4282 caetera
1673 4230 1794 4295 ejus
1844 4234 2100 4301 nequitia:
2149 4236 2395 4292 facinora

820 4321 1097 4381 omittam,
1138 4320 1267 4387 quid
1301 4335 1474 4389 nuper
1505 4334 1629 4374 cum
1663 4319 1980 4393 Tbeogonio
2016 4328 2250 4382 vesaniae
2281 4344 2396 4383 sum

821 4410 973 4463 socio
991 4410 1293 4472 admiserit,
1309 4426 1514 4480 quaeso.
1538 4412 1973 4469 animadvertite.
1993 4418 2394 4476 Alexandrinos

2501 3243 2884 3313 ίσχυροποίητο
2912 3242 2967 3294 δὲ
3002 3241 3367 3311 παραχρῆμα,
3411 3240 3499 3293 διὰ
3530 3241 3627 3309 τῆς
3658 3238 3921 3292 Εὑσεδίου
3960 3240 4084 3292 ἀτό-

2497 3351 2601 3387 που
2630 3351 2690 3386 τε
2731 3334 2825 3386 καὶ
2862 3331 3116 3402 ὀλεθρίας
3165 3333 3423 3401 σπουδῆς.
3470 3331 3609 3385 Ἀλλ’
3657 3330 3819 3393 αὑτός
3866 3323 4025 3394 οὗτος
4054 3332 4083 3383 ὀ

2500 3424 2775 3488 Εὑσέὀιος,
2810 3424 3261 3495 προσφιλέστατοι
3295 3425 3386 3476 καί
3414 3423 3752 3495 τιμιώτατοι,
3784 3422 3906 3493 μεθ’
3950 3425 4082 3491 ὅσης

2498 3518 2747 3589 νομίζετε
2777 3517 3100 3587 συνδρομῆς,
3136 3516 3231 3569 ἆτε
3254 3516 3316 3587 δὴ
3345 3517 3448 3569 ὑπὸ
3478 3516 3576 3586 τῆς
3603 3515 3965 3586 συνειδήσεως
3990 3517 4085 3566 αὑ-

2498 3610 2597 3680 τῆς
2636 3609 2962 3681 ἡττώμενος,
3007 3607 3126 3679 μεθ’
3159 3609 3291 3676 ὅσης
3323 3608 3379 3660 δὲ
3415 3607 3677 3678 αἰσχύνης
3705 3609 3770 3677 τῇ
3802 3608 4080 3675 πανταχό-

2496 3702 2591 3755 θεν
2620 3700 2955 3771 ἐληλεγμένῃ
2983 3699 3305 3770 ψευδολογία
3332 3699 3650 3752 συνίστατοῑ
3698 3697 4080 3766 ’Υποπέμπων

2502 3793 2602 3864 μέν
2630 3810 2720 3861 μοι
2747 3791 3032 3863 διαφόρους
3061 3791 3189 3855 τοὺς
3222 3790 3505 3857 ἀξιοῦντας
3536 3788 3677 3857 ὑπὲρ
3703 3786 3893 3846 αὑτοῦ,
3929 3788 4078 3853 ἐξαι-

2499 3883 2760 3953 τούμενος
2780 3882 2837 3934 δὲ
2861 3882 2991 3953 παρ’
3017 3881 3151 3951 ἐμοῦ
3183 3881 3501 3951 συμμαχίαν
3526 3881 3667 3946 τινὰ,
3694 3882 3843 3943 ὅπως
3881 3882 3959 3951 μὴ
3987 3882 4079 3932 ἐπὶ

2499 3974 2736 4044 τοσούτῳ
2765 3973 3041 4044 ἐλεγχθεὶς
3071 3972 3503 4043 πλημμελήματι
3522 4012 3539 4031 ,
3588 3972 3690 4041 τῆς
3722 3973 4079 4041 ὑπαρχούσης

2500 4067 2648 4138 αὑτῷ
2672 4066 2836 4137 τιμῆς
2866 4066 3193 4120 ἐκϐάλλοιτο.
3227 4066 3455 4135 Μάρτυς
3486 4064 3576 4135 μοί
3596 4063 3643 4097 ⁸⁸
3680 4066 3795 4117 ἐστι
3828 4064 4025 4117 τούτου
4053 4066 4081 4119 6

2499 4158 2633 4221 Θεός
2656 4158 2837 4221 αὑτὸς.
2863 4158 2921 4220 ὃς
2947 4157 3069 4227 ἐμοί
3100 4174 3159 4210 τε
3187 4157 3282 4209 καὶ
3308 4156 3436 4227 ὑμῖν
3472 4155 3784 4225 φιλαγάθως
3805 4157 4076 4227 ἐπιμένοι.

2514 4252 2665 4304 Ἐπεὶ⁵
2714 4252 2809 4304 καὶ
2860 4250 2960 4320 ἐμὲ
3012 4251 3217 4313 ἐκεῖνος
3267 4248 3627 4319 περιέτρεψε,
3664 4248 3757 4301 καὶ
3809 4248 4080 4319 ἀπρεπῶς

2503 4342 2839 4413 ὑφήρπασεν,
2878 4342 2906 4393 ὃ
2961 4341 3056 4394 καὶ
3101 4340 3259 4412 ὑμεῖς
3314 4340 3701 4408 ἐπιγνώσεσθε.
3746 4341 3933 4395 Πάντα
3982 4342 4083 4411 μὲν

2502 4433 2610 4504 γὰρ
2642 4432 2889 4504 ἐπράχθη
2917 4432 3059 4496 τότε,
3102 4431 3283 4495 καθὼς
3322 4432 3416 4485 καὶ
3438 4433 3483 4465 ⁸⁵
3529 4431 3691 4495 αὐτὸς
3720 4431 3931 4496 ἐπόθει,
3972 4434 4083 4486 πᾶν

819 4514 923 4567 ego
950 4498 1238 4567 quosdam,
1292 4500 1382 4567 qui
1428 4514 1456 4552 a
1506 4498 1611 4555 [ide
1637 4508 1824 4555 nostra
1871 4501 2232 4571 desciverant,
2290 4506 2398 4561 huc
2428 4515 2475 4571 D

2428 4515 2475 4571 Ι)
2502 4498 2680 4577 ότίοῦν
2718 4498 2888 4577 κακὸν
2933 4524 3028 4575 ἐπὶ
3076 4522 3176 4591 τῆς
3214 4521 3378 4576 αὑτοῦ
3409 4523 3647 4587 διανοίας
3692 4522 3805 4595 [5|]
3836 4523 4084 4595 ἀποκρυ-

823 4591 966 4644 mitti
997 4606 1380 4661 praeceperam,
1415 4608 1647 4661 quorum
1681 4594 1933 4648 videlicet
1978 4611 2144 4664 opera
2177 4597 2393 4653 dissidii

825 4679 915 4733 fax
951 4683 1171 4736 incensa
1224 4682 1419 4737 fuerat.
1457 4682 1562 4737 Sed
1613 4685 1703 4739 isti
1746 4684 1964 4739 honesti
2004 4686 2240 4757 bonique
2274 4690 2393 4759 epi-

823 4773 999 4842 scopi,
1044 4790 1183 4843 quos
1215 4775 1283 4828 ad
1344 4777 1509 4847 θα)
1560 4777 1938 4847 penitentiam
1985 4780 2153 4834 semel
2202 4782 2395 4852 synodi

819 4868 1081 4935 equitate
1104 4866 1301 4925 ductus
1333 4884 1691 4935 reservaram,
1718 4884 1827 4924 non
1851 4870 2027 4927 solum
2051 4886 2148 4927 eos
2172 4886 2395 4942 excepe-

2503 4612 2788 4681 πτόμενος.
2830 4611 2989 4665 Ἀλλά
3019 4610 3232 4684 πρώην,
3268 4614 3355 4667 ἵνα
3400 4614 3468 4667 τὰ
3499 4614 3661 4669 λοιπά
3700 4614 3800 4683 τῆς
3838 4614 4009 4667 αὑτοῦ
4034 4618 4080 4645 ⁸·

2505 4704 2823 4772 σκαιότητος
2857 4703 3041 4775 παρῶ,
3081 4705 3137 4757 τί
3173 4704 3408 4775 μάλιστα
3440 4705 3581 4775 μετά
3608 4706 3893 4775 Θεογονίου
3918 4708 3989 4769 ’⁸,
4022 4707 4085 4760 δν

2501 4794 2600 4864 τῆς
2639 4792 2823 4856 ἀνοίας
2868 4792 2980 4864 ἔχει
3032 4795 3319 4861 κοινωνὸν,
3364 4795 3725 4867 διεπράξατο,
3780 4796 4080 4861 ἀκούσατε,

2504 4883 2824 4956 παρακαλῶ.
2876 4885 3253 4956 ’Δλεξανδρέας
3300 4888 3473 4952 τινὰς,
3519 4888 3617 4958 τῆς
3655 4888 3934 4960 ἡμετέρας
3988 4890 4081 4941 πί-

2122 5030 2354 5087 νΑΗΙΛΕ
2397 5032 2803 5091 LEC'I‘IONES.

891 5119 942 5150 τι*
978 5122 1080 5194 ὅτε
1102 5121 1383 5194 substituit
1435 5118 1765 5194 Cgbristopli.
1802 5130 1856 5176 et
1887 5119 2158 5194 Valesius.
2215 5124 2553 5194 Epiphanius
2604 5144 2615 5178 :

1297 5193 1340 5223 ⁷-⁷
1369 5190 1675 5266 είσὲφερενζ
1725 5190 2166 5266 ριοιῖιιιιθβεείι.
2203 5190 2580 5266 etStephan.

819 5260 935 5336 δια,
976 5262 1149 5336 ἐκεῐνρ
1186 5260 1340 5336 abest
1363 5263 1436 5336 ab
1472 5271 1718 5336 utroque_
1740 5261 1903 5336 Basil.
1979 5261 2026 5336 ’ξ
2052 5264 2207 5336 ὅπερ.
2240 5260 2717 5336 ldemfArticulns
2748 5267 2776 5317 ό
2814 5280 2859 5336 a4
2881 5260 3005 5319 cod.
3048 5267 3222 5336 Allatii
3257 5274 3311 5321 et
3339 5281 3368 5319 a
3398 5265 3615 5321 Gelasio
3673 5265 3857 5336 Cyzic.

1092 5332 1133 5361 ⁸¹
1168 5330 1348 5383 πάλιν.
1394 5330 1633 5405 Uterque
1686 5330 1849 5405 Basil.
1893 5341 1947 5405 et
1995 5330 2267 5405 Stepjian.
2324 5336 2369 5366 "
2398 5336 2448 5387 εἰ
2507 5354 2543 5405 μ

830 5191 1210 5257 discurrebant,

822 5332 997 5383 abest.

2698 5124 2873 5177 nando
2916 5126 3143 5179 innxium
3201 5126 3541 5181 adversarum
3579 5129 3813 5194 partium
3858 5128 4082 5184 insidia

2685 5194 2713 5226 ‘
2758 5197 3264 5263 ἀπαρασκεύαστον.
3305 5198 3469 5251 Basil.
3501 5197 3594 5250 Gr.
3632 5209 3681 5250 et
3716 5197 3832 5250 Lat.
3912 5200 3957 5229 τ’
3988 5200 4079 5252 δέ-

2546 5334 2581 5403 ὴ
2604 5336 2782 5405 Habest
2815 5334 2884 5388 ab
2919 5346 3148 5403 utroque
3184 5335 3347 5389 Basil.
3418 5336 3465 5369 ⁸⁸
3490 5336 3657 5405 δεινῆ.
3691 5334 3835 5389 Mlat
3863 5377 3878 5395 .
3911 5334 4081 5392 Gela-

823 5399 943 5471 sius
968 5399 1127 5471 Cyzic
1157 5440 1171 5458 ,
1205 5405 1464 5468 probante
1485 5399 1723 5455 Valesio.
1760 5401 2093 5471 Epiphanius
2111 5401 2383 5458 Scholast.
2412 5423 2427 5457 :
2453 5399 2849 5457 nisi-Eusebius
2866 5399 3092 5471 pessimo
3112 5408 3439 5461 consciorum
3472 5399 3686 5460 ειιοηὶηι
3720 5406 3942 5459 mitione
3972 5408 4081 5463 Ιηιι

822 5470 1064 5547 venitur.
1100 5469 1629 5547 Christopborsonus
1670 5469 1841 5547 legit:
1867 5472 1899 5540 ἢ
1925 5475 1953 5525 ὁ
1979 5472 2126 5547 δεῖνα
2172 5473 2281 5547 τῶν
2336 5476 2714 5547 συναγομένων
2754 5469 2920 5547 αὑτῷ.
2991 5474 3037 5507 ⁸⁵
3062 5474 3603 5547 συλλαμϐανομένων.
3635 5474 3874 5547 Uterque
3899 5476 4078 5533 Basil.

819 5547 877 5619 τι
904 5540 1167 5619 ’διερίιιιητ
1319 5528 1824 5619 Non‘dubitaviinus
1857 5528 1981 5594 cum
2025 5542 2245 5619 Valesio
2278 5528 2743 5619 restituere_|_ianc
2771 5528 3057 5619 lectionem
3076 5561 3117 5619 _e
3142 5528 3361 5601 Gel‘asio
3388 5528 3667 5619 SCvziccno
3694 5528 4073 5619 (damage;

822 5606 1587 5685 {talietEpipilatlillﬁﬁliam).
1616 5609 1906 5685 Vulgatqu
1941 5613 2360 5685 συνεπεπράχει,
2399 5614 2545 5685 quod
2574 5612 2898 5685 Sirinondus
2936 5614 3191 5678 habebat,
3214 5606 3677 5685 sensum‘quidem
3707 5606 3918 5670 nullum
3950 5619 4083 5671 fini-

824 5678 925 5731 (Μ.
1002 5680 1047 5711 ⁸⁸
1072 5680 1261 5733 τούτου
1308 5681 1511 5733 addunt
1554 5678 1851 5734 BasilﬁGr.
1882 5690 1935 5734 et
1986 5681 2134 5746 Lat.,

827 5746 1087 5815 Stepltan.

823 5815 1130 5874 Casaubon.

1182 5750 1227 5783 ⁸⁸
1255 5751 1346 5803 καί
1373 5752 1524 5805 abest
1562 5754 1628 5805 ab
1652 5751 1838 5806 eodem
1880 5760 1932 5806 et
1961 5751 2123 5811 Basil.

2209 5691 2427 5752 tepIian.
2505 5691 2684 5752 ⁵⁷πρό
2720 5700 2785 5751 γε
2831 5691 3034 5740 excidit
3069 5702 3135 5738 ex
3183 5695 3416 5753 utroque
3467 5691 3789 5741 Basileensi.
3860 5691 3910 5718 "
3947 5691 4079 5756 μοῦ.

2207 5754 2254 5787 ⁹⁰
2284 5753 2475 5807 τούτου
2528 5751 2767 5824 Uterque
2816 5754 2981 5809 Basil.
3058 5756 3099 5787 "
3131 5754 3428 5824 Θεόγνιδος.
3465 5756 3807 5826 Christopli.,
3837 5756 4079 5828 δραμε..

2505 5683 2684 5756 ’ξᾳπρό
2720 5700 2785 5751 γε
2817 5685 3034 5756 excidit
3069 5702 3161 5756 ex_
3183 5695 3416 5756 utroque
3467 5683 3789 5741 Basileensi.
3860 5686 3910 5718 ⁸⁸
3947 5686 4080 5756 μοῦ.
