4206 6450
193 382 299 447 969

1150 376 1736 439 ECCLESIASTIC.E
1767 376 2148 439 HISTORI/E
2182 381 2324 441 LIB.
2353 383 2401 441 Ι.

3355 392 3460 456 970

193 494 423 561 ὀλίγους
471 489 609 564 μετὰ
640 489 741 560 τὴν
771 486 1104 560 χειροτονίαν
1137 486 1291 555 ἐϐίω,
1343 488 1593 558 Φλακίτῳ
1614 488 1781 559 "iri;

1889 490 2291 545 ordinationem
2323 492 2503 563 vixit),
2538 493 2747 553 Placito
2774 496 3039 559 Ecclesia}
3062 504 3211 560 illius
3244 506 3460 576 episco—

207 582 552 652 Έκκλησίας
579 580 795 649 ἐκείνης
821 578 920 647 τὴν
952 574 1248 649 προεδρίαν
1282 577 1609 647 παρέδοσαν.
1639 578 1782 631 Πάν-

194 689 286 737 τες
311 674 375 727 δὲ
408 672 611 742 ὁμοίιος
655 671 753 741 τὴν
792 668 1003 740 Ἀρείου
1060 666 1242 739 λώϐην
1272 662 1419 739 εἶχον
1475 670 1784 740 ἐγκεκρυμ-

195 744 400 835 μένην.
427 762 529 815 Διά
561 778 644 814 τοι
685 759 843 812 τοῦτο
887 758 1126 811 πλεῖστοι
1160 757 1269 810 τῶν
1310 758 1555 812 εὐσεϐεῖν
1586 757 1785 829 “upo-

194 873 357 926 αιρου
367 854 547 925 μένων
578 854 642 916 ’⁸,
678 850 899 913 καὶτῶν
934 849 1270 921 ἱερωμένων,
1294 851 1388 905 καὶ
1414 850 1522 904 τῶν
1551 852 1780 919 πολλῶν,

195 947 323 1008 τοὺς
390 943 885 1012 ἐκκλησιαστικοὺς
947 941 1391 1006 καταλελοιπότες
1460 943 1782 1012 συλλόγους,

193 1036 333 1107 πρὸς
378 1035 611 1098 ἐαυτούς
642 1031 1083 1105 συνηθροίζοντο.
1116 1032 1521 1096 Εὐσταθιανοὺς
1557 1034 1613 1087 δὲ
1658 1034 1783 1088 τού-

193 1145 321 1190 τους
351 1125 640 1196 ὠνόμαζον
679 1127 942 1189 ἆπαντες,
970 1122 1158 1194 ἐπειδὴ
1191 1123 1329 1195 μετά
1363 1125 1461 1196 τὴν
1484 1124 1661 1191 ἔξοδον
1688 1124 1785 1194 τὴν

193 1224 415 1278 ἐκείνου
476 1224 832 1291 συνέστησαν.
885 1222 959 1275 Τὸ
1020 1220 1204 1291 μέντοι
1250 1221 1560 1292 τρισάθλιον
1611 1222 1787 1274 ἐκεῖνο

193 1317 424 1383 γύναιον
462 1315 607 1385 νόσῳ
652 1312 1011 1384 χαλεπωτάτη
1048 1313 1145 1366 καὶ
1180 1314 1502 1385 μακροτάτη
1558 1330 1777 1385 περιπερ

197 1405 309 1466 σὺν,
361 1404 595 1474 ἐξέφηνε
651 1404 749 1472 τὴν
813 1400 1127 1472 ἐπιϐουλὴν,
1180 1402 1274 1455 καὶ
1324 1402 1424 1471 τὴν
1478 1402 1785 1473 τραγῳδίαν

195 1494 543 1565 ἐγύμνωσεν,
584 1494 645 1546 οὐ
675 1493 768 1547 δύο
790 1492 885 1546 καὶ
917 1495 1085 1564 τρεῖς,
1131 1492 1265 1545 ἀλλὰ
1298 1493 1653 1563 παμπόλλους
1677 1495 1784 1547 τῶν

200 1588 397 1657 ἱερέων
435 1587 507 1639 τὰ
526 1584 857 1657 τυρευθέντα
897 1583 1177 1649 διδάξασα.
1208 1586 1353 1655 Ἔφη
1383 1586 1490 1656 γάρ
1528 1586 1619 1638 ἐπὶ
1645 1587 1783 1657 χρή-

201 1696 337 1748 μασι
373 1679 477 1750 τὴν
538 1678 907 1747 συκοφαντίαν
951 1677 1169 1747 ἐκείνην
1221 1676 1611 1747 τετολμηκέναι
1644 1694 1656 1706 ·
1692 1679 1789 1755 καὶ,

194 1773 288 1825 τδν
322 1772 514 1841 μέντοι
548 1772 710 1841 ὅρκον
739 1770 815 1841 μὴ
872 1772 1106 1839 πάμπαν
1148 1762 1288 1820 εἶναι
1317 1767 1491 1839 ψευδῆ
1525 1786 1537 1798 ·
1571 1771 1784 1823 Εὐστα-

196 1864 314 1916 θίου
380 1862 493 1934 γάρ
564 1879 708 1925 τινος
762 1859 1007 1932 χαλκέως
1067 1859 1392 1930 γεγενῆσθαι
1453 1866 1514 1914 τὸ
1561 1861 1779 1932 βρέφος.

196 1953 390 2008 Ταῦτα
456 1949 667 2025 μὲνοῦν
705 1954 764 2005 ἐν
804 1951 1105 2023 Ἀντιοχείᾳ
1148 1952 1300 2023 παρὰ
1347 1954 1446 2024 τῆς
1500 1952 1782 2027 βελτίστης

196 2047 478 2119 ἐτολμήθη
522 2046 857 2117 συμμορίας.

805 2161 1057 2217 ΚΕΦᾹΛ.
1082 2163 1211 2217 KB‘.

492 2286 498 2297 ~
568 2253 708 2321 Περὶ
750 2254 862 2322 τῆς
907 2252 1115 2309 Ἰνδῶν
1152 2256 1429 2321 πίστεως.

272 2343 436 2413 Παρά
470 2343 529 2395 δὲ
573 2343 752 2406 Ἰνδοῖς
798 2342 940 2397 κατά
983 2342 1173 2397 τοῦτον
1202 2344 1442 2398 ἀνέτειλε
1476 2345 1564 2398 τὸν
1595 2345 1781 2415 χῷνον

195 2434 294 2504 τῆς
328 2433 663 2505 θεογνωσίας
694 2433 754 2487 τὸ
791 2434 927 2503 φῶς.
960 2434 1074 2505 Τῆς
1099 2434 1209 2507 γὰρ
1235 2434 1330 2489 τοῦ
1388 2436 1655 2505 βασιλέως
1684 2438 1778 2491 άν-

193 2525 351 2595 δρίας
380 2525 473 2578 καὶ
497 2525 779 2589 εὐσεϐείας
812 2527 1086 2597 πανταχοῦ
1120 2524 1656 2599 θρυλλουμίνης,καὶ
1673 2529 1780 2582 τῶν

195 2620 256 2671 ἐν
285 2618 475 2688 κύκλῳ
487 2618 534 2649 ’⁸
558 2617 848 2690 βαρϐάρων
869 2617 967 2689 τὴν
994 2619 1214 2689 εἰρήνην
1239 2619 1511 2690 αἱρεῖσθαι
1553 2620 1661 2691 πρὸ
1687 2620 1780 2674 τοῦ

197 2709 445 2780 πολέμου
464 2713 530 2780 τῇ
560 2711 726 2779 πείρα
756 2709 1171 2781 μεμαθηκότων,
1206 2709 1320 2783 [54]
1338 2711 1508 2775 ἀδεῶς
1530 2711 1782 2783 ἀλλήλοις

197 2804 445 2863 ἅπαντες
471 2802 856 2871 ἐπεμίγνυντο,
877 2803 973 2857 καὶ
998 2803 1182 2859 πολλοὶ⁵
1206 2805 1305 2876 μὲν
1331 2806 1570 2877 ἱστορίας
1596 2807 1777 2878 χάριν,

199 2894 389 2947 πολλοὶ
421 2893 480 2946 δὲ
519 2893 812 2964 ἐμπορίας,
842 2896 941 2958 τὰς
978 2896 1197 2967 μακρὰς
1237 2898 1546 2969 ἀποδημίας
1591 2898 1781 2951 ἐστέλ-

198 2986 374 3039 λοντο.
412 2984 549 3038 Τότε
573 3002 655 3048 τις
681 2984 900 3056 Τύριος,
922 2988 1018 3058 τῆς
1046 2988 1278 3060 θύραθεν
1306 2990 1623 3060 φιλοσοφίας
1655 3008 1782 3061 μετο

199 3081 366 3149 έχων,
394 3077 495 3150 τὴν
554 3078 791 3148 ἐσχάτην
839 3079 1028 3134 Ἰνδίαν
1076 3083 1357 3153 ἱστορῆσαι
1388 3082 1653 3153 ποθήσας,
1686 3083 1782 3135 σὺν

196 3172 297 3224 δύο
342 3170 647 3239 μειρακίοις
674 3170 977 3239 ἀδελφιδοῖς
1018 3172 1375 3244 ἐξεδήμησεν.
1399 3166 1500 3228 ⁷ον
1539 3174 1775 3272 ἐπόθησε
1804 3211 1850 3272 C

194 3264 254 3316 δὲ
290 3261 490 3332 τυχὼν,
530 3262 776 3333 ναυτιλίᾳ
819 3264 1101 3335 χρώμενος
1153 3265 1418 3336 ἐπανῄει*
1474 3265 1690 3336 ὑδρείας
1718 3266 1775 3320 δὲ

197 3355 363 3425 χάριν
394 3353 472 3417 εἴς
499 3370 621 3408 τινα
651 3354 846 3423 λιμένα
873 3353 969 3408 τοῦ
986 3356 1227 3425 σκάφους
1255 3358 1777 3429 προσορμισθέντος,

197 3444 474 3517 βάρϐαροι
531 3447 937 3517 προσπεσόντες
966 3448 1093 3512 τοὺς
1139 3450 1238 3519 μέν
1292 3450 1687 3504 κατεπόντισαν
1710 3452 1777 3515 ³³,

197 3541 332 3602 τοὺς
364 3538 421 3591 δὲ
473 3536 957 3610 ἐξηνδραπόδισαν.
1012 3542 1121 3594 Καὶ
1155 3541 1363 3605 ἐκεῖνος
1394 3542 1491 3613 μὲν
1524 3546 1637 3606 τοῖς
1691 3560 1779 3596 τε·

197 3630 401 3684 θνεῶσι
426 3630 807 3701 συνηριθμήθη
827 3645 841 3659 '
864 3630 935 3685 τά
970 3631 1027 3684 δὲ
1075 3633 1334 3703 μειράκια
1363 3634 1707 3705 προσηνέχθη
1732 3636 1778 3666 ’⁸

194 3720 278 3790 τῷ
329 3710 559 3790 βασιλεῖ.
610 3719 828 3773 Τούτων
863 3722 892 3774 ὁ
937 3721 1034 3791 μὲν
1067 3722 1333 3787 Αίδέσιος,
1360 3724 1389 3775 ό
1415 3724 1469 3776 δὲ
1504 3724 1780 3794 Φρουμέν·

196 3830 313 3876 τιος
343 3811 677 3883 ὠνομάζετο.
717 3813 921 3882 Πεῐραν
945 3813 1001 3865 δὲ
1030 3813 1236 3867 τούτων
1264 3813 1344 3884 τῷ
1375 3814 1553 3884 χρόνῳ
1596 3814 1778 3868 λαόὼν

196 3905 225 3955 ὁ
251 3902 357 3968 τῆς
383 3903 486 3971 γῆς
518 3902 732 3971 ἐκείνης
790 3901 1031 3971 κρατῶν,
1076 3903 1169 3955 καὶ
1222 3902 1474 3972 ἀγχίνους
1513 3902 1656 3967 ίδὼν,
1681 3904 1780 3974 τῆς

196 3995 382 4056 οἰκίας
408 3992 788 4062 ἐπιμελεῖσθαι
846 3992 1201 4063 προσέταξεν.
1232 3994 1297 4046 Et
1363 3992 1420 4046 δέ
1459 4011 1540 4057 τις
1564 3995 1784 4049 ἀπιστεῖ

194 4087 315 4147 τοῖς
344 4084 676 4154 λεγομένοις,
703 4083 771 4137 τά
800 4084 941 4138 κατὰ
972 4084 1061 4138 τδν
1098 4085 1295 4154 Ἰωσὴφ
1321 4086 1416 4139 καὶ
1466 4086 1568 4156 τῆς
1607 4088 1777 4155 Δίγύ-

201 4196 341 4233 πτου
364 4178 464 4250 τὴν
493 4177 769 4248 βασιλείαν
792 4175 1119 4248 σκοπησάτω
1144 4192 1158 4207 ο
1198 4176 1334 4246 πρὸς
1354 4175 1411 4228 δὲ
1440 4176 1668 4243 τούτοις,
1683 4178 1777 4231 καὶ

197 4270 295 4323 τοῦ
355 4271 641 4341 προφήτου
687 4266 1189 4340 ἀναμιμνησκέσθω
1249 4265 1469 4337 Δανιὴλ,
1525 4268 1619 4326 καὶ
1667 4268 1776 4323 τῶν

196 4360 372 4431 τριῶν
418 4361 644 4415 ἐκείνων
688 4362 789 4430 τῆς
827 4359 1107 4422 εὐσεϐείας
1153 4358 1491 4427 ἀγωνιστῶν.
1522 4359 1633 4413 Καὶ
1666 4360 1775 4429 γὰρ

198 4452 403 4504 ἐκεῖνοι
456 4450 849 4521 ὼρυάλωτοιη
882 4449 1165 4520 γενόμενοι
1214 4448 1373 4520 silv“
1419 4448 1775 4503 Βαϐυλωνίων

1887 589 2078 652 patum
2129 582 2500 639 tradiderunt.
2554 587 2761 643 Ariana
2803 606 2967 660 porro
3005 594 3130 659 labe
3181 596 3234 651 hi
3264 612 3462 657 omnes

1886 673 2115 743 pariter.
2163 673 2257 729 sed
2290 675 2507 732 occulte
2536 678 2888 753 laborabant.
2922 685 3097 752 Quam
3123 672 3206 745 Iob
3231 704 3459 749 causam

1888 764 2131 833 plurimi,
2164 774 2277 820 tum
2301 782 2365 835 ex
2398 768 2565 835 clero,
2597 779 2711 827 tum
2740 789 2806 830 ex
2834 778 3056 846 populo,
3078 781 3280 855 quibus
3303 782 3460 839 cordi

1887 864 2008 909 erat
2033 856 2249 928 religio,
2290 870 2599 918 conventus
2631 866 3045 924 ecclesiasticos
3091 871 3456 939 declinantes,

1888 961 2021 1002 suos
2064 950 2320 1015 privatim
2357 952 2612 1020 agebant.
2666 956 2814 1021 Quos
2864 957 3261 1019 Eustathianos
3296 968 3460 1037 vulgo

1887 1046 2175 1109 propterea
2235 1045 2529 1112 vocabant,
2587 1048 2731 1117 quod
2781 1060 2905 1119 post
2953 1053 3100 1110 illius
3148 1038 3457 1123 discessum

1889 1136 2165 1203 segregari
2221 1151 2522 1208 coeperant.
2575 1144 2644 1197 At
2704 1145 2907 1202 misera
2959 1150 3048 1204 illa
3084 1127 3457 1220 'mulicrcula.

1888 1224 2217 1293 gravissimo
2250 1242 2314 1283 ac
2365 1230 2626 1287 diuturno
2671 1236 2866 1291 morbo
2908 1250 3185 1311 correpta,
3218 1245 3460 1313 prodidit

1889 1315 2145 1407 insidias,
2173 1320 2340 1393 805
2373 1326 2805 1397 tragmdiamque
2839 1327 3073 1396 detexit,
3120 1332 3312 1391 fraude
3348 1352 3459 1407 qua

1888 1408 1972 1463 usi
2005 1404 2185 1476 erant,
2226 1416 2334 1467 non
2392 1415 2608 1473 duabus
2636 1418 2652 1437 ‘
2688 1420 2952 1484 tribusve.
2996 1423 3092 1478 sed
3116 1404 3461 1496 quampldri-

1886 1499 1992 1553 mis
2051 1504 2442 1562 sacerdotibus
2498 1508 2791 1574 patefacta.
2851 1512 3020 1569 Fassa
3064 1517 3212 1571 enim
3252 1526 3357 1584 est,
3400 1534 3462 1575 se

1887 1590 2215 1645 conductam
2236 1598 2485 1655 mercede
2510 1597 2707 1656 falsum
2729 1602 2864 1656 illud
2885 1606 3091 1661 crimen
3118 1608 3420 1667 intendisse
3439 1627 3456 1674 ;

1888 1696 1991 1738 nec
2032 1681 2234 1739 falsum
2284 1694 2465 1744 tamen
2514 1693 2742 1747 omnino
2799 1692 2975 1752 fuisse
3015 1699 3159 1766 quod
3194 1698 3455 1778 jurarat:

1888 1774 2019 1842 quia
2076 1774 2350 1833 Eustathii
2394 1781 2688 1850 cujusdam
2744 1788 2926 1842 aerarii
2970 1788 3177 1847 infans
3220 1774 3363 1847 erat.
3393 1791 3460 1846 Et

1889 1865 2004 1921 haec
2032 1869 2252 1937 quidem
2303 1872 2611 1929 Antiochia:
2656 1879 2868 1949 egregia
2906 1881 2996 1936 illa
3033 1882 3199 1938 factio
3239 1893 3461 1956 patrare

1886 1975 2017 2015 ausa
2047 1972 2151 2017 ρει.

2187 2144 2343 2199 CAP.
2381 2147 2543 2203 XXII.
2574 2150 2658 2222 [Β.
2695 2153 2774 2207 St.
2807 2152 2906 2208 Ch.
2940 2153 3004 2210 ν.
3039 2156 3159 2228 9.3.]

2406 2240 2483 2295 De
2522 2241 2778 2331 Indorum
2820 2248 2944 2315 ﬁde.
3051 2311 3061 2331 Ἰ

1915 2344 1920 2349 υ
1955 2324 2059 2378 Per
2118 2326 2259 2383 idem
2314 2346 2445 2386 vero
2488 2315 2702 2405 tempus
2746 2336 2944 2393 divina:
2984 2315 3320 2410 cognitionis
3364 2344 3456 2399 lux

1884 2415 2029 2485 apud
2060 2414 2226 2475 Indos
2267 2432 2388 2476 orta
2435 2435 2537 2479 est.
2585 2427 2721 2481 Nam
2755 2443 2881 2484 cum
2917 2431 3266 2502 imperatoris
3303 2436 3459 2493 forti-

1884 2504 2018 2561 tudo
2062 2521 2126 2561 ac
2174 2509 2349 2577 pietas
2408 2528 2505 2581 per
2542 2530 2734 2572 omnes
2776 2533 2903 2574 oras
2948 2524 3367 2591 praedicaretur,
3399 2536 3457 2583 et

1882 2597 2103 2654 barbari
2149 2601 2583 2675 circumquaque
2631 2623 2817 2678 pacem
2850 2610 2992 2668 bello
3022 2614 3281 2685 prmferre
3306 2617 3456 2674 didi-

1881 2692 2113 2759 cissent,
2181 2695 2350 2754 libere
2426 2699 2572 2755 inter
2637 2716 2696 2758 se
2763 2714 2954 2760 mutuo
3019 2709 3384 2767 versabantur
3437 2730 3452 2767 :

1882 2784 2155 2856 multique
2182 2787 2319 2844 adeo
2354 2790 2564 2846 visendi
2607 2794 2814 2859 studio,
2858 2797 3011 2851 inulti
3047 2801 3212 2855 etiam
3246 2818 3455 2859 nterea»

1883 2880 2021 2929 tura:
2074 2878 2248 2947 gratia
2299 2879 2488 2951 longas
2546 2886 3017 2953 peregrinationes
3050 2892 3451 2961 suscipiebant.

1883 2964 2269 3040 Tum.Tyrius
2321 2975 2581 3041 quidam,,
2614 2986 2855 3033 externae
2904 2981 3279 3059 philosophia:~
3305 2986 3456 3055 peri-

1884 3064 1995 3124 tus,
2027 3058 2232 3125 ultima:
2279 3059 2449 3116 India:
2499 3063 3125 3124 lustran-dae‘desiderio
3172 3058 3453 3141 incensus,

1884 3162 2008 3204 cum
2058 3150 2491 3210 adolescentulis
2542 3157 2757 3213 duobus
2788 3158 2977 3216 fratris
3009 3161 3139 3217 ﬁliis
3167 3177 3236 3219 eo
3266 3164 3456 3236 profe-

1883 3250 2007 3298 ctus
2057 3253 2161 3301 est.
2204 3244 2455 3316 Cumque
2484 3248 2821 3305 desiderium
2852 3255 3167 3322 explesset,
3216 3262 3271 3310 et
3316 3272 3455 3311 con-

1884 3350 2079 3391 scensa
2116 3339 2239 3392 navi
2275 3340 2478 3393 rediret
2506 3340 2561 3394 in
2602 3343 2863 3411 patriam,
2899 3346 3117 3417 navigio
3143 3336 3457 3417 aquationis

1882 3442 2052 3483 causa
2085 3430 2150 3483 ad
2189 3440 2404 3501 portum
2434 3437 2723 3501 quemdam
2752 3437 2985 3506 appulso
3011 3476 3027 3502 ,
3079 3439 3355 3498 irruentes
3398 3443 3454 3497 in

1880 3536 1977 3577 eos
2025 3522 2245 3578 barbari
2296 3524 2434 3580 alios
2469 3526 2802 3592 demersere,
2853 3528 2990 3586 alios
3028 3530 3082 3585 in
3135 3524 3454 3591 servitutem

1882 3611 2155 3667 abduxere
2176 3655 2191 3679 ,
2224 3628 2288 3667 ac
2317 3614 2433 3685 ipse
2465 3615 2683 3685 quidem
2737 3616 2881 3672 inter
2915 3630 3164 3676 mortuos
3204 3624 3453 3689 relictus,

1882 3702 2261 3761 adolescentes
2290 3720 2418 3760 vero
2454 3707 2521 3761 ad
2554 3723 2736 3779 regem
2778 3712 3024 3780 perducti
3065 3722 3215 3770 sunt.
3248 3713 3453 3773 [lorum

1884 3796 1977 3849 uni
2005 3811 2203 3852 nomen
2234 3796 2496 3853 Edesius
2534 3798 2656 3865 fuit,
2683 3800 2841 3855 alteri
2880 3800 3256 3862 Frumentius.
3302 3807 3453 3875 Quos

1880 3892 2125 3962 regionis
2156 3892 2415 3948 dominus
2436 3894 2701 3962 temporis
2735 3894 2891 3965 lapsu
2929 3911 3053 3951 cum
3085 3899 3451 3969 explorasset.

1881 3984 2291 4054 prudentesque
2332 3985 2716 4054 comperisset,
2750 3986 2949 4043 domus
2998 4005 3113 4045 sua:
3149 4006 3337 4048 curam
3369 3995 3452 4051 eis

1880 4076 2176 4132 commisit.
2198 4076 2355 4143 Quod
2385 4077 2428 4132 si
2459 4078 2697 4147 cuipiam
2718 4077 2957 4137 fortasse
2983 4081 3142 4138 ﬁdem
3165 4100 3277 4140 non
3297 4083 3451 4153 facit,

1882 4168 1930 4223 is
1961 4167 2183 4240 Iosephi
2207 4178 2261 4222 et
2295 4168 2515 4241 Egypti
2550 4186 2777 4243 regnum
2808 4173 3139 4239 consideret,
3178 4176 3456 4250 simulque

1877 4259 2042 4330 805
2065 4259 2342 4316 Danielem
2376 4268 2431 4315 et
2462 4270 2575 4317 tres
2608 4261 2735 4317 illos
2761 4262 2983 4331 pietatis
3010 4264 3249 4323 athletas
3270 4282 3455 4324 recor-

1877 4351 2058 4406 detur.
2092 4349 2226 4405 Nam
2250 4358 2304 4405 et
2330 4350 2384 4405 hi
2440 4367 2679 4422 quoque,
2728 4354 2927 4423 captivi
2982 4369 3111 4410 cum
3140 4365 3346 4423 essent,
3382 4358 3453 4414 ad

1877 4442 2303 4513 Babyloniorum
2360 4442 2745 4513 praefecturam
2804 4446 2980 4501 evecti
3042 4454 3191 4503 Sunt.
3233 4448 3453 4505 Mortuo

194 4525 500 4611 ἠῖεμονίαν
564 4540 889 4611 παρέλαὼν.
920 4539 1027 4593 Τοῦ
1054 4539 1112 4593 δὲ
1138 4538 1405 4608 βασιλέως
1452 4538 1770 4610 τετελευτη-

1884 4542 2062 4589 autem
2096 4548 2242 4604 rege,
2284 4534 2525 4589 maximo
2553 4534 2610 4590 in
2640 4535 2848 4591 honore
2883 4536 3028 4607 apud
3068 4539 3241 4594 tilium
3273 4539 3449 4598 fuere.

196 4631 383 4695 κότος,
412 4629 491 4700 τῷ
520 4631 673 4683 παιδὶ
703 4630 780 4700 τῷ
809 4630 1018 4685 ἐκείνου
1041 4631 1300 4701 συνῆσαν,
1331 4628 1576 4693 πλείονος
1602 4630 1770 4700 τιμῆς

192 4719 565 4784 ἀπολαύοντες
582 4721 648 4773 ’⁸.
686 4720 949 4791 Εὐσεὸείᾳ
978 4719 1035 4773 δέ
1100 4718 1589 4790 συντεθραμμένοι,
1644 4722 1771 4784 τοὺς

191 4812 397 4864 αὐτόσε
410 4812 456 4842 ⁸⁸
482 4812 592 4864 τῶν
635 4812 894 4883 ἐμπόρων
922 4810 1350 4883 ἀφικνουμένους
1369 4813 1509 4866 κατὰ
1535 4812 1595 4866 τὸ
1635 4814 1771 4866 Ῥω-

196 4901 382 4971 μαίων
423 4901 543 4963 ἐθος
589 4900 1003 4972 συναγείρεσθαι
1030 4918 1113 4964 τε,
1146 4901 1242 4955 καὶ
1273 4901 1385 4964 τὰς
1414 4902 1563 4965 θείας
1592 4904 1770 4977 ἐπιτε-

189 4992 306 5045 λεῖν
380 4982 720 5064 λειτουργίας
789 4992 1147 5065 προέτρεπον.
1203 4992 1412 5063 Χρόνου
1466 4992 1525 5046 δὲ
1571 4993 1768 5064 συχνοῦ

188 5083 513 5149 διελθόντος,
568 5085 826 5156 προσίασι
868 5085 945 5154 τῷ
975 5084 1205 5155 βασιλεῖ,
1263 5084 1358 5138 καὶ
1408 5082 1508 5153 τῆς
1538 5085 1767 5150 εὐνοίας

189 5175 487 5228 ἀπαιτοῦσι
518 5176 729 5244 μισθὸν,
760 5177 861 5247 τὴν
890 5178 970 5241 είς
992 5174 1090 5247 τὴν
1119 5174 1448 5243 ἐνεγκοῦσαν
1485 5175 1785 5232 ἐπάνοδον.’

190 5265 397 5321 Τούτου
420 5267 478 5321 δὲ
496 5268 772 5339 τυχόντες,
795 5270 875 5333 είς
902 5270 1001 5341 τὴν
1030 5267 1314 5339 Ῥωμαίων
1339 5267 1597 5337 ἀφίκοντο
1626 5270 1727 5340 γῆν
1749 5285 1761 5299 ’

1880 4625 1947 4679 Et
1980 4626 2240 4696 quoniam
2279 4625 2336 4679 in
2365 4640 2495 4681 vero
2522 4625 2615 4681 Dei
2642 4628 2794 4681 cultu
2821 4627 3042 4684 educati
3088 4638 3268 4699 erant,
3299 4648 3465 4693 mer-_

1877 4726 2093 4773 catores
2134 4716 2228 4785 qui
2269 4731 2336 4791 eo
2380 4718 2765 4773 commeabant
2810 4718 3012 4774 hortati
3043 4729 3193 4786 sunt,
3231 4734 3290 4776 ut
3340 4721 3451 4777 Ro-

1880 4824 2040 4864 mano
2075 4822 2225 4863 more
2257 4807 2312 4861 in
2343 4822 2512 4861 unum
2544 4808 2925 4876 convenirent,
2972 4818 3026 4865 et
3056 4810 3241 4866 divina
3284 4812 3452 4870 mini-

1877 4900 2043 4956 steria
2072 4898 2433 4955 celebrarent.
2477 4897 2665 4972 Longo
2698 4915 2831 4955 vero
2890 4911 3015 4971 post
3071 4910 3316 4974 tempore
3347 4920 3445 4961 ve-

1878 4992 2037 5046 niunt
2072 4990 2137 5045 ad
2172 5004 2382 5061 regem,
2412 4999 2467 5045 et
2498 4990 2891 5046 benevolentia
2949 4992 3257 5049 mercedem
3300 4993 3448 5049 hanc

1880 5082 2182 5154 postulant,
2222 5080 2326 5136 sibi
2363 5081 2507 5135 utin
2559 5081 2792 5151 patriam
2825 5081 3038 5153 regredi
3090 5084 3271 5139 liceat.
3325 5084 3449 5153 Quo

1878 5174 2189 5242 impetrato,
2230 5171 2285 5225 in
2309 5170 2615 5225 Romanum
2643 5172 2662 5191 ‘
2716 5171 2893 5227 Solum
2925 5174 3131 5230 reversi
3165 5181 3318 5230 sunt.
3369 5177 3451 5229 Ac

1880 5264 2137 5341 Edesius
2194 5262 2417 5334 quidem
2452 5269 2599 5320 recta
2635 5262 2839 5335 Tyrum
2895 5266 3050 5336 petit,
3097 5266 3447 5324 Frumentius

1476 5411 1709 5478 νὶιιιω
1752 5419 2157 5477 LECTIONES.

260 5514 309 5546 ¹⁷
342 5514 665 5595 Πλακεντίῳ
706 5516 829 5600 fias.
853 5514 1425 5600 ῼντβιενιιιὶψαλξίῳ
1455 5512 1644 5600 διειριι.
1685 5515 1741 5570 2.
1781 5517 1884 5600 alii
1920 5513 2697 5600 eum“Illgxtzox‘appellaut,
2723 5514 3145 5600 γοξτιιιακέλλιον,
3190 5516 3272 5571 vel

190 5584 374 5636 κιλλον
412 5582 647 5640 rectius.‘
718 5587 771 5667 “A
831 5582 1294 5667 censeatur-1.13%...
1321 5582 1416 5667 Gr.
1498 5582 1909 5667 ιΓοιίρουμένελυν
1950 5584 2282 5667 Βλεῑιηρτ...
2323 5582 2509 5667 Steph.
2554 5584 2757 5667 Scalig.
2796 5586 3447 5667 [lapattp-oupéy‘wvuchri-

191 5655 621 5723 Stopborsonus.
726 5657 771 5688 "
812 5660 836 5709 ὲ
878 5657 1084 5724 κύκλῳ.
1151 5656 1317 5709 Basil.
1343 5655 1453 5708 ’Gr.

192 5726 235 5753 τ’
270 5723 583 5781 προσήγθη.
625 5723 790 5779 Basil.
827 5673 921 5781 ἄν.
997 5727 1043 5758 ’³
1075 5726 1165 5778 Sic
1195 5734 1247 5778 ct
1281 5724 1453 5780 (Ihrist

192 5726 235 5753 τ’
270 5723 583 5794 προσήχθη.
625 5723 790 5779 Basil.

178 5794 239 5849 ."
262 5794 651 5857 ἀπολαωντες.
691 5794 855 5850 Basil.
883 5796 978 5851 Gr.
1054 5795 1099 5828 "
1134 5794 1341 5849 αὐτόθι.
1403 5794 1569 5860 mem.

480 5891 751 5951 Psrnoc.
790 5891 906 5953 Gn.
977 5890 1295 5951 LXXXII.

1572 5656 1615 5687 ¹¹
1645 5656 1951 5725 κατεπόντη

878 5742 921 5779 r.
997 5727 1043 5758 "
1075 5726 1165 5796 Sic
1195 5724 1595 5796 ctdtihristOph.
1626 5727 1730 5782 Sed
1764 5724 1955 5795 Steph.
1998 5726 2132 5781 edit.
2166 5724 2503 5795 δοριάλωτοι.

1956 5672 2074 5709 σαν.
2136 5654 2324 5723 Steph.
2390 5653 2798 5723 καθεπόντησαν
2853 5653 3105 5711 vitiosius
3154 5656 3315 5711 Basil.
3346 5655 3439 5711 Gr.

2595 5723 2641 5755 ’δ
2669 5723 2769 5794 τὴν
2788 5725 2915 5778 τῶν.
2951 5725 3071 5783 Bas.
3101 5724 3219 5791 Gr.,
3248 5724 3442 5797 Steph.

3131 5890 3199 5953 31
