4206 6450
769 405 863 467 971

1757 405 2241 465 THEODURETI
2270 406 2608 466 EPISCOPI
2631 409 2995 470 CYRENSIS

3916 410 4026 470 972

768 536 921 586 vero,
953 535 1132 575 rerum
1165 519 1475 574 divinarum
1531 534 1717 573 curam
1772 528 2061 589 parentum
2120 534 2346 589 conspe-

2457 520 2541 572 καὶ
2569 522 2595 571 ό
2627 520 2724 589 μὲν
2754 520 2996 585 Λξδέσιος
3017 521 3115 591 τὴν
3145 520 3318 591 Τύρον
3343 520 3634 574 κατέλαϐεν
3666 535 3679 551 ·
3702 522 3731 572 ό
3759 520 3815 572 δὲ
3844 522 4024 591 Φρου-

770 612 878 667 clui
909 619 1268 680 anteponens,
1309 608 1690 663 Alexandriam
1717 608 2020 671 contendit,
2053 606 2338 661 Ecclesiae-

773 718 879 773 quc
909 703 1212 756 antistitem
1268 702 1428 756 docet
1476 700 1637 754 Indos
1694 715 1895 770 magno
1954 700 2342 754 intellectualis

769 796 995 850 luminis
1025 794 1297 849 desiderio
1334 794 1525 848 teneri.
1564 791 1823 848 Ecclesitc
1854 807 2018 863 porro
2064 793 2210 846 illius
2242 807 2342 860 gu-

769 888 1062 944 bernacula
1098 894 1212 941 tum
1243 885 1835 942 tenebatAthanasius.
1865 884 1987 950 Qui,
2014 884 2134 953 ejus
2156 882 2342 938 audita

770 979 1125 1036 narratione:
1163 977 1226 1031 Et
1260 978 1382 1047 quis
1416 978 1633 1041 melius,
1668 977 1863 1047 inquit,
1897 992 2059 1044 quam
2120 983 2200 1037 tu,
2256 973 2340 1028 vel

770 1070 1099 1140 ignorantiae
1128 1070 1416 1138 caliginem
1472 1069 1542 1123 ab
1581 1069 1684 1122 hac
1720 1075 1880 1136 gente
1924 1066 2203 1128 discutiet,
2261 1063 2341 1118 vel

771 1162 949 1217 lucem
981 1162 1059 1215 illi
1092 1161 1293 1215 divinae
1318 1159 1727 1231 przedicationis
1762 1158 2005 1213 inferet?
2035 1158 2213 1228 Atque
2257 1157 2341 1212 his

770 1254 954 1318 dictis,
977 1252 1278 1323 episcopali
1311 1268 1436 1307 eum
1470 1251 1642 1320 gratia
1681 1250 2016 1319 impertit,ct
2048 1248 2114 1303 ad
2153 1249 2333 1334 gentis

770 1346 918 1400 illius
962 1346 1235 1400 culturam
1276 1344 1525 1399 dimittit.
1564 1343 1658 1397 Ille
1692 1357 1843 1407 vero,
1903 1342 2079 1412 patria
2133 1343 2339 1404 relicta,

770 1435 1061 1505 pelagique
1090 1434 1455 1489 immensitate
1478 1441 1812 1502 contempta,
1832 1432 2093 1485 incultam
2124 1438 2339 1499 gentem

771 1526 926 1590 adiit,
968 1526 1366 1595 diligenterque
1398 1524 1597 1578 divina:
1625 1525 1817 1593 gratiae
1845 1539 1947 1593 ope
1982 1522 2146 1575 nixus
2176 1534 2341 1574 exco-

772 1618 895 1671 luit.
928 1618 1264 1687 Apostolicis
1298 1618 1443 1673 enim
1502 1616 1807 1679 miraculis,
1864 1615 1909 1669 si
1956 1614 2047 1683 qui
2075 1611 2346 1667 contradi-

773 1722 899 1763 cere
938 1716 1294 1774 conarentur,
1336 1706 1621 1775 capiebat:
1662 1706 2056 1773 signorumque
2106 1701 2345 1756 efficacia

772 1799 936 1855 dictis
965 1800 1084 1869 ejus
1120 1799 1277 1853 fidem
1312 1804 1591 1863 astruens,
1644 1796 1913 1865 plurimos
1959 1792 2205 1864 quotidie
2238 1791 2342 1846 sibi

775 1891 1133 1961 adjungebat.

2446 613 2659 681 μέντιος
2696 614 2794 683 τὴν
2825 613 2949 683 περὶ
2979 612 3047 665 τά
3076 612 3195 665 θεῖα
3221 612 3457 683 σπουδὴν
3487 614 3586 681 τῆς
3622 612 3731 664 τῶν
3760 628 4026 680 γεγεννη-

2443 703 2615 755 κότων
2690 704 3058 774 προτετίμηκε
3110 703 3237 766 θέας
3276 719 3292 735 ο
3349 704 3444 755 καί
3503 702 3605 773 τὴν
3669 702 4026 771 Ἀλεξάνδρου

2444 793 2765 847 καταλαϐὼν
2798 795 2970 856 πόλιν,
3006 796 3097 847 τὸν
3125 796 3227 863 τῆς
3272 794 3599 863 Ἐκκλησίας
3652 794 3859 861 ἐδίδαξε
3891 794 4024 861 πρό-

2444 885 2613 954 εδρον,
2650 885 2727 949 ὡς
2787 886 2938 939 Ἰνδοὶ
2992 886 3112 941 λίαν
3168 885 3395 939 ποθοῦσι
3446 885 3504 938 τὸ
3550 886 3735 953 νοερὸν
3780 883 4019 948 εἰσδέξα-

2446 977 2568 1031 σθαι
2607 977 2743 1046 φῶς.
2787 977 3102 1041 ’Λθανάσιος
3145 978 3201 1031 δὲ
3231 976 3530 1047 τηνικαῦτα
3556 976 3656 1043 τῆς
3698 976 4026 1045 Ἐκκλησίας

2446 1069 2661 1140 ἐκείνης
2720 1072 2938 1139 κατεῖχε
2971 1071 3099 1133 τοὺς
3137 1071 3328 1132 οἴακας
3355 1088 3368 1101 ο
3413 1068 3470 1130 ὃς
3515 1069 3623 1121 τῶν
3668 1067 4030 1136 διηγημάτων

2444 1160 2670 1215 ἐκείνων
2711 1161 2985 1225 ἀκούσας⁹
3024 1162 3135 1214 Καὶ
3195 1160 3279 1222 τίς
3324 1177 3439 1223 σου,
3489 1159 3615 1229 ἔφη,
3674 1159 3898 1227 ἄμεινον
3934 1157 4031 1209 καὶ

2441 1251 2542 1322 τὴν
2571 1252 2667 1319 τῆς
2686 1251 2907 1319 ἀγνοίας
2933 1252 3031 1321 τὴν
3048 1253 3095 1284 ¹⁷
3117 1251 3284 1321 ἀχλὺν
3310 1250 3671 1302 ἀποσκεδάσει
3694 1246 3788 1300 τοῦ
3813 1248 4027 1309 έθνους,

2445 1340 2537 1392 καὶ
2562 1340 2653 1393 τοῦ
2682 1341 2826 1393 θείου
2850 1340 3206 1411 κηρύγματος
3233 1341 3417 1403 αὐτοῖς
3440 1339 3657 1392 ἀποίσει
3673 1338 3771 1407 τὴν
3794 1338 4026 1406 αἴγλην;

2443 1429 2628 1484 Ταῦτα
2662 1430 2851 1496 εἰπὼν,
2890 1433 2982 1485 καὶ
3015 1433 3113 1502 τῆς
3141 1433 3534 1503 ἀρχιερατικῆς
3594 1431 3743 1501 αὑτῷ
3801 1430 4030 1500 χάριτος

2448 1522 2727 1592 μεταδοὺς,
2762 1525 2841 1586 είς
2896 1524 2993 1593 τὴν
3022 1523 3117 1576 τοῦ
3158 1523 3343 1586 ἔθνους
3410 1521 3684 1590 ἐξέπεμψε
3731 1518 4030 1589 γεωργίαν.

2457 1612 2515 1665 '0
2554 1612 2629 1678 δὲ,
2662 1613 2755 1665 καὶ
2820 1614 2923 1682 τὴν
2961 1614 3193 1683 πατρίδα
3249 1611 3589 1673 καταλιπὼν,
3621 1610 3715 1662 καὶ
3744 1608 3840 1661 τοῦ
3868 1607 4031 1677 μεγί-

2449 1719 2574 1755 στου
2632 1701 2902 1767 πελάγους
2968 1704 3412 1773 καταφρονήσας,
3477 1700 3749 1754 κατέλαϐε
3816 1698 3915 1768 μὲν
3966 1696 4029 1748 τὸ

2447 1794 2800 1866 ἀγεώργητον
2844 1794 3019 1858 ἔθνοςο
3070 1794 3386 1866 ὲγεώργησε
3429 1795 3485 1848 δὲ
3537 1792 3855 1864 προθύμως,
3909 1805 4035 1842 συν-

2378 1876 2423 1934 Β
2452 1885 2610 1954 εργὸν
2648 1885 2788 1954 ἔχων
2822 1885 2919 1954 τὴν
2965 1884 3244 1938 θεόσδοτον
3271 1882 3390 1956 [55]
3418 1884 3580 1954 χάριν
3604 1899 3617 1912 ·
3646 1880 4034 1939 ἀποπολικαῖς

771 1981 880 2054 γάρ
920 1980 1255 2053 κεχρημένος
1299 1977 1783 2049 θαυματουργίαις,
1812 1978 1936 2039 τοὺς
1968 1976 2269 2046 ἀντιλέγειν
2316 1979 2428 2040 τοῖς
2483 1977 2661 2045 λόγοις
2710 1978 3087 2048 πειρωμένους
3122 1977 3385 2048 ἐθήρευε,
3431 1976 3527 2030 καὶ
3578 1976 3612 2045 ἡ
3660 1972 4034 2045 τερατουρτία

777 2074 1128 2148 μαρτυροῦσα
1202 2076 1316 2135 τοῖς
1371 2070 1684 2139 λεγομένοις
1710 2110 1723 2136 ,
1796 2069 2150 2140 παμπόλλους
2215 2068 2334 2124 καθ’
2362 2070 2600 2139 ἑκάστην
2627 2070 2841 2141 ἡμέραν
2869 2070 3124 2140 ἐζώγρει.

1017 2187 1182 2258 303
1204 2186 1353 2240 car.
1381 2183 1569 2237 χχιιι.
1600 2182 1707 2256 [81.
1739 2185 1869 2239 cm.
1901 2184 1957 2238 v.
1980 2183 2096 2255 ει]

1021 2300 1096 2354 Dc
1127 2298 1404 2354 Iberorum
1432 2298 1499 2352 ad
1529 2297 1688 2365 [idem
1730 2299 2092 2352 traductione.

846 2459 994 2514 Indis
1040 2471 1170 2525 ergo
1203 2456 1268 2511 ad
1330 2454 1421 2511 Dei
1488 2455 1855 2525 cognitionem
1907 2456 2347 2526 consequendam

779 2554 886 2611 dux
920 2551 1021 2606 I'uit
1073 2548 1449 2605 Frumentius.
1508 2547 1576 2601 At
1638 2547 1821 2603 Iberos
1872 2548 2062 2602 eodem
2112 2558 2357 2619 tempore

778 2641 993 2713 captiva
1037 2638 1229 2692 mulier
1257 2637 1323 2689 ad
1369 2636 1652 2691 veritatem
1708 2635 1980 2705 perduxit.
2035 2634 2172 2690 IIuic
2208 2639 2353 2691 enim

780 2735 1015 2791 assidua:
1043 2746 1231 2801 preces
1256 2737 1451 2793 erant,
1503 2744 1603 2797 pro
1641 2728 1780 2782 lecto
1808 2728 2069 2798 mollique
2116 2731 2358 2799 stragulo

780 2842 980 2883 saccus
1027 2824 1176 2878 humi
1225 2836 1534 2891 expansus,
1572 2835 1672 2891 pro
1714 2822 1944 2874 summis
1974 2820 2187 2876 deliciis
2212 2822 2359 2891 jeju-

781 2921 955 2975 nium.
988 2916 1185 2972 Verum
1216 2916 1305 2970 hic
1340 2916 1492 2969 labor
1527 2914 1826 2984 apostolica
1864 2914 1941 2966 illi
1984 2914 2126 2967 dona
2171 2914 2362 2967 conci-

784 3011 953 3064 liavit.
992 3006 1126 3062 Nam
1163 3022 1287 3060 cum
1334 3007 1586 3061 barbaris
1628 3005 1698 3060 ob
1743 3004 1969 3060 medica:
2015 3005 2150 3059 artis
2196 3020 2361 3075 penn-

783 3103 922 3157 riam
950 3116 1067 3155 mos
1092 3108 1235 3154 esset
1262 3139 1274 3162 ,
1308 3098 1435 3151 dum
1472 3106 1798 3167 mgrotarent
1824 3136 1838 3160 ,
1869 3105 1929 3150 ut
1959 3097 2050 3150 alii
2082 3098 2221 3151 alios
2252 3098 2353 3151 ad-

787 3196 963 3257 irent,
1020 3200 1073 3248 et
1103 3192 1171 3246 ab
1217 3193 1283 3245 iis
1319 3191 1407 3260 qui
1439 3193 1632 3244 morbo
1662 3200 1822 3244 antea
1853 3190 2097 3258 correpti
2144 3189 2355 3243 sanita-

3012 2188 3263 2243 ΚΕΦΑΛ.
3294 2187 3423 2241 Kl".

2606 2301 2743 2371 Περὶ
2790 2302 2899 2369 τῆς
2930 2301 3173 2371 Ἰϐήρων
3201 2301 3351 2369 πρός
3394 2300 3511 2368 τὴν
3556 2298 3876 2353 εὐσέϐειαν

3087 2372 3375 2440 ποδηγίας
3386 2410 3398 2423 .

2541 2465 2719 2519 Ἰνδῶν
2772 2466 2871 2535 μὲν
2908 2462 3000 2519 οῦν
3030 2467 3058 2519 ό
3086 2465 3449 2535 Φρουμὲντιος
3502 2465 3638 2536 πρὶς
3695 2463 4041 2531 θεογνωσίαν

2461 2558 2677 2626 ἐγένετο
2702 2557 2954 2627 ποδηγός.
2987 2558 3213 2631 Ἴϐηρας
3260 2557 3316 2611 δὲ
3348 2556 3490 2611 κατά
3522 2556 3615 2609 τδν
3646 2556 3812 2610 αὑτὸν
3845 2556 4043 2626 χρόνον

2457 2650 2597 2723 γυνὴ
2629 2649 3023 2722 δορυάλωτος¹⁸
3070 2651 3207 2721 πρὸς
3236 2650 3335 2719 τὴν
3385 2648 3643 2719 ἀλήθειαν
3690 2648 4043 2716 ὲξενάγησεν.

2456 2741 2606 2811 Δῦτη
2655 2741 2761 2813 γὰρ
2810 2744 3088 2813 προσευχῇ
3133 2740 3229 2811 μὲν
3261 2742 3459 2810 ἐχρῆτο
3515 2739 3751 2808 διηνεκεῖ
3778 2754 3792 2767 °
3823 2740 3957 2808 εὐνὴ
3988 2739 4047 2790 δὲ

2454 2829 2522 2903 ἦν
2581 2834 2717 2903 αὐτῇ
2779 2834 2872 2886 καὶ
2932 2831 3191 2903 στρωμνὴ
3245 2830 3485 2901 μαλακὴ,
3536 2831 3737 2889 σάκκος
3788 2830 3882 2879 ἐπὶ
3948 2826 4045 2879 τοῦ

2457 2924 2691 2977 δαπέδου
2751 2923 3182 2993 καθηπλωμένος
3204 2938 3217 2950 ο
3247 2920 3459 2992 τρυφὴν
3484 2921 3540 2973 δὲ
3588 2920 3765 2989 ἄκραν
3816 2920 3918 2988 τὴν
3941 2936 4043 2987 VT,-

2460 3014 2645 3067 στείαν
2686 3013 2952 3085 ἐνόμιζεν.
3010 3009 3179 3077 Οὗτος
3216 3015 3245 3067 ό
3277 3014 3437 3075 πόνος
3490 3011 3599 3063 τῶν
3651 3009 4043 3063 ἀποστολικιτιν

2464 3106 2600 3175 αὐτῇ
2637 3106 2974 3176 μεταδέδωκε
3014 3104 3389 3176 χαρισμάτων.
3435 3102 3653 3172 Ἐπειδὴ
3682 3101 3789 3170 γὰρ
3824 3104 3873 3153 οἱ
3911 3100 4045 3169 βάρ-

2465 3196 2643 3267 ὄαροι,
2678 3197 2779 3266 τῆς
2812 3200 3055 3267 ἰατρικῆς
3084 3194 3435 3260 σπανίζοντες
3469 3196 3799 3263 ἐπιστήμης,
3832 3192 4036 3245 είώθαη

786 3294 894 3340 tem
941 3290 1296 3352 receperant,
1359 3290 1697 3350 recuperata:
1744 3282 2077 3335 valetudinis
2131 3281 2353 3334 modum

2469 3304 2553 3340 σιν
2588 3288 2992 3359 ἀρρωστοῦντες
3038 3286 3173 3357 πρὸς
3202 3287 3461 3354 ἀλλήλους
3503 3287 3713 3353 φοιτᾷν,
3746 3285 3839 3336 καὶ
3891 3284 4047 3353 παρίι

787 3377 1134 3446 exquirerent
1161 3417 1176 3441 ,
1205 3374 1270 3427 ad
1302 3373 1630 3427 laudabilem
1674 3374 1957 3427 mulierem
2001 3373 2241 3427 accessit
2279 3372 2357 3425 Ie-

788 3469 935 3523 mina
966 3466 1212 3535 quzedam
1238 3480 1361 3518 cum
1383 3464 1599 3518 inlirmo
1633 3465 1883 3534 puerulo,
1912 3465 2141 3533 supplex
2169 3478 2355 3528 orans,

791 3569 851 3612 ut
886 3559 1014 3628 quid
1065 3557 1208 3611 Iacto
1240 3564 1385 3611 esset
1436 3572 1575 3626 opus
1627 3561 1905 3611 edoceret.
1941 3558 2036 3609 Illa
2074 3566 2355 3625 acceptum

792 3665 1020 3719 puerum
1057 3649 1110 3703 in
1148 3650 1289 3702 lecto
1319 3648 1582 3710 collocat,
1617 3662 1907 3716 rerumque
1938 3650 2180 3701 omnium
2216 3646 2361 3701 Con-

793 3743 1021 3795 ditorem
1053 3750 1325 3810 precatur,
1364 3749 1422 3792 ut
1462 3748 1667 3792 annuat
1713 3746 1767 3793 et
1818 3738 2065 3791 morbum
2103 3739 2357 3808 depellat.

792 3832 895 3899 Qui
928 3841 1180 3901 suscepta
1214 3847 1370 3900 prece
1402 3832 1691 3884 sanitatem
1724 3830 1986 3883 restituit.
2025 3828 2234 3882 Exinde
2264 3829 2363 3881 ad-

794 3922 1066 3977 mirabilis
1112 3923 1306 3975 tnulicr
1359 3922 1412 3973 in
1461 3919 1703 3972 omnium
1742 3934 1837 3971 ore
1883 3918 2030 3971 fuit:
2072 3933 2172 3973 nec
2220 3920 2363 3989 regis

794 4014 1079 4084 conjugem
1104 4015 1122 4034 ‘
1153 4011 1278 4065 facti
1309 4012 1472 4079 hujus
1501 4009 1640 4062 fama
1670 4010 1846 4062 latuit.
1885 4008 2015 4074 Qua:
2054 4011 2168 4078 ipsa
2191 4051 2205 4074 ,
2241 4024 2363 4063 cum

796 4105 945 4174 gravi
992 4103 1179 4157 morbo
1228 4104 1585 4165 detineretur,
1648 4115 1766 4154 catn
1818 4115 1943 4152 mox
1992 4100 2363 4153 advocandam

796 4195 1033 4249 curavit.
1071 4192 1273 4247 Verum
1307 4194 1397 4245 illa
1430 4193 1650 4245 minime
1680 4191 1853 4245 elatos
1886 4191 2113 4259 spiritus
2144 4205 2363 4260 gerens,

798 4284 996 4353 regina:
1026 4281 1317 4353 postulatis
1343 4296 1452 4333 non
1489 4280 1689 4349 paruit.
1722 4280 1790 4331 At
1821 4283 2008 4347 regina
2041 4280 2185 4332 malo
2214 4294 2367 4333 com-

797 4376 1191 4449 palsa,regiam
1213 4372 1529 4441 dignitatem
1549 4371 1677 4439 quid
1697 4379 1840 4424 esset
1857 4386 1966 4423 non
1986 4370 2364 4433 considerans,

797 4480 1025 4534 propere
1075 4461 1149 4517 ad
1164 4464 1430 4531 captivam
1489 4462 1605 4531 ipsa
1660 4458 2116 4514 contendit.II:ec
2170 4462 2365 4514 iterum

799 4570 917 4610 eam
967 4553 1156 4609 humili
1212 4553 1264 4605 in
1328 4552 1469 4605 lecto
1522 4552 1840 4612 collocatis,
1895 4551 2137 4605 salutare
2174 4550 2367 4603 morbo

2457 3378 2564 3432 τῶν
2594 3380 2693 3449 ἤδη
2724 3378 3119 3447 νενοσηκότων,
3160 3380 3255 3430 καὶ⁴
3298 3379 3398 3446 τῆς
3430 3376 3744 3446 ἀρρωστίας
3795 3374 4049 3427 ἀπαλλα-

2458 3470 2687 3537 γέντων,
2734 3469 3028 3538 μανθάνειν
3062 3467 3161 3537 τῆς
3196 3467 3385 3535 ὑγείας
3418 3467 3510 3518 τὸν
3562 3466 3783 3534 τρόπον,
3816 3464 4047 3532 ἀερίκετό

2457 3576 2543 3622 τις
2592 3560 2728 3629 γυνὴ
2776 3560 2911 3629 πρὸς
2954 3559 3051 3630 τὴν
3095 3560 3409 3625 ἀξιέπαινον
3454 3557 3781 3629 ἄνθρωπον,
3829 3555 4046 3609 παιδίον

2460 3654 2739 3724 ἄρρωστον
2766 3653 2809 3683 ¹⁹
2840 3651 3056 3721 ἔχουσα,
3092 3654 3187 3704 καὶ
3223 3651 3414 3721 μαθεῖν
3461 3652 3523 3703 τὸ
3578 3650 3853 3719 πρακτέον
3891 3653 4045 3703 ἀντι⁹

2462 3743 2712 3797 ϐολοῦσα.
2754 3743 2823 3794 Ἠ
2869 3742 2925 3794 δὲ
2977 3742 3137 3794 τοῦτο
3180 3742 3419 3794 λαϐοῦσα
3473 3742 3570 3794 καὶ
3602 3743 3679 3802 είς
3734 3741 3832 3809 τὴν
3883 3740 4049 3809 εὐνὴν

2462 3833 2793 3887 ἁνακλίνασα
2819 3834 2883 3895 ³ο,
2945 3835 3156 3885 ἱκέτευε
3188 3832 3281 3886 τὸν
3321 3834 3431 3885 τῶν
3464 3832 3600 3884 ὅλων
3635 3833 3981 3901 Δημιουργδν
4000 3832 4041 3862 ³¹

2463 3924 2651 3978 νεῦσαι
2685 3926 2779 3977 καὶ
2800 3924 2958 3977 λῦσαι
2984 3925 3083 3993 τὴν
3116 3925 3290 3976 νόσον.
3323 3924 3383 3977 ’0
3419 3924 3596 3991 δὲτὴν
3627 3924 3862 3975 ἱκετείαν
3894 3923 4051 3988 δεξά-

2468 4033 2657 4088 μενος,
2699 4017 2940 4088 παρέσχε
2990 4017 3088 4085 τὴν
3124 4016 3332 4082 ὑγείαν.
3382 4014 3662 4067 Ἐντεῦθεν
3697 4016 3729 4082 ὴ
3758 4015 4047 4083 θαυμασία

2464 4107 2601 4178 γυνὴ
2635 4106 3069 4175 πολυθρύλλητος
3100 4108 3322 4174 γέγονεν
3354 4122 3368 4134 ·
3414 4106 3534 4159 οὐδὲ
3563 4107 3675 4174 γὰρ
3702 4105 3798 4175 τὴν
3827 4106 3926 4157 τοῦ
3956 4105 4050 4174 βα-

2468 4197 2658 4257 σιλέως
2687 4197 2931 4265 ὁμόζυγα
2959 4196 3017 4248 τὸ
3040 4190 3406 4267 γεγενημένον
3430 4195 3665 4249 διέλαθε.
3720 4196 4047 4265 Παραυτίκα

2464 4287 2521 4341 δὲ
2550 4288 2717 4357 αὐτὴν
2751 4287 3135 4357 μετεπέμψατο
3158 4303 3172 4318 ο
3206 4288 3310 4340 ὑπό
3338 4304 3482 4350 τινος
3520 4287 3629 4357 γὰρ
3657 4288 3750 4339 καὶ
3774 4288 3914 4355 αὐτὴ
3940 4305 4041 4356 χαο

2467 4378 2630 4432 λεποῦ
2650 4379 2929 4447 κατείχετο
2951 4378 3174 4441 πάθους.
3211 4378 3272 4432 Ἦ
3302 4379 3359 4431 δὲ
3384 4378 3591 4447 μετρίῳ
3621 4375 3940 4446 κεχρημένη
3964 4377 4045 4445 τῷ

2469 4471 2796 4540 φρονήματι,
2824 4468 2925 4537 τῆς
2969 4469 3236 4537 βασιλίδος
3259 4470 3357 4537 τὴν
3413 4469 3630 4535 αἴτησιν
3660 4469 3759 4520 οὐκ
3803 4468 4046 4533 ἐδέξατο.

2482 4557 2618 4609 Ἀλλ’
2651 4557 2753 4609 ὑπὸ
2782 4557 2879 4624 τῆς
2910 4556 3099 4624 χρείας
3127 4556 3310 4624 ἐκείνη
3345 4555 3663 4624 βιαζομένη,
3704 4554 3805 4624 τὴν
3832 4557 4043 4621 βασιλι-

800 4644 1100 4699 remedium
1153 4643 1455 4696 orationem
1507 4641 1776 4696 adhibuit.
1830 4640 2038 4712 Regina
2069 4642 2361 4695 curationis

2477 4646 2578 4717 κήν
2612 4647 2767 4712 ἀξίαν
2790 4648 2868 4707 είς
2896 4645 3019 4698 νοῦν
3065 4645 3248 4699 λαϐεῖν
3278 4646 3376 4698 οὐκ
3421 4646 3704 4714 ἠθέλησεν,
3760 4645 3874 4698 ἀλλ’
3906 4647 4054 4717 αὐτὴ

799 4736 962 4806 807
1001 4735 1298 4794 mercedem
1348 4749 1510 4803 quam
1558 4734 1811 4787 eximiam
1863 4734 2087 4802 putabat
2128 4733 2371 4796 obtulit,

804 4842 998 4880 aurum
1027 4833 1080 4881 et
1110 4835 1392 4895 argentum
1417 4863 1431 4887 ,
1460 4826 1675 4879 tunicas
1702 4833 1755 4878 et
1786 4826 1957 4894 pallas
1980 4863 1994 4885 .
2036 4831 2091 4879 et
2117 4824 2220 4877 alia
2249 4838 2372 4894 quae

745 4932 753 4939 ·
804 4916 1002 4982 regalis
1027 4914 1431 4985 magniﬁcentia
1465 4916 1622 4968 solet.
1674 4913 1862 4968 Divina
1895 4929 2023 4968 vero
2055 4914 2252 4967 mulier
2285 4913 2371 4967 his

806 5006 911 5061 sibi
962 5020 1099 5074 opus
1152 5020 1264 5060 non
1311 5021 1434 5060 esse
1474 5004 1632 5069 dixit,
1688 5006 1781 5059 sed
1843 5020 2050 5074 magna:
2105 5004 2372 5059 mercedis

812 5095 1124 5150 habituram
1173 5111 1232 5151 se
1260 5096 1418 5158 loco,
1471 5097 1515 5150 si
1564 5096 1618 5149 in
1679 5096 1961 5167 religionis
2004 5095 2369 5165 cognitionem

808 5188 1023 5241 veniret
1073 5206 1087 5242 :
1137 5189 1410 5257 simulque
1441 5188 1643 5242 divinis
1672 5187 1817 5240 illam
1845 5225 1859 5250 ,
1911 5194 1969 5239 ut
2005 5191 2248 5254 poterat,
2291 5184 2374 5237 in-

811 5278 1017 5333 stitutis
1040 5278 1298 5341 erudivit,
1332 5288 1493 5348 atque
1522 5284 1581 5331 ut
1606 5277 1865 5347 templum
1893 5275 2114 5330 Christo
2141 5274 2371 5343 sospita-

812 5367 916 5419 tori
950 5382 1051 5422 suo
1092 5376 1402 5423 exstrueret
1444 5367 1659 5421 hortata
1711 5375 1815 5423 est.
1864 5367 2074 5431 Quibus
2129 5365 2369 5429 auditis,

812 5457 972 5512 rediit
1028 5459 1117 5512 illa
1173 5460 1226 5512 in
1268 5459 1568 5531 palatium,
1617 5468 1669 5514 et
1718 5460 1977 5513 maritum
2027 5470 2137 5513 tam
2179 5458 2376 5513 subita:

2475 4739 2612 4806 πρὸς
2653 4738 2749 4807 τὴν
2790 4737 3126 4807 δορυάλωτον
3150 4737 3193 4768 ³¹
3242 4737 3499 4808 ἔδραμεν.
3532 4738 3597 4789 Ἠ
3626 4738 3682 4789 δὲ
3720 4738 3904 4799 πάλιν,
3957 4740 4056 4790 ἐπὶ

2473 4829 2569 4896 τῆς
2596 4826 2841 4889 εὐτελοῦς
2880 4828 3039 4896 εὐνῆς
3086 4827 3256 4891 αὐτὴν
3292 4826 3685 4887 κατακλίνασα,
3752 4828 4056 4896 φάρμακον

2476 4917 2794 4981 ἀλεξίκακον
2852 4918 3213 4987 προσενήνοχε
3244 4917 3320 4986 τῷ
3359 4918 3521 4969 πάθει
3579 4918 3677 4986 τὴν
3721 4918 4053 4987 προσευχήν.

2489 5010 2551 5060 'II
2581 5008 2636 5059 δὲ
2669 5007 2877 5077 βασιλὶς
2914 5008 3013 5075 τῆς
3064 5008 3358 5077 θεραπείας
3395 5008 3583 5077 μισθὸν
3656 5008 4061 5077 προσεκόμιζεν

2478 5098 2538 5152 ὃν
2570 5098 2821 5167 ἐνόμιζεν
2880 5098 3221 5167 ἀξιόκτητον,
3258 5098 3459 5169 χρυσὸν
3518 5100 3613 5152 καὶ
3665 5100 3929 5169 ἄργυρον,
3959 5103 4060 5153 καὶ

2480 5186 2733 5256 χιτῶνας,
2764 5187 2856 5240 καὶ
2885 5188 3218 5257 ἀμπεχόνας,
3250 5188 3344 5239 καὶ
3372 5189 3471 5241 ὅσα
3497 5188 3596 5255 τῆς
3630 5186 3913 5257 βασιλικῆς
3939 5191 4061 5242 ἐστι

2477 5279 2626 5349 δῶρα
2651 5278 2979 5348 φιλοτιμίας.
3028 5280 3094 5331 Ἦ
3116 5280 3171 5331 δὲ
3228 5279 3345 5333 θεία
3382 5280 3520 5349 γυνὴ
3571 5280 3775 5333 τούτων
3830 5280 3940 5347 ἔστι
3973 5282 4052 5350 μὴ

2479 5370 2684 5423 δεῖσθαι
2715 5386 2728 5400 ⁶
2760 5374 2933 5441 μέγαν
2988 5370 3043 5423 δὲ
3082 5372 3330 5441 ἡγεῖσθαι
3384 5370 3591 5440 μισθὸν,
3640 5370 3737 5439 τὴν
3770 5371 3867 5439 τῆς
3903 5375 4065 5424 εὐτε-

2484 5461 2633 5526 6είας
2679 5463 2993 5531 ἐπίγνωσιν.
3028 5463 3138 5515 Καὶ
3199 5462 3535 5533 προσέφερεν
3576 5462 3651 5526 ὡς
3683 5465 3810 5534 ὲνῆν
3840 5463 3908 5516 τὰ
3940 5464 4063 5517 θεῖα

2079 5637 2314 5694 ΫΑῐῖιίΕ
2345 5638 2749 5697 LECTIONES.

876 5737 928 5808 ετ
963 5735 1081 5808 τὴν-
1106 5735 1280 5808 abest
1307 5749 1351 5808 _a
1382 5733 1544 5808 _Bas_._
1578 5733 1669 5808 Gr.

815 5805 852 5836 ἰ
880 5801 1029 5861 Θεόνξ
1062 5806 1228 5861 Idem.
1305 5804 1348 5836 "
1378 5802 1577 5873 δοριάλ.
1618 5801 1806 5875 Steph.

1784 5735 1830 5767 ’⁸
1858 5734 2198 5806 δοριάλωτος.
2237 5736 2437 5810 Steph.

2530 5742 2573 5773 "
2600 5734 2939 5812 ἀρῤωστοῦν.
2965 5735 3132 5794 Basil.
3172 5736 3265 5793 Cr.
3372 5740 3414 5771 ’°
3448 5738 3835 5793 κατακλίνασα.
3889 5737 4059 5794 Idem.
