4206 6450
213 415 317 477 973

1226 412 1812 475 ECC'LESIASTICE
1848 412 2228 471 HISTORIA".
2259 413 2402 472 LIB.
2439 413 2486 470 l.

3360 411 3464 477 974

213 527 584 597 παιδεύματα,
620 529 712 581 καὶ
744 528 884 582 θεῖον
911 529 1190 598 ἀνεγεῖραι
1226 531 1510 600 παρεγγυᾷ
1538 527 1671 581 νεὼν
1704 526 1780 596 τῷ

1894 527 2186 580 :m-ationis
2224 525 2590 579 admiratione
2631 524 2896 592 perculit;
2958 530 3072 576 tum
3127 521 3252 584 Dei,
3293 540 3456 594 qttctn

209 617 480 672 σεσωκότι
499 617 734 688 Χριστῷ.
760 615 872 690 [56]
899 617 1113 671 Τούτων
1139 619 1323 689 ἐκείνη
1349 619 1791 680 ἀκούσασα,κατ-

209 707 375 763 ἐλαϐε
407 707 478 759 τὰ
519 707 780 776 βασίλεια,
815 709 910 762 καὶ⁵
941 708 1252 780 παραυτίκα
1294 709 1392 778 μὲν
1416 707 1673 777 ἐξέπληξε
1699 707 1789 760 τὸν

207 796 461 865 ὁμόζυγα
477 799 554 868 τῷ
572 800 817 869 συντόμῳ
838 801 933 869 τῆς
954 799 1266 869 θεραπείας·
1291 795 1409 852 εἶτα
1427 800 1518 853 τοῦ
1542 798 1676 852 Θεοῦ
1693 799 1789 868 τῆς

211 889 565 957 αἰχμαλώτου
600 892 698 962 τὴν
725 891 953 960 δύναμιν
984 891 1196 962 ἐδήλου,
1224 892 1319 944 καὶ
1351 891 1649 962 παρεκάλει
1674 889 1789 941 τοῦ·

209 996 297 1030 τον
329 981 494 1048 μόνον
516 981 711 1033 εἰδέναι
741 981 893 1046 Θεὸν,
917 982 1008 1034 καὶ
1031 981 1166 1034 νεὼν
1185 982 1333 1052 αὺτῴ
1353 981 1786 1052 παρασκευάσαι,

209 1070 305 1120 καὶ
347 1069 500 1122 ἇπαν
533 1073 612 1133 είς
641 1071 736 1137 τὴν
762 1071 952 1125 τούτου
972 1073 1018 1104 ⁸³
1043 1072 1343 1143 θεραπείαν
1385 1070 1698 1140 μεταθεῖναι
1728 1069 1790 1122 τὸ

210 1160 386 1223 ἔθνος.
429 1162 491 1214 Ὀ
512 1162 568 1214 δὲ
599 1163 658 1216 τὸ
690 1164 787 1233 μὲν
815 1165 894 1226 είς
931 1165 1030 1232 τὴν
1071 1164 1314 1234 ὁμόζυγα
1347 1163 1532 1232 θαῦμα
1562 1176 1789 1230 γεγενη-

211 1250 376 1320 μένον
431 1252 672 1322 εὐφήμει
701 1272 712 1283 ·
744 1253 834 1306 τὸν
868 1254 923 1307 δὲ
964 1253 1098 1307 νεὼν
1139 1257 1237 1307 οὐκ
1271 1254 1426 1326 ἦθελε
1471 1251 1783 1323 δείμασθαι.

224 1343 443 1410 Ὀλίγου
470 1345 527 1396 δὲ
560 1344 855 1407 διελθόντος
882 1346 1097 1415 χρόνου,
1149 1346 1312 1407 αὐτὸς
1369 1346 1465 1415 μὲν
1494 1347 1572 1407 είς
1615 1344 1786 1412 θήραν

209 1431 460 1499 ἐξῆλθεν.
497 1432 555 1485 Ὀ
590 1433 647 1486 δὲ
697 1433 1073 1504 φιλάνθρωπος
1119 1434 1280 1488 αὐτὸν
1317 1436 1594 1505 Δεσπότης
1644 1435 1786 1488 κατά

207 1523 300 1576 τίον
355 1524 572 1578 Παῦλον
616 1525 896 1594 ἐθιξρευσε.
930 1527 1098 1598 Ζόφος
1146 1528 1252 1598 γὰρ
1285 1527 1495 1597 esca"
1528 1528 1786 1599 ἐξαπίνης

210 1613 564 1683 προσπεσὼν,
598 1615 698 1668 οὐκ
737 1615 822 1668 εἷα
870 1617 1200 1688 πορρωτέρω
1220 1617 1263 1648 ³⁸
1294 1617 1627 1688 προϐαίνειν.
1675 1617 1786 1670 Καὶ

210 1708 256 1756 οἱ
290 1706 393 1774 μὲν
426 1705 747 1776 θηρεύοντες
765 1708 810 1741 ³⁸
832 1707 932 1775 τῆς
957 1709 1172 1771 ἀκτῖνος
1199 1707 1443 1779 συνήθως
1466 1709 1742 1777 ἀπήλαυον
1769 1724 1782 1738 ·

207 1789 366 1861 οὗτος
404 1797 462 1850 δὲ
496 1798 653 1867 μόνος
683 1797 1012 1869 ἀποληφθεὶς
1031 1799 1096 1862 ³⁷,
1127 1802 1240 1863 τοῖς
1268 1798 1368 1869 τῆς
1397 1800 1659 1870 ἀορασίας
1683 1802 1782 1852 ἐπ-

210 1887 370 1958 εδέθη
429 1888 670 1958 δεσμοῖς.
713 1889 801 1941 Ἐν
825 1888 1028 1960 ἀπορίᾳ
1052 1889 1108 1942 δὲ
1158 1889 1254 1954 ὢν,
1301 1891 1466 1961 πόρον
1517 1885 1642 1962 εὗρε
1689 1893 1789 1960 τῆς

213 1977 494 2049 σωτηρίας
520 1996 532 2009 ·
571 1979 730 2043 εὐθὺς
753 1980 861 2047 γὰρ
883 1981 960 2043 εἰς
988 1979 1112 2032 νοῦν
1140 1981 1240 2052 τὴν
1269 1981 1552 2035 ἀπείθειαν
1585 1980 1791 2048 λαϐὼν,

211 2070 306 2122 καὶ
335 2069 432 2123 τὸν
459 2069 563 2139 τῆς
619 2070 966 2144 αἰχμαλῴτου
1015 2071 1147 2125 Θεὸν
1205 2072 1438 2138 καλέσας
1479 2075 1787 2146 ἐπίκουρον,

211 2162 513 2232 ἀπηλλάγη
560 2162 653 2215 τοῦ
707 2163 891 2232 ζόφου,
934 2165 1028 2217 καὶ
1057 2164 1156 2234 τὴν
1202 2165 1526 2236 ἀξιάγαστον
1578 2167 1792 2239 ἐκείνην

214 2253 547 2308 καταλαϐὼν
583 2255 918 2327 δορυαλωτον
941 2257 1008 2322 ³⁸,
1043 2259 1342 2328 παρεκάλει
1376 2259 1542 2324 δεῖξαι
1584 2261 1680 2332 τῆς
1711 2263 1790 2314 οξ-

212 2345 477 2416 κοδομίας
503 2346 565 2399 τὸ
599 2347 805 2416 σχῆμα.
851 2348 909 2400 '0
937 2348 994 2401 δὲ
1018 2348 1106 2403 τὸν
1147 2349 1410 2421 Βεσελεὴλ
1448 2351 1548 2422 τῆς
1575 2353 1792 2423 ἀρχιτε-

212 2441 474 2509 κτονικῆς
499 2439 686 2508 σοφίας
712 2440 997 2511 ἐμπλήσας
1020 2442 1086 2508 ³³,
1120 2443 1212 2494 καὶ
1234 2443 1437 2514 ταύτην
1473 2443 1672 2513 ἠξίωσε
1696 2445 1792 2516 κάς

213 2549 389 2602 ριτος,
447 2533 523 2596 ὠς
568 2533 663 2585 τὸν
721 2531 863 2587 θεῖον
917 2533 1212 2605 διαγράψαι
1261 2534 1416 2590 νεών.
1468 2538 1578 2590 Καὶ
1618 2540 1651 2610 ἠ
1695 2539 1791 2609 μὲν

211 2625 512 2695 διέγραφεν
531 2643 546 2657 ο
569 2626 618 2678 oi
648 2626 702 2678 δὲ
733 2624 972 2696 ὥρυττόν
995 2645 1054 2680 τε
1080 2631 1173 2682 καὶ
1200 2629 1529 2700 ᾠκοδόμουν.
1572 2631 1793 2702 Ἐπειδὴ

210 2716 270 2770 δὲ
300 2717 560 2784 ἐτελέσθη
588 2717 650 2769 τὸ
667 2717 1023 2789 οἰκοδόμημα,
1056 2722 1150 2773 καὶ
1179 2722 1373 2792 opepe;
1401 2721 1655 2794 ἐπετέθη,
1701 2723 1794 2778 καὶ

217 2812 397 2880 μόνων
433 2811 599 2862 iaC-3:;
635 2811 743 2863 τῶν
781 2810 988 2882 ἱερέων,
1035 2806 1161 2882 εὗρε
1203 2814 1298 2866 καὶ
1322 2814 1511 2868 τούτου
1554 2815 1730 2887 ’πόρον
1760 2817 1792 2886 ἡ

212 2903 498 2972 θαυμασία
520 2903 678 2973 γυνή.
699 2901 926 2955 Ἔπεισε
957 2902 1068 2974 γὰρ
1095 2904 1187 2957 τοῦ
1217 2904 1402 2970 ἔθνους
1426 2908 1516 2960 τὸν
1553 2907 1794 2977 ἡγούμε-

212 3013 307 3049 νον
325 2997 368 3026 ⁸⁸
406 2996 541 3064 πρὸς
588 2994 678 3048 τὸν
722 2995 1010 3065 Ῥωμαίων
1049 2997 1488 3067 πρεσϐεύσασθαι
1530 2998 1794 3069 βασιλέα,

211 3089 311 3140 καὶ
350 3083 740 3153 αἱτήσασθαι⁸¹
775 3085 1092 3156 πεμφθῆναι
1123 3085 1272 3154 σφίσι
1299 3087 1619 3141 διδάσκαλον
1654 3089 1796 3142 εὐσε-

1890 616 2104 685 captiva
2161 616 2404 680 colchat,
2461 614 2760 685 potentiam
2815 616 3060 684 aperuit,
3116 615 3356 671 suadens
3404 625 3463 670 ut

1893 707 2036 761 hunc
2063 709 2236 762 solum
2276 706 2443 761 Deum
2476 713 2768 777 agnoscat,
2807 709 3180 778 templumque
3214 708 3292 762 illi
3329 707 3463 762 tedi-
3500 706 3504 710 ”

1891 797 2050 857 θοι-ι.
2083 815 2145 851 ac
2178 809 2396 867 gentem
2430 799 2744 854 universam
2769 797 2836 850 ad
2870 798 2990 867 ejus
3025 800 3229 852 cultum
3269 799 3461 853 tradu-

1888 898 1996 943 cat.
2028 890 2096 942 At
2127 891 2216 944 ille
2258 897 2525 960 patratum
2562 890 2612 943 in
2643 906 2812 944 uxore
2841 890 3167 956 miraculum
3203 891 3462 947 laudabat

1889 978 2110 1048 quidem
2160 980 2532 1052 vehementer,
2564 988 2822 1032 ca-terum
2879 981 3152 1035 aediﬁcare
3202 983 3460 1051 templum

1891 1083 2000 1121 non
2031 1068 2257 1136 placuit.
2287 1067 2503 1122 Modico
2539 1076 2786 1136 tempore
2824 1069 3144 1137 interiecto,
3187 1070 3254 1123 ad
3286 1085 3453 1126 vena-

1892 1159 2097 1214 tionem
2133 1160 2406 1213 concessit
2447 1178 2460 1213 :
2511 1159 2606 1214 sed
2640 1158 2793 1213 illum
2842 1159 3110 1229 benignus
3155 1160 3420 1217 Dominus
3446 1201 3462 1225 ,

1889 1251 2034 1307 sicut
2062 1251 2192 1306 Olim
2239 1249 2507 1315 Paulum,
2543 1251 2660 1321 ipse
2691 1259 2922 1306 venatus
2953 1261 3055 1306 est.
3104 1251 3238 1306 Nam
3283 1255 3464 1324 caligo

1888 1353 2110 1415 repente
2163 1345 2337 1400 oﬂ'usa
2389 1343 2605 1413 longius
2639 1360 2762 1398 eum
2801 1344 3057 1414 progredi
3104 1346 3276 1401 vetuit
3332 1365 3346 1400 :
3405 1356 3461 1403 et

1886 1452 2012 1493 cum
2046 1437 2243 1506 reliqui
2273 1443 2569 1492 venatores
2605 1435 2764 1490 solita
2791 1435 2914 1490 lucc
2939 1433 3279 1502 fruerentur,
3311 1437 3464 1491 solus

1888 1530 2004 1600 ipse
2041 1530 2379 1598 interceptus
2415 1527 2683 1583 cmcitatis
2715 1527 2953 1582 vinculis
2983 1527 3324 1582 constrictus
3356 1540 3457 1582 est.

1888 1621 1945 1676 In
1994 1621 2093 1676 has
2146 1621 2404 1676 redactus
2463 1619 2749 1691 angustias
2801 1619 2945 1672 viam
2989 1621 3182 1675 salutis
3227 1620 3460 1675 invenit.

1887 1711 2082 1764 Statim
2111 1712 2254 1766 enim
2305 1710 2628 1766 recordatus
2661 1707 3060 1763 incredulitatis
3093 1723 3231 1773 suae,
3267 1707 3466 1762 Deum-

1890 1819 1997 1873 que
2023 1803 2252 1872 captiva:
2274 1803 2581 1871 adjutorem
2611 1801 2905 1865 invocans,
2933 1801 3111 1855 lucem
3138 1801 3378 1872 recepit,
3411 1811 3464 1856 et

1897 1894 1962 1948 ad
2010 1895 2284 1964 captivam
2319 1880 2464 1947 illam
2500 1891 2878 1946 admirabilem
2905 1891 3221 1961 profectus,
3256 1895 3468 1963 rogavit

1897 1994 1957 2041 ut
1998 1985 2320 2041 exstruendi
2353 1977 2539 2054 templi
2575 1982 2808 2037 formam
2842 1983 3177 2038 ostenderet.
3209 1983 3260 2040 Is
3279 1993 3462 2040 autem

1895 2081 1988 2151 qni
2019 2079 2354 2134 Bcseleelem
2409 2077 2838 2132 architectonica
2891 2077 3121 2130 scientia
3161 2076 3465 2136 imbuerat.

1897 2172 2025 2225 huic
2052 2183 2273 2240 quoque
2297 2167 2527 2238 gratiam
2554 2165 2813 2232 indulsit,
2840 2175 2900 2220 ut
2929 2166 3177 2221 divinum
3207 2168 3466 2238 templum

1896 2267 2022 2330 apte
2067 2257 2427 2313 describeret.
2468 2255 2802 2325 Designabat
2857 2270 2988 2326 ergo
3020 2255 3171 2325 ipsa,
3227 2254 3303 2310 illi
3339 2271 3470 2311 vero

1897 2350 2176 2406 fodiebant
2209 2356 2262 2404 et
2305 2346 2668 2402 aedificabant.
2722 2346 2891 2416 808
2945 2345 3240 2418 Postquam
3290 2349 3472 2418 perfe-

1895 2455 2043 2498 ctum
2072 2449 2154 2496 est
2182 2437 2471 2494 aedilicium
2497 2479 2512 2500 ,
2537 2445 2852 2507 tectumque
2888 2439 3202 2508 impositum
3224 2479 3238 2506 ,
3275 2449 3332 2496 et
3364 2443 3465 2496 soli

1895 2534 2212 2591 sacerdotes
2243 2531 2720 2595 desiderabantur,
2767 2533 2871 2585 hoc
2899 2533 3060 2585 etiam
3083 2530 3243 2588 facile
3271 2533 3458 2588 divina

1895 2626 2094 2681 mulier
2127 2621 2423 2694 expedivit.
2467 2620 2603 2675 Nam
2638 2622 2747 2690 regi
2808 2625 3125 2692 persuasit,
3179 2633 3236 2678 ut
3263 2625 3470 2696 legatos

1897 2719 1962 2773 ad
2012 2717 2385 2771 Romanorum
2439 2719 2820 2785 imperatorem
2857 2715 3134 2782 mitteret,
3187 2716 3258 2771 ab
3298 2731 3472 2788 eoque

1898 2811 2119 2880 pietatis
2144 2809 2424 2864 doctorem
2454 2807 2522 2861 ad
2554 2821 2613 2862 se
2637 2806 2776 2859 mitti
2809 2805 3131 2875 postularet.
3155 2805 3311 2873 Quod
3335 2823 3473 2863 con-

1898 2899 2083 2956 silium
2119 2915 2210 2954 rex
2235 2903 2251 2920 ·
2282 2898 2662 2967 amplexatus,
2701 2896 2908 2966 legatos
2939 2897 3252 2953 destinavit.
3280 2900 3460 2970 Impe-

1900 3001 2050 3048 rator
2076 3007 2203 3047 vero
2229 2989 2511 3062 petitionis
2548 3003 2716 3045 causa
2745 2990 3026 3045 intellecta
3053 2991 3472 3060 (Constantinus

1898 3093 2079 3140 autem
2107 3084 2196 3138 hic
2220 3091 2361 3146 erat,
2383 3081 2807 3136 ardentissimus
2836 3082 2927 3136 ille
2951 3090 3165 3137 amator
3190 3085 3433 3164 pictatis)
3455 3124 3472 3150 ,

212 3178 392 3240 ϐεἱας.
448 3178 506 3229 Ὁ
561 3176 658 3245 μὲν
705 3173 798 3229 οὖν
859 3176 1149 3246 δεξάμενος
1198 3179 1296 3247 τὴν
1344 3181 1626 3250 εἰσήγησιν
1674 3181 1792 3245 τοὺς

1904 3192 2115 3233 snuuna
2150 3173 2490 3228 humanitate
2510 3172 2718 3242 legatos
2741 3174 2990 3241 excepit,
3022 3173 3309 3237 virumque
3333 3173 3471 3238 Iidc,

214 3267 725 3339 πρεσϐευσομένους
785 3267 1110 3338 ἐξέπεμψεν.
1168 3270 1226 3320 '0
1278 3270 1332 3322 δέ
1385 3269 1639 3340 βασιλεὺς
1691 3272 1790 3343 τῆς

214 3361 492 3430 αἰτήσεως
530 3361 628 3429 τὴν
664 3359 842 3412 αἰτίαν
876 3359 1081 3428 μαθὼν,
1115 3361 1520 3424 Κωνσταντῖνος
1555 3363 1611 3416 δὲ
1645 3359 1736 3434 ἦν,
1766 3365 1794 3417 ὁ

212 3453 314 3521 τῆς
375 3449 658 3514 εὐσεϐείας
706 3450 1039 3522 θερμότατος
1082 3451 1339 3523 ἐραστὴς,
1394 3453 1796 3526 φιλοφροσύνης

217 3540 320 3609 μὲν
370 3539 706 3609 παμπόλλης
768 3541 892 3603 τοὺς
944 3541 1206 3612 πρέσϐεις
1251 3543 1513 3610 ἠξίωσεν·
1541 3546 1707 3614 ἄνδρα
1740 3546 1796 3598 δὲ

213 3633 426 3695 πίστει,
463 3633 555 3684 καὶ
593 3631 832 3694 συνέσει,
868 3635 960 3684 καὶ
990 3632 1090 3702 βίῳ
1124 3633 1520 3704 κοσμούμενον,
1569 3637 1663 3690 καὶ
1696 3637 1794 3706 τῆς

213 3718 632 3790 ἀρχιερωσύνης
665 3719 988 3788 ἠξιωμένον,
1024 3721 1245 3790 κήρυκα
1277 3720 1356 3790 τῷ
1385 3721 1529 3774 ἔθνει
1555 3724 1654 3791 τῆς
1682 3722 1798 3776 θεο-

214 3812 462 3879 γνωσίας
519 3810 815 3880 ἐξέπεμψε,
861 3810 999 3879 μετὰ
1043 3810 1230 3880 δώρων
1260 3812 1341 3863 ὅτι
1380 3811 1615 3882 μάλιστα
1650 3811 1799 3865 πλεί-

218 3917 384 3954 στων.
411 3900 627 3970 Ταύτης
653 3901 746 3970 μὲν
771 3895 864 3952 οὖν
893 3901 992 3969 τῆς
1022 3901 1361 3971 προμηθείας
1381 3903 1502 3965 τοὺς
1527 3903 1798 3973 ᾑτηκότας

213 3993 441 4063 ἠξίωσε.
481 3991 599 4044 Τῶν
630 3994 687 4044 ἐν
716 3992 936 4061 Περσίδι
963 3992 1020 4044 δέ
1046 3994 1145 4062 τῆς
1191 3993 1473 4056 εὐσεϐείας
1516 3996 1796 4066 τροφίμων

212 4081 546 4152 αὐτομάτως
572 4083 901 4152 προύνοήθη.
941 4082 1146 4136 Μαθὼν
1188 4083 1292 4154 γὰρ
1323 4085 1518 4149 αὐτοὺς
1544 4087 1650 4139 ὑπὸ
1689 4088 1798 4140 τῶν

214 4173 500 4228 δυσσεϐὦν
520 4172 917 4240 ἐξελαύνεσθαι,
943 4171 1060 4246 [57]
1079 4175 1169 4228 καὶ
1194 4175 1284 4227 τὸν
1314 4175 1534 4228 ἐκείνων
1553 4177 1796 4248 βασιλέα,

217 4270 284 4336 τῇ
317 4265 500 4337 πλάνῃ
517 4263 930 4334 δεδουλωμένον,
959 4265 1307 4330 παντοδαπὰς
1331 4267 1511 4330 αύτοίς
1546 4270 1800 4323 καττύειν

1896 3269 2145 3326 doctrina
2205 3274 2259 3322 et
2335 3266 2443 3320 vita
2514 3264 2972 3332 ornatissimum,
3065 3267 3474 3338 episc0palique

1899 3364 2111 3417 honore
2145 3359 2466 3426 insignitum
2493 3399 2507 3422 ,
2550 3356 2752 3411 divinat
2791 3357 3123 3427 cognitionis
3160 3371 3469 3427 prtecoucm

1902 3453 2144 3508 Iuturqu
2172 3466 2294 3504 cum
2328 3449 2486 3504 donis
2510 3447 2936 3519 quamplurimis
2963 3448 3131 3504 misit.
3157 3445 3314 3502 Hunc
3344 3462 3476 3519 ergo

1901 3540 1956 3594 iu
2025 3537 2243 3593 modum
2300 3537 2423 3590 istis
2486 3551 2610 3590 eum
2673 3536 3021 3606 postularent
3069 3537 3368 3608 prospexit.
3412 3542 3476 3591 At

1901 3630 2181 3701 religionis
2205 3629 2555 3683 alumnorum
2581 3668 2596 3691 ,
2633 3629 2726 3696 qui
2756 3628 2811 3682 in
2836 3628 3065 3683 Perside
3089 3628 3476 3690 versabantur,

1900 3739 1999 3779 sua
2051 3724 2166 3792 ipse
2196 3717 2397 3792 _5pont'e
2423 3735 2612 3774 curam
2662 3719 2853 3790 gessit.
2908 3719 3044 3774 Cum
3077 3721 3224 3775 enim
3275 3721 3480 3775 certior

1903 3816 2079 3871 Iactus
2113 3822 2260 3870 esset
2309 3815 2431 3868 illos
2480 3813 2547 3866 ab
2597 3814 2779 3882 impiis
2829 3812 3074 3867 divexari
3105 3854 3119 3876 .
3181 3827 3480 3884 regemque

1899 3907 2076 3961 errori
2123 3905 2366 3960 deditutn
2392 3904 2624 3960 occultis
2652 3919 2749 3960 eos
2781 3903 2994 3958 insidiis
3035 3904 3432 3960 circumvenire
3459 3945 3473 3966 .

1902 4000 2117 4052 litteras
2155 3997 2221 4051 ad
2253 4012 2377 4051 eum
2432 3996 2697 4065 scripsit,
2753 3996 2956 4066 quibus
3009 4003 3065 4048 et
3104 3995 3170 4049 ad
3223 3996 3475 4066 pietatem

1911 4086 2344 4156 amplectendam
2402 4084 2746 4150 hortabatur,
2799 4093 2853 4138 et
2899 4092 2958 4137 ut
3008 4082 3130 4152 ejus
3173 4084 3476 4138 cultoribus

1909 4179 2171 4233 honorem
2229 4176 2456 4230 haberet
2502 4175 2838 4245 postulabat.
2890 4174 2994 4228 Sed
3029 4175 3324 4229 scribentis
3353 4183 3477 4229 stn-

1910 4269 2059 4323 dium
2093 4267 2288 4322 melius
2319 4267 2550 4336 cpistola
2579 4267 2695 4336 ipsa
2727 4265 3050 4320 declarabit.

217 4359 537 4424 ἐπιϐουλὰς,
568 4359 852 4412 ἀπέστειλε
872 4359 941 4424 ⁸⁸,
973 4361 1066 4414 καὶ
1122 4361 1404 4431 παραινῶν
1452 4363 1716 4433 εὐσεϐεῖν,
1751 4367 1846 4420 καὶ
1899 4366 2022 4427 τοὺς
2066 4360 2425 4426 εύσεϐοὗντας
2458 4361 2621 4431 τιμῆς
2667 4360 2957 4415 ἀπολαύειν
2989 4359 3177 4414 αἰτῶν.
3219 4359 3478 4431 ’Δμεινον

217 4454 405 4525 δὲτὴν
427 4453 523 4507 τοῦ
573 4455 914 4526 γεγραφότος
964 4456 1200 4529 σπουδὴν
1258 4458 1511 4523 ἐπιδείξει
1545 4460 1589 4492 ’⁸³
1649 4463 1718 4516 vi
1774 4465 2096 4534 γράμματα.

800 4547 1052 4602 ΚΕΦΑΛ.
1093 4549 1217 4602 ΚΔ’.

217 4637 546 4706 Ἐπιστολὴ

283 4708 479 4782 ρην·ξ’⁵
526 4709 655 4782 τέκν-
681 4707 930 4782 Περσῶν
960 4709 1247 4782 βασιλέα,
1296 4712 1425 4778 περὶ
1465 4712 1574 4782 τῆς
1601 4714 1642 4744 "5
1695 4714 1797 4768 τοῦ

275 4778 451 4833 ’λαοῦ
476 4778 582 4831 τοῦ
623 4777 770 4831 Θεοῦ
803 4779 1108 4845 προνοίας.

300 4887 321 4920 ι
348 4868 462 4939 Τὴν
480 4867 626 4921 θείαν
649 4869 831 4922 πίστιν
850 4867 1156 4937 φυλάσσων,
1175 4868 1266 4924 τοῦ
1281 4870 1380 4941 τῆς
1407 4871 1662 4943 ἀληθείας
1686 4890 1798 4942 φω-

219 4957 315 5018 τὸς
351 4955 771 5027 μιταλαγχάνω·
807 4957 886 5027 τῷ
931 4957 1188 5028 ἀληθείας
1229 4960 1366 5027 φωτὶ
1402 4959 1794 5031 όδηγούμενος,

219 5049 324 5120 τὴν
358 5049 510 5103 θείαν
543 5050 723 5103 πίστιν
755 5050 1119 5118 ἐπιγινώσκω.
1151 5051 1440 5123 Τοιγάρτοι
1458 5051 1688 5119 τούτοις,
1718 5053 1794 5116 ὡς

221 5141 291 5195 τὰ
306 5140 612 5210 πράγματα
632 5139 861 5210 βεϐαιοῖ,
881 5143 981 5213 τὴν
1005 5142 1316 5214 ἀγιωτάτην
1339 5143 1634 5215 θρησκείαν
1655 5159 1796 5210 γνω-

582 4640 1035 4693 Κωνσταντινου
1073 4640 1380 4706 ,βασιλέως
1420 4642 1567 4707 πρὸς
1600 4643 1803 4696 Σαπώ-

2500 4546 2653 4603 CAP.
2696 4546 2884 4602 XXIV.

1980 4640 2316 4698 Constantini
2354 4639 2689 4707 imperatoris
2718 4639 2787 4691 ad
2815 4637 3065 4707 Saporem
3095 4637 3386 4695 Persarum
3433 4676 3437 4680 ι

2144 4726 2313 4781 regem
2341 4709 2564 4779 epistola
2580 4709 2682 4781 ._de_
2714 4709 2878 4781 ipsius
2904 4709 3230 4776 providentia

2421 4795 2549 4848 erga
2581 4777 2681 4833 Dei
2706 4776 2975 4847 populum.

1982 4892 2002 4924 ι
2028 4871 2272 4926 Divinam
2301 4869 2458 4925 Iidem
2487 4883 2846 4933 conservans,
2879 4868 3328 4944 veritatislucem
3362 4871 3477 4924 adi-

1903 4963 2122 5032 piscor;
2161 4961 2411 5015 veritatis
2439 4960 2615 5014 lucem
2648 4966 2868 5014 secutus
2903 4957 3096 5012 ducem
3125 5000 3139 5024 ,
3177 4958 3244 5013 ad
3276 4958 3478 5015 divinae

1901 5053 2068 5125 809
2099 5052 2219 5107 fidei
2273 5045 2642 5121 cognitionem
2675 5048 2955 5119 pervenio.
3008 5047 3152 5104 IIinc
3183 5063 3314 5120 ergo
3339 5089 3354 5113 ,
3411 5056 3473 5102 ιιι

1906 5157 1994 5198 res
2012 5143 2174 5198 docet
2198 5181 2213 5208 ,
2237 5140 2644 5197 sanctissimam
2669 5139 2986 5211 religionem
3016 5140 3350 5196 sanctissimi
3377 5137 3470 5193 Det

1509 5276 1747 5334 VARIE
1799 5273 2201 5334 LECTIONES.

296 5435 343 5466 “
375 5429 564 5503 αὑτοῦ.
609 5430 772 5503 Basil.
795 5427 888 5503 Gr.
965 5429 1010 5503 ξι
1039 5429 1416 5503 αὐτόνηΒοείλΙ.
1449 5431 1566 5503 Gr.,
1617 5429 1815 5503 Steph.

221 5506 270 5536 ³τ
300 5501 666 5569 ἀπολειφθείς.
716 5500 1032 5569 Christoph.

226 5573 419 5626 Iidem.
498 5567 544 5602 “
563 5568 805 5637 αἰτῆσαι.
838 5567 961 5624 Bas.
990 5569 1084 5624 Gr.

225 5642 349 5706 ὒν..
382 5639 577 5708 Steph.

1139 5499 1184 5532 ³⁸
1215 5500 1419 5570 δοριαλ.
1478 5501 1669 5570 Steph.

679 5638 723 5670 “
758 5638 1044 5708 Σαπώρην.
1079 5638 1244 5692 Basil.
1278 5637 1450 5694 Gram.
1483 5648 1536 5695 et
1571 5638 1688 5695 Lat.

1775 5503 1820 5578 ξ’
1847 5498 2160 5578 ἐκπλήσαςε
2204 5498 2328 5555 Bas.
2372 5499 2513 5578 _Gr.,
2572 5498 2759 5578 Steph.
2857 5498 3162 5578 “novam?
3220 5498 3344 5578 ιέθν.ζ
3377 5498 3423 5578 ής

1159 5570 1204 5602 δ’
1238 5565 1537 5624 ἐπέστειλε.
1577 5565 1705 5627 Bas.
1738 5571 1832 5625 Gr.
1891 5572 1936 5603 “
1959 5565 2244 5637 ἐπιδείξαι,
2275 5570 2482 5623 omisso
2513 5565 2777 5621 vocabulo
2805 5587 2818 5621 ι
2858 5568 2922 5620 τὰ
2951 5567 3271 5638 γράμματα.
3303 5565 3468 5621 Basil.

1159 5640 1245 5710 sil.
1278 5637 1450 5694 Gram.
1483 5648 1536 5695 et
1571 5638 1688 5695 Lat.
1781 5641 1825 5673 ⁸⁸
1851 5642 1976 5695 Ηαιο
2014 5660 2026 5694 :
2062 5639 2334 5710 περὶτῆς,
2374 5639 2710 5710 οιοκιιιιειιηι
2745 5654 2774 5710 a
2797 5636 2956 5710 Basil.
2990 5637 3108 5710 εἰν..
3159 5651 3255 5710 nec
3311 5635 3473 5710 habet

2015 5683 2026 5694 .
2063 5673 2190 5707 ’διεμι
2214 5673 2334 5707 in“,
2374 5673 2477 5693 cun
2513 5673 2710 5693 "unus"
2745 5673 2771 5689 η
2797 5673 2956 5691 unua".
2990 5673 3108 5699 uu.,

1907 5433 1951 5463 "
1990 5431 2318 5502 περαιτέρω.
2379 5429 2503 5485 Bas.
2562 5428 2656 5484 Gr.
2735 5429 2779 5460 ³⁸
2810 5427 3246 5550 συνθηρεύοντες.
3296 5426 3468 5482 Idem.

1907 5503 2146 5566 πλήσας.
2204 5502 2328 5555 Bas.
2393 5499 2513 5562 Gr.,
2572 5498 2759 5566 Steph.
2857 5498 2958 5550 δἐι
2992 5516 3019 5549 ν
3070 5497 3162 5550 τοῦ
3220 5496 3468 5566 tot/.117.

2930 5514 3019 5550 τον
3070 5515 3162 5550 του
3220 5514 3332 5550 sev.
3377 5514 3470 5564 ηγ.

223 5717 340 5766 haec
371 5706 724 5780 verbatbuic
754 5706 989 5780 sectio—ni
1017 5709 1069 5762 in
1103 5709 1472 5778 Stephaniana
1501 5711 1737 5766 editione
1780 5706 2171 5780 superscripta,
2208 5709 2366 5763 iudex
2395 5709 2596 5764 codicis
2631 5707 2890 5777 Stcphau.
2927 5707 2978 5775 1,
3006 5707 3057 5762 in
3095 5722 3200 5776 quo
3231 5706 3468 5776 legitur:

227 5784 357 5848 περὶ
395 5779 505 5832 τῶν
555 5776 892 5847 Χριστιανῶν
937 5776 1227 5848 γραφεῖσα.
