  <div class='ocr_page' id='page_1' title='image "/cluster/home/n/w/nwhite01/storage/ocr_20150623/82/nnc1.0046979700/524.png"; bbox 0 0 4206 6450; ppageno 0'>
   <div class='ocr_carea' id='block_1_1' title="bbox 171 440 276 504">
    <p class='ocr_par' dir='ltr' id='par_1_1' title="bbox 171 440 276 504">
     <span class='ocr_line' id='line_1_1' title="bbox 171 440 276 504; baseline -0.019 0"><span class='ocrx_word' id='word_1_1' title='bbox 171 440 276 504; x_wconf 79' lang='lat'><strong>977</strong></span> 
     </span>
    </p>
   </div>
   <div class='ocr_carea' id='block_1_2' title="bbox 1203 396 2454 505">
    <p class='ocr_par' dir='ltr' id='par_1_2' title="bbox 1203 396 2454 505">
     <span class='ocr_line' id='line_1_2' title="bbox 1203 396 2454 505; baseline -0.007 -14"><span class='ocrx_word' id='word_1_2' title='bbox 1203 426 1792 491; x_wconf 58' lang='lat' dir='ltr'><strong>ECCLESIASTICE</strong></span> <span class='ocrx_word' id='word_1_3' title='bbox 1824 422 2209 505; x_wconf 72' lang='lat' dir='ltr'><strong>HISTORLE</strong></span> <span class='ocrx_word' id='word_1_4' title='bbox 2230 396 2375 483; x_wconf 84' lang='lat' dir='ltr'><strong>Lm.</strong></span> <span class='ocrx_word' id='word_1_5' title='bbox 2404 422 2454 482; x_wconf 79' lang='grc' dir='ltr'><strong>Ι.</strong></span> 
     </span>
    </p>
   </div>
   <div class='ocr_carea' id='block_1_3' title="bbox 3355 419 3459 481">
    <p class='ocr_par' dir='ltr' id='par_1_3' title="bbox 3355 419 3459 481">
     <span class='ocr_line' id='line_1_3' title="bbox 3355 419 3459 481; baseline 0 -1"><span class='ocrx_word' id='word_1_6' title='bbox 3355 419 3459 481; x_wconf 79' lang='lat'><strong>978</strong></span> 
     </span>
    </p>
   </div>
   <div class='ocr_carea' id='block_1_4' title="bbox 174 518 1771 618">
    <p class='ocr_par' dir='ltr' id='par_1_4' title="bbox 174 518 1771 618">
     <span class='ocr_line' id='line_1_4' title="bbox 174 518 1771 618; baseline -0.009 -11"><span class='ocrx_word' id='word_1_7' title='bbox 174 553 408 607; x_wconf 79' lang='grc' dir='ltr'>ἐκείνων</span> <span class='ocrx_word' id='word_1_8' title='bbox 451 549 545 602; x_wconf 74' lang='grc' dir='ltr'>ἕνα</span> <span class='ocrx_word' id='word_1_9' title='bbox 607 546 850 618; x_wconf 71' lang='grc' dir='ltr'>ἠγοῦμαι</span> <span class='ocrx_word' id='word_1_10' title='bbox 918 542 1229 613; x_wconf 75' lang='grc' dir='ltr'>γεγονέναι,</span> <span class='ocrx_word' id='word_1_11' title='bbox 1285 543 1344 595; x_wconf 82' lang='grc' dir='ltr'>ὃν</span> <span class='ocrx_word' id='word_1_12' title='bbox 1393 542 1643 612; x_wconf 81' lang='grc' dir='ltr'>καθάπερ</span> <span class='ocrx_word' id='word_1_13' title='bbox 1679 518 1771 603; x_wconf 45' lang='grc' dir='ltr'>’τις</span> 
     </span>
    </p>
   </div>
   <div class='ocr_carea' id='block_1_5' title="bbox 1872 518 3457 618">
    <p class='ocr_par' dir='ltr' id='par_1_5' title="bbox 1880 526 3457 605">
     <span class='ocr_line' id='line_1_5' title="bbox 1880 526 3457 605; baseline -0.007 -14"><span class='ocrx_word' id='word_1_14' title='bbox 1880 536 2185 600; x_wconf 80' lang='lat' dir='ltr'><strong>famosum,</strong></span> <span class='ocrx_word' id='word_1_15' title='bbox 2232 533 2380 605; x_wconf 90' lang='lat' dir='ltr'><strong>quod</strong></span> <span class='ocrx_word' id='word_1_16' title='bbox 2412 530 2554 604; x_wconf 87' lang='lat' dir='ltr'><strong>apud</strong></span> <span class='ocrx_word' id='word_1_17' title='bbox 2588 544 2687 586; x_wconf 86' lang='lat' dir='ltr'><strong>vos</strong></span> <span class='ocrx_word' id='word_1_18' title='bbox 2715 538 2930 598; x_wconf 90' lang='lat' dir='ltr'><strong>exstat,</strong></span> <span class='ocrx_word' id='word_1_19' title='bbox 2979 544 3081 586; x_wconf 82' lang='lat' dir='ltr'><strong>suo</strong></span> <span class='ocrx_word' id='word_1_20' title='bbox 3108 542 3234 585; x_wconf 91' lang='lat' dir='ltr'><strong>cum</strong></span> <span class='ocrx_word' id='word_1_21' title='bbox 3284 526 3457 582; x_wconf 88' lang='lat' dir='ltr'><strong>dede-</strong></span> 
     </span>
    </p>
   </div>
   <div class='ocr_carea' id='block_1_6' title="bbox 174 634 1763 715">
    <p class='ocr_par' dir='ltr' id='par_1_6' title="bbox 174 634 1763 715">
     <span class='ocr_line' id='line_1_6' title="bbox 174 634 1763 715; baseline -0.008 -18"><span class='ocrx_word' id='word_1_22' title='bbox 174 642 423 715; x_wconf 77' lang='grc' dir='ltr'>σκηπτὸς</span> <span class='ocrx_word' id='word_1_23' title='bbox 458 643 491 711; x_wconf 79' lang='grc' dir='ltr'><strong>ἡ</strong></span> <span class='ocrx_word' id='word_1_24' title='bbox 526 640 644 693; x_wconf 90' lang='grc' dir='ltr'>θεία</span> <span class='ocrx_word' id='word_1_25' title='bbox 695 640 850 709; x_wconf 77' lang='grc' dir='ltr'>μῆνις</span> <span class='ocrx_word' id='word_1_26' title='bbox 875 637 920 669; x_wconf 71' lang='grc'><strong>⁸⁸</strong></span> <span class='ocrx_word' id='word_1_27' title='bbox 957 636 1066 689; x_wconf 86' lang='grc' dir='ltr'>τῶν</span> <span class='ocrx_word' id='word_1_28' title='bbox 1114 636 1240 706; x_wconf 74' lang='grc' dir='ltr'>τῇδε</span> <span class='ocrx_word' id='word_1_29' title='bbox 1274 634 1615 696; x_wconf 76' lang='grc' dir='ltr'><strong>ἀπελάσασα,</strong></span> <span class='ocrx_word' id='word_1_30' title='bbox 1651 634 1763 695; x_wconf 82' lang='grc' dir='ltr'>τοῖς</span> 
     </span>
    </p>
   </div>
   <div class='ocr_carea' id='block_1_7' title="bbox 173 723 1764 805">
    <p class='ocr_par' dir='ltr' id='par_1_7' title="bbox 173 723 1764 805">
     <span class='ocr_line' id='line_1_7' title="bbox 173 723 1764 805; baseline -0.009 -14"><span class='ocrx_word' id='word_1_31' title='bbox 173 736 470 805; x_wconf 74' lang='grc' dir='ltr'><strong>ὑμετέροις</strong></span> <span class='ocrx_word' id='word_1_32' title='bbox 509 733 553 763; x_wconf 82' lang='grc'><strong>⁸⁸</strong></span> <span class='ocrx_word' id='word_1_33' title='bbox 611 730 804 800; x_wconf 79' lang='grc' dir='ltr'><strong>μέρεσι</strong></span> <span class='ocrx_word' id='word_1_34' title='bbox 859 726 1246 800; x_wconf 79' lang='grc' dir='ltr'>παραδέδωκε,</span> <span class='ocrx_word' id='word_1_35' title='bbox 1314 726 1415 795; x_wconf 82' lang='grc' dir='ltr'><strong>τῆς</strong></span> <span class='ocrx_word' id='word_1_36' title='bbox 1470 726 1555 777; x_wconf 80' lang='grc' dir='ltr'>ἐπ’</span> <span class='ocrx_word' id='word_1_37' title='bbox 1616 723 1764 794; x_wconf 72' lang='grc' dir='ltr'>αὐτῷ</span> 
     </span>
    </p>
   </div>
   <div class='ocr_carea' id='block_1_8' title="bbox 172 816 1765 894">
    <p class='ocr_par' dir='ltr' id='par_1_8' title="bbox 172 816 1765 894">
     <span class='ocr_line' id='line_1_8' title="bbox 172 816 1765 894; baseline -0.006 -16"><span class='ocrx_word' id='word_1_38' title='bbox 172 825 447 894; x_wconf 78' lang='grc' dir='ltr'><strong>αἰσχύνης</strong></span> <span class='ocrx_word' id='word_1_39' title='bbox 488 820 924 891; x_wconf 75' lang='grc' dir='ltr'>πολυθρύλλητον</span> <span class='ocrx_word' id='word_1_40' title='bbox 954 820 1015 871; x_wconf 82' lang='grc' dir='ltr'><strong>τὸ</strong></span> <span class='ocrx_word' id='word_1_41' title='bbox 1041 818 1171 888; x_wconf 86' lang='grc' dir='ltr'>παρ’</span> <span class='ocrx_word' id='word_1_42' title='bbox 1196 818 1324 887; x_wconf 80' lang='grc' dir='ltr'>ὑμῖν</span> <span class='ocrx_word' id='word_1_43' title='bbox 1346 816 1604 887; x_wconf 82' lang='grc' dir='ltr'>τρόπαιον</span> <span class='ocrx_word' id='word_1_44' title='bbox 1632 817 1765 869; x_wconf 83' lang='grc' dir='ltr'>ἀπο-</span> 
     </span>
    </p>
   </div>
   <div class='ocr_carea' id='block_1_9' title="bbox 174 908 1823 986">
    <p class='ocr_par' dir='ltr' id='par_1_9' title="bbox 174 908 1823 986">
     <span class='ocr_line' id='line_1_9' title="bbox 174 908 1823 986; baseline -0.012 -17"><span class='ocrx_word' id='word_1_45' title='bbox 174 918 450 986; x_wconf 74' lang='grc' dir='ltr'>φήναντα.</span> <span class='ocrx_word' id='word_1_46' title='bbox 501 913 664 965; x_wconf 78' lang='grc' dir='ltr'>’Λλλά</span> <span class='ocrx_word' id='word_1_47' title='bbox 713 912 821 982; x_wconf 79' lang='grc' dir='ltr'><strong>γὰρ</strong></span> <span class='ocrx_word' id='word_1_48' title='bbox 865 911 1040 964; x_wconf 76' lang='grc' dir='ltr'>ἔοικεν</span> <span class='ocrx_word' id='word_1_49' title='bbox 1086 910 1166 971; x_wconf 81' lang='grc' dir='ltr'><strong>είς</strong></span> <span class='ocrx_word' id='word_1_50' title='bbox 1203 908 1366 961; x_wconf 80' lang='grc' dir='ltr'>καλὸν</span> <span class='ocrx_word' id='word_1_51' title='bbox 1406 925 1763 985; x_wconf 76' lang='grc' dir='ltr'>προκεχωρη.</span> <span class='ocrx_word' id='word_1_52' title='bbox 1822 972 1823 981; x_wconf 11' lang='grc' dir='ltr'>γ</span> 
     </span>
    </p>
   </div>
   <div class='ocr_carea' id='block_1_10' title="bbox 174 1004 1763 1077">
    <p class='ocr_par' dir='ltr' id='par_1_10' title="bbox 174 1004 1763 1077">
     <span class='ocr_line' id='line_1_10' title="bbox 174 1004 1763 1077; baseline -0.003 -16"><span class='ocrx_word' id='word_1_53' title='bbox 174 1009 358 1071; x_wconf 73' lang='grc' dir='ltr'>κέναι,</span> <span class='ocrx_word' id='word_1_54' title='bbox 380 1008 441 1060; x_wconf 72' lang='grc' dir='ltr'>τὸ</span> <span class='ocrx_word' id='word_1_55' title='bbox 473 1008 566 1061; x_wconf 71' lang='grc' dir='ltr'><strong>καὶ</strong></span> <span class='ocrx_word' id='word_1_56' title='bbox 594 1008 653 1060; x_wconf 82' lang='grc' dir='ltr'><strong>ἐν</strong></span> <span class='ocrx_word' id='word_1_57' title='bbox 691 1006 767 1077; x_wconf 80' lang='grc' dir='ltr'><strong>τῷ</strong></span> <span class='ocrx_word' id='word_1_58' title='bbox 801 1007 921 1061; x_wconf 74' lang='grc' dir='ltr'>καθ’</span> <span class='ocrx_word' id='word_1_59' title='bbox 962 1008 1111 1076; x_wconf 74' lang='grc' dir='ltr'>ἡμᾶς</span> <span class='ocrx_word' id='word_1_60' title='bbox 1142 1006 1298 1060; x_wconf 76' lang='grc' dir='ltr'>αἰῶνι</span> <span class='ocrx_word' id='word_1_61' title='bbox 1321 1004 1419 1076; x_wconf 82' lang='grc' dir='ltr'>τὴν</span> <span class='ocrx_word' id='word_1_62' title='bbox 1447 1004 1555 1058; x_wconf 84' lang='grc' dir='ltr'>τῶν</span> <span class='ocrx_word' id='word_1_63' title='bbox 1586 1004 1763 1057; x_wconf 66' lang='lat' dir='ltr'><strong>meo.</strong></span> 
     </span>
    </p>
   </div>
   <div class='ocr_carea' id='block_1_11' title="bbox 174 1096 1766 1170">
    <p class='ocr_par' dir='ltr' id='par_1_11' title="bbox 174 1096 1766 1170">
     <span class='ocr_line' id='line_1_11' title="bbox 174 1096 1766 1170; baseline -0.003 -17"><span class='ocrx_word' id='word_1_64' title='bbox 174 1118 283 1153; x_wconf 89' lang='grc' dir='ltr'><strong>των</strong></span> <span class='ocrx_word' id='word_1_65' title='bbox 322 1100 603 1170; x_wconf 80' lang='grc' dir='ltr'><strong>τιμωρίαν</strong></span> <span class='ocrx_word' id='word_1_66' title='bbox 626 1101 896 1170; x_wconf 82' lang='grc' dir='ltr'>περιφανῆ</span> <span class='ocrx_word' id='word_1_67' title='bbox 928 1098 1231 1168; x_wconf 73' lang='grc' dir='ltr'>δειχθῆιαι.</span> <span class='ocrx_word' id='word_1_68' title='bbox 1272 1096 1513 1150; x_wconf 83' lang='grc' dir='ltr'>Ἐπείδον</span> <span class='ocrx_word' id='word_1_69' title='bbox 1538 1096 1645 1168; x_wconf 76' lang='grc' dir='ltr'><strong>γὰρ</strong></span> <span class='ocrx_word' id='word_1_70' title='bbox 1673 1098 1766 1150; x_wconf 68' lang='grc' dir='ltr'>καὶ</span> 
     </span>
    </p>
   </div>
   <div class='ocr_carea' id='block_1_12' title="bbox 175 1191 1766 1261">
    <p class='ocr_par' dir='ltr' id='par_1_12' title="bbox 175 1191 1766 1261">
     <span class='ocr_line' id='line_1_12' title="bbox 175 1191 1766 1261; baseline -0.003 -14"><span class='ocrx_word' id='word_1_71' title='bbox 175 1195 344 1257; x_wconf 74' lang='grc' dir='ltr'>αὐτὸς</span> <span class='ocrx_word' id='word_1_72' title='bbox 406 1194 629 1246; x_wconf 90' lang='grc' dir='ltr'>ἐκείνων</span> <span class='ocrx_word' id='word_1_73' title='bbox 689 1192 759 1245; x_wconf 76' lang='grc' dir='ltr'>τὰ</span> <span class='ocrx_word' id='word_1_74' title='bbox 811 1192 977 1261; x_wconf 81' lang='grc' dir='ltr'>τέλη,</span> <span class='ocrx_word' id='word_1_75' title='bbox 1033 1192 1138 1244; x_wconf 75' lang='grc' dir='ltr'>τῶν</span> <span class='ocrx_word' id='word_1_76' title='bbox 1198 1191 1424 1260; x_wconf 73' lang='grc' dir='ltr'>ἔναγχος</span> <span class='ocrx_word' id='word_1_77' title='bbox 1483 1191 1766 1260; x_wconf 80' lang='grc' dir='ltr'><strong>ἀθεμίτοις</strong></span> 
     </span>
    </p>
   </div>
   <div class='ocr_carea' id='block_1_13' title="bbox 176 1282 1769 1356">
    <p class='ocr_par' dir='ltr' id='par_1_13' title="bbox 176 1282 1769 1356">
     <span class='ocr_line' id='line_1_13' title="bbox 176 1282 1769 1356; baseline -0.002 -17"><span class='ocrx_word' id='word_1_78' title='bbox 176 1286 574 1356; x_wconf 72' lang='grc' dir='ltr'><strong>προστάγμασι</strong></span> <span class='ocrx_word' id='word_1_79' title='bbox 607 1286 699 1338; x_wconf 72' lang='grc' dir='ltr'>τὸν</span> <span class='ocrx_word' id='word_1_80' title='bbox 744 1283 822 1355; x_wconf 85' lang='grc' dir='ltr'>τῷ</span> <span class='ocrx_word' id='word_1_81' title='bbox 864 1286 910 1317; x_wconf 76' lang='grc'><strong>⁸⁸</strong></span> <span class='ocrx_word' id='word_1_82' title='bbox 949 1283 1069 1354; x_wconf 82' lang='grc' dir='ltr'><strong>Θεῷ</strong></span> <span class='ocrx_word' id='word_1_83' title='bbox 1114 1283 1470 1352; x_wconf 79' lang='grc' dir='ltr'>ἀνακείμενον</span> <span class='ocrx_word' id='word_1_84' title='bbox 1512 1282 1638 1335; x_wconf 74' lang='grc' dir='ltr'>λαὸν</span> <span class='ocrx_word' id='word_1_85' title='bbox 1684 1285 1769 1336; x_wconf 84' lang='grc' dir='ltr'>ἐκ·</span> 
     </span>
    </p>
   </div>
   <div class='ocr_carea' id='block_1_14' title="bbox 175 1374 1765 1447">
    <p class='ocr_par' dir='ltr' id='par_1_14' title="bbox 175 1374 1765 1447">
     <span class='ocr_line' id='line_1_14' title="bbox 175 1374 1765 1447; baseline 0.001 -19"><span class='ocrx_word' id='word_1_86' title='bbox 175 1376 560 1447; x_wconf 77' lang='grc' dir='ltr'>ταραξάντων.</span> <span class='ocrx_word' id='word_1_87' title='bbox 599 1375 690 1428; x_wconf 81' lang='grc' dir='ltr'>Διδ</span> <span class='ocrx_word' id='word_1_88' title='bbox 727 1375 792 1447; x_wconf 73' lang='grc' dir='ltr'>δὴ</span> <span class='ocrx_word' id='word_1_89' title='bbox 841 1377 935 1429; x_wconf 73' lang='grc' dir='ltr'><strong>καὶ</strong></span> <span class='ocrx_word' id='word_1_90' title='bbox 970 1374 1139 1446; x_wconf 77' lang='grc' dir='ltr'>πολλὴ</span> <span class='ocrx_word' id='word_1_91' title='bbox 1186 1375 1341 1446; x_wconf 83' lang='grc' dir='ltr'>χάρις</span> <span class='ocrx_word' id='word_1_92' title='bbox 1386 1375 1464 1445; x_wconf 84' lang='grc' dir='ltr'><strong>τῷ</strong></span> <span class='ocrx_word' id='word_1_93' title='bbox 1506 1375 1645 1445; x_wconf 82' lang='grc' dir='ltr'>Θεῷ,</span> <span class='ocrx_word' id='word_1_94' title='bbox 1686 1376 1765 1429; x_wconf 83' lang='grc' dir='ltr'><strong>ὅτι</strong></span> 
     </span>
    </p>
   </div>
   <div class='ocr_carea' id='block_1_15' title="bbox 175 1462 1767 1535">
    <p class='ocr_par' dir='ltr' id='par_1_15' title="bbox 175 1462 1767 1535">
     <span class='ocr_line' id='line_1_15' title="bbox 175 1462 1767 1535; baseline -0.001 -16"><span class='ocrx_word' id='word_1_95' title='bbox 175 1466 367 1535; x_wconf 69' lang='grc' dir='ltr'>τελεία</span> <span class='ocrx_word' id='word_1_96' title='bbox 399 1465 628 1535; x_wconf 76' lang='grc' dir='ltr'>προνοίᾳ</span> <span class='ocrx_word' id='word_1_97' title='bbox 658 1465 765 1517; x_wconf 77' lang='grc' dir='ltr'>πᾶν</span> <span class='ocrx_word' id='word_1_98' title='bbox 785 1464 845 1517; x_wconf 71' lang='grc' dir='ltr'>τὸ</span> <span class='ocrx_word' id='word_1_99' title='bbox 867 1462 1229 1535; x_wconf 78' lang='grc' dir='ltr'>ἀνθρώπινον,</span> <span class='ocrx_word' id='word_1_100' title='bbox 1260 1464 1321 1517; x_wconf 88' lang='grc' dir='ltr'><strong>τὸ</strong></span> <span class='ocrx_word' id='word_1_101' title='bbox 1350 1464 1650 1535; x_wconf 83' lang='grc' dir='ltr'>θεραπεῦον</span> <span class='ocrx_word' id='word_1_102' title='bbox 1677 1465 1767 1518; x_wconf 78' lang='grc' dir='ltr'><strong>τὸν</strong></span> 
     </span>
    </p>
   </div>
   <div class='ocr_carea' id='block_1_16' title="bbox 179 1553 1769 1628">
    <p class='ocr_par' dir='ltr' id='par_1_16' title="bbox 179 1553 1769 1628">
     <span class='ocr_line' id='line_1_16' title="bbox 179 1553 1769 1628; baseline -0.001 -19"><span class='ocrx_word' id='word_1_103' title='bbox 179 1558 324 1610; x_wconf 78' lang='grc' dir='ltr'>θεῖον</span> <span class='ocrx_word' id='word_1_104' title='bbox 348 1557 537 1627; x_wconf 81' lang='grc' dir='ltr'>νόμον,</span> <span class='ocrx_word' id='word_1_105' title='bbox 567 1556 923 1626; x_wconf 74' lang='grc' dir='ltr'>ἀποδοθείσης</span> <span class='ocrx_word' id='word_1_106' title='bbox 969 1555 1117 1626; x_wconf 73' lang='grc' dir='ltr'>αὐτῷ</span> <span class='ocrx_word' id='word_1_107' title='bbox 1154 1557 1251 1627; x_wconf 75' lang='grc' dir='ltr'><strong>τῆς</strong></span> <span class='ocrx_word' id='word_1_108' title='bbox 1294 1553 1445 1619; x_wconf 81' lang='grc' dir='ltr'>θείας</span> <span class='ocrx_word' id='word_1_109' title='bbox 1466 1556 1507 1586; x_wconf 81' lang='grc'>⁸⁷</span> <span class='ocrx_word' id='word_1_110' title='bbox 1548 1558 1769 1628; x_wconf 77' lang='grc' dir='ltr'><strong>εἰρήνης</strong></span> 
     </span>
    </p>
   </div>
   <div class='ocr_carea' id='block_1_17' title="bbox 180 1647 1767 1719">
    <p class='ocr_par' dir='ltr' id='par_1_17' title="bbox 180 1647 1767 1719">
     <span class='ocr_line' id='line_1_17' title="bbox 180 1647 1767 1719; baseline -0.001 -16"><span class='ocrx_word' id='word_1_111' title='bbox 180 1649 485 1718; x_wconf 71' lang='grc' dir='ltr'>ἀγάλλεται</span> <span class='ocrx_word' id='word_1_112' title='bbox 541 1649 636 1701; x_wconf 74' lang='grc' dir='ltr'><strong>καὶ</strong></span> <span class='ocrx_word' id='word_1_113' title='bbox 686 1649 906 1719; x_wconf 70' lang='grc' dir='ltr'>γαυριᾷ.</span> <span class='ocrx_word' id='word_1_114' title='bbox 956 1647 1235 1701; x_wconf 79' lang='grc' dir='ltr'>Ἐντεῦθεν</span> <span class='ocrx_word' id='word_1_115' title='bbox 1265 1649 1360 1700; x_wconf 78' lang='grc' dir='ltr'><strong>καὶ</strong></span> <span class='ocrx_word' id='word_1_116' title='bbox 1404 1650 1533 1718; x_wconf 82' lang='grc' dir='ltr'>ἡμῖν</span> <span class='ocrx_word' id='word_1_117' title='bbox 1585 1650 1767 1713; x_wconf 81' lang='grc' dir='ltr'>αὐτοῖς</span> 
     </span>
    </p>
   </div>
   <div class='ocr_carea' id='block_1_18' title="bbox 183 1738 1769 1809">
    <p class='ocr_par' dir='ltr' id='par_1_18' title="bbox 183 1738 1769 1809">
     <span class='ocr_line' id='line_1_18' title="bbox 183 1738 1769 1809; baseline 0.002 -17"><span class='ocrx_word' id='word_1_118' title='bbox 183 1740 550 1792; x_wconf 68' lang='grc' dir='ltr'>πεπίστευται</span> <span class='ocrx_word' id='word_1_119' title='bbox 597 1739 664 1801; x_wconf 77' lang='grc'><strong>⁸⁸,</strong></span> <span class='ocrx_word' id='word_1_120' title='bbox 725 1739 805 1792; x_wconf 80' lang='grc' dir='ltr'>ὅτι</span> <span class='ocrx_word' id='word_1_121' title='bbox 866 1738 1127 1793; x_wconf 74' lang='grc' dir='ltr'>κάλλιστα</span> <span class='ocrx_word' id='word_1_122' title='bbox 1157 1741 1201 1773; x_wconf 76' lang='grc'><strong>⁸⁸</strong></span> <span class='ocrx_word' id='word_1_123' title='bbox 1242 1740 1334 1793; x_wconf 69' lang='grc' dir='ltr'><strong>καὶ</strong></span> <span class='ocrx_word' id='word_1_124' title='bbox 1388 1741 1769 1809; x_wconf 68' lang='grc' dir='ltr'>ἀσφαλέστατα</span> 
     </span>
    </p>
   </div>
   <div class='ocr_carea' id='block_1_19' title="bbox 183 1831 1767 1903">
    <p class='ocr_par' dir='ltr' id='par_1_19' title="bbox 183 1831 1767 1903">
     <span class='ocr_line' id='line_1_19' title="bbox 183 1831 1767 1903; baseline 0.004 -21"><span class='ocrx_word' id='word_1_125' title='bbox 183 1832 294 1901; x_wconf 75' lang='grc' dir='ltr'>ἔχει</span> <span class='ocrx_word' id='word_1_126' title='bbox 321 1832 564 1891; x_wconf 73' lang='grc' dir='ltr'>ἅπαντα,</span> <span class='ocrx_word' id='word_1_127' title='bbox 600 1831 761 1883; x_wconf 69' lang='grc' dir='ltr'>ὁπότε</span> <span class='ocrx_word' id='word_1_128' title='bbox 796 1831 884 1883; x_wconf 75' lang='grc' dir='ltr'>διὰ</span> <span class='ocrx_word' id='word_1_129' title='bbox 922 1835 1019 1901; x_wconf 81' lang='grc' dir='ltr'>τῆς</span> <span class='ocrx_word' id='word_1_130' title='bbox 1049 1833 1271 1886; x_wconf 83' lang='grc' dir='ltr'>ἐκείνων</span> <span class='ocrx_word' id='word_1_131' title='bbox 1306 1833 1550 1903; x_wconf 74' lang='grc' dir='ltr'>καθαρᾶς</span> <span class='ocrx_word' id='word_1_132' title='bbox 1587 1853 1645 1888; x_wconf 90' lang='grc' dir='ltr'><strong>τε</strong></span> <span class='ocrx_word' id='word_1_133' title='bbox 1674 1837 1767 1888; x_wconf 75' lang='grc' dir='ltr'><strong>καὶ</strong></span> 
     </span>
    </p>
   </div>
   <div class='ocr_carea' id='block_1_20' title="bbox 1863 619 3460 701">
    <p class='ocr_par' dir='ltr' id='par_1_20' title="bbox 1863 619 3460 701">
     <span class='ocr_line' id='line_1_20' title="bbox 1863 619 3460 701; baseline -0.009 -13"><span class='ocrx_word' id='word_1_134' title='bbox 1863 649 1990 688; x_wconf 86' lang='lat' dir='ltr'><strong>core</strong></span> <span class='ocrx_word' id='word_1_135' title='bbox 2028 632 2385 701; x_wconf 71' lang='lat' dir='ltr'><strong>coniunctum</strong></span> <span class='ocrx_word' id='word_1_136' title='bbox 2412 637 2675 697; x_wconf 68' lang='lat' dir='ltr'><strong>tropaaum</strong></span> <span class='ocrx_word' id='word_1_137' title='bbox 2709 624 2904 681; x_wconf 90' lang='lat' dir='ltr'><strong>erexit.</strong></span> <span class='ocrx_word' id='word_1_138' title='bbox 2957 623 3065 679; x_wconf 87' lang='lat' dir='ltr'><strong>Sed</strong></span> <span class='ocrx_word' id='word_1_139' title='bbox 3113 630 3167 678; x_wconf 91' lang='lat' dir='ltr'><strong>et</strong></span> <span class='ocrx_word' id='word_1_140' title='bbox 3190 619 3460 691; x_wconf 56' lang='lat' dir='ltr'><strong>praeclare</strong></span> 
     </span>
    </p>
   </div>
   <div class='ocr_carea' id='block_1_21' title="bbox 1864 705 3458 783">
    <p class='ocr_par' dir='ltr' id='par_1_21' title="bbox 1864 705 3458 783">
     <span class='ocr_line' id='line_1_21' title="bbox 1864 705 3458 783; baseline -0.009 -8"><span class='ocrx_word' id='word_1_141' title='bbox 1864 722 2081 776; x_wconf 86' lang='lat' dir='ltr'><strong>videtur</strong></span> <span class='ocrx_word' id='word_1_142' title='bbox 2136 719 2436 783; x_wconf 78' lang='lat' dir='ltr'><strong>cecidisse,</strong></span> <span class='ocrx_word' id='word_1_143' title='bbox 2484 708 2547 770; x_wconf 75' lang='lat' dir='ltr'><strong>ut</strong></span> <span class='ocrx_word' id='word_1_144' title='bbox 2595 721 2789 769; x_wconf 88' lang='lat' dir='ltr'><strong>nostra</strong></span> <span class='ocrx_word' id='word_1_145' title='bbox 2822 711 2988 767; x_wconf 86' lang='lat' dir='ltr'><strong>etiam</strong></span> <span class='ocrx_word' id='word_1_146' title='bbox 3018 718 3180 766; x_wconf 56' lang='lat' dir='ltr'><strong>astate</strong></span> <span class='ocrx_word' id='word_1_147' title='bbox 3216 705 3458 763; x_wconf 78' lang='lat' dir='ltr'><strong>manife-</strong></span> 
     </span>
    </p>
   </div>
   <div class='ocr_carea' id='block_1_22' title="bbox 1864 788 3459 875">
    <p class='ocr_par' dir='ltr' id='par_1_22' title="bbox 1864 788 3459 875">
     <span class='ocr_line' id='line_1_22' title="bbox 1864 788 3459 875; baseline -0.009 -11"><span class='ocrx_word' id='word_1_148' title='bbox 1864 820 2007 864; x_wconf 89' lang='lat' dir='ltr'><strong>stum</strong></span> <span class='ocrx_word' id='word_1_149' title='bbox 2034 807 2103 861; x_wconf 91' lang='lat' dir='ltr'><strong>de</strong></span> <span class='ocrx_word' id='word_1_150' title='bbox 2137 788 2793 875; x_wconf 82' lang='lat' dir='ltr'><strong>ltujusmodihominihus</strong></span> <span class='ocrx_word' id='word_1_151' title='bbox 2825 799 3161 870; x_wconf 69' lang='lat' dir='ltr'><strong>supplicium</strong></span> <span class='ocrx_word' id='word_1_152' title='bbox 3195 796 3459 867; x_wconf 79' lang='lat' dir='ltr'><strong>prodere-</strong></span> 
     </span>
    </p>
   </div>
   <div class='ocr_carea' id='block_1_23' title="bbox 1865 881 3458 963">
    <p class='ocr_par' dir='ltr' id='par_1_23' title="bbox 1865 881 3458 963">
     <span class='ocr_line' id='line_1_23' title="bbox 1865 881 3458 963; baseline -0.011 -12"><span class='ocrx_word' id='word_1_153' title='bbox 1865 906 1976 952; x_wconf 94' lang='lat' dir='ltr'><strong>tur.</strong></span> <span class='ocrx_word' id='word_1_154' title='bbox 2008 894 2130 950; x_wconf 86' lang='lat' dir='ltr'><strong>Vidi</strong></span> <span class='ocrx_word' id='word_1_155' title='bbox 2153 894 2301 949; x_wconf 88' lang='lat' dir='ltr'><strong>enim</strong></span> <span class='ocrx_word' id='word_1_156' title='bbox 2325 902 2379 947; x_wconf 90' lang='lat' dir='ltr'><strong>et</strong></span> <span class='ocrx_word' id='word_1_157' title='bbox 2404 893 2522 963; x_wconf 86' lang='lat' dir='ltr'><strong>ipse</strong></span> <span class='ocrx_word' id='word_1_158' title='bbox 2548 888 2742 944; x_wconf 81' lang='lat' dir='ltr'><strong>funera</strong></span> <span class='ocrx_word' id='word_1_159' title='bbox 2775 888 3001 943; x_wconf 90' lang='lat' dir='ltr'><strong>illorum</strong></span> <span class='ocrx_word' id='word_1_160' title='bbox 3028 927 3043 951; x_wconf 96' lang='lat'><strong>,</strong></span> <span class='ocrx_word' id='word_1_161' title='bbox 3076 884 3168 953; x_wconf 90' lang='lat' dir='ltr'><strong>qui</strong></span> <span class='ocrx_word' id='word_1_162' title='bbox 3196 881 3458 954; x_wconf 81' lang='lat' dir='ltr'><strong>pupulum</strong></span> 
     </span>
    </p>
   </div>
   <div class='ocr_carea' id='block_1_24' title="bbox 1866 963 3459 1052">
    <p class='ocr_par' dir='ltr' id='par_1_24' title="bbox 1866 963 3459 1052">
     <span class='ocr_line' id='line_1_24' title="bbox 1866 963 3459 1052; baseline -0.011 -8"><span class='ocrx_word' id='word_1_163' title='bbox 1866 986 1976 1043; x_wconf 82' lang='lat' dir='ltr'><strong>Deo</strong></span> <span class='ocrx_word' id='word_1_164' title='bbox 1994 988 2252 1043; x_wconf 91' lang='lat' dir='ltr'><strong>devotum</strong></span> <span class='ocrx_word' id='word_1_165' title='bbox 2278 978 2503 1039; x_wconf 71' lang='lat' dir='ltr'><strong>nefariis</strong></span> <span class='ocrx_word' id='word_1_166' title='bbox 2525 996 2702 1052; x_wconf 85' lang='lat' dir='ltr'><strong>nuper</strong></span> <span class='ocrx_word' id='word_1_167' title='bbox 2722 980 2921 1035; x_wconf 90' lang='lat' dir='ltr'><strong>edictis</strong></span> <span class='ocrx_word' id='word_1_168' title='bbox 2942 963 3314 1047; x_wconf 84' lang='lat' dir='ltr'><strong>exagitarunt.</strong></span> <span class='ocrx_word' id='word_1_169' title='bbox 3339 972 3459 1041; x_wconf 87' lang='lat' dir='ltr'><strong>Quo</strong></span> 
     </span>
    </p>
   </div>
   <div class='ocr_carea' id='block_1_25' title="bbox 1867 1054 3459 1151">
    <p class='ocr_par' dir='ltr' id='par_1_25' title="bbox 1867 1054 3459 1151">
     <span class='ocr_line' id='line_1_25' title="bbox 1867 1054 3459 1151; baseline -0.011 -17"><span class='ocrx_word' id='word_1_170' title='bbox 1867 1080 2087 1136; x_wconf 85' lang='lat' dir='ltr'><strong>nomine</strong></span> <span class='ocrx_word' id='word_1_171' title='bbox 2118 1078 2228 1132; x_wconf 86' lang='lat' dir='ltr'><strong>Deo</strong></span> <span class='ocrx_word' id='word_1_172' title='bbox 2255 1090 2507 1145; x_wconf 90' lang='lat' dir='ltr'><strong>magnam</strong></span> <span class='ocrx_word' id='word_1_173' title='bbox 2552 1074 2729 1151; x_wconf 72' lang='lat' dir='ltr'><strong>habeo</strong></span> <span class='ocrx_word' id='word_1_174' title='bbox 2760 1054 3023 1142; x_wconf 77' lang='lat' dir='ltr'><strong>gratiam,</strong></span> <span class='ocrx_word' id='word_1_175' title='bbox 3055 1066 3204 1139; x_wconf 91' lang='lat' dir='ltr'><strong>quod</strong></span> <span class='ocrx_word' id='word_1_176' title='bbox 3237 1080 3459 1145; x_wconf 86' lang='lat' dir='ltr'><strong>summa</strong></span> 
     </span>
    </p>
   </div>
   <div class='ocr_carea' id='block_1_26' title="bbox 1867 1156 3456 1238">
    <p class='ocr_par' dir='ltr' id='par_1_26' title="bbox 1867 1156 3456 1238">
     <span class='ocr_line' id='line_1_26' title="bbox 1867 1156 3456 1238; baseline -0.008 -13"><span class='ocrx_word' id='word_1_177' title='bbox 1867 1170 1990 1238; x_wconf 89' lang='lat' dir='ltr'><strong>ejus</strong></span> <span class='ocrx_word' id='word_1_178' title='bbox 2026 1166 2373 1238; x_wconf 84' lang='lat' dir='ltr'><strong>providentia</strong></span> <span class='ocrx_word' id='word_1_179' title='bbox 2412 1165 2732 1219; x_wconf 88' lang='lat' dir='ltr'><strong>universum</strong></span> <span class='ocrx_word' id='word_1_180' title='bbox 2763 1161 3044 1216; x_wconf 85' lang='lat' dir='ltr'><strong>hominum</strong></span> <span class='ocrx_word' id='word_1_181' title='bbox 3072 1156 3276 1231; x_wconf 76' lang='lat' dir='ltr'><strong>genus,</strong></span> <span class='ocrx_word' id='word_1_182' title='bbox 3305 1156 3456 1228; x_wconf 91' lang='lat' dir='ltr'><strong>quod</strong></span> 
     </span>
    </p>
   </div>
   <div class='ocr_carea' id='block_1_27' title="bbox 1869 1250 3460 1330">
    <p class='ocr_par' dir='ltr' id='par_1_27' title="bbox 1869 1250 3460 1330">
     <span class='ocr_line' id='line_1_27' title="bbox 1869 1250 3460 1330; baseline -0.009 -15"><span class='ocrx_word' id='word_1_183' title='bbox 1869 1260 1978 1330; x_wconf 77' lang='lat' dir='ltr'><strong>legi</strong></span> <span class='ocrx_word' id='word_1_184' title='bbox 2013 1258 2213 1313; x_wconf 75' lang='lat' dir='ltr'><strong>divinae</strong></span> <span class='ocrx_word' id='word_1_185' title='bbox 2236 1274 2293 1313; x_wconf 90' lang='lat' dir='ltr'><strong>se</strong></span> <span class='ocrx_word' id='word_1_186' title='bbox 2320 1253 2848 1325; x_wconf 30' lang='lat' dir='ltr'><strong>addixithrcstituta</strong></span> <span class='ocrx_word' id='word_1_187' title='bbox 2878 1251 2981 1305; x_wconf 84' lang='lat' dir='ltr'><strong>sibi</strong></span> <span class='ocrx_word' id='word_1_188' title='bbox 3008 1265 3140 1319; x_wconf 90' lang='lat' dir='ltr'><strong>pace</strong></span> <span class='ocrx_word' id='word_1_189' title='bbox 3167 1250 3384 1305; x_wconf 69' lang='lat' dir='ltr'><strong>laztatur</strong></span> <span class='ocrx_word' id='word_1_190' title='bbox 3405 1256 3460 1302; x_wconf 92' lang='lat' dir='ltr'><strong>et</strong></span> 
     </span>
    </p>
   </div>
   <div class='ocr_carea' id='block_1_28' title="bbox 1867 1342 3461 1418">
    <p class='ocr_par' dir='ltr' id='par_1_28' title="bbox 1867 1342 3461 1418">
     <span class='ocr_line' id='line_1_28' title="bbox 1867 1342 3461 1418; baseline -0.009 -10"><span class='ocrx_word' id='word_1_191' title='bbox 1867 1352 2131 1408; x_wconf 80' lang='lat' dir='ltr'><strong>exsultat.</strong></span> <span class='ocrx_word' id='word_1_192' title='bbox 2164 1349 2295 1404; x_wconf 87' lang='lat' dir='ltr'><strong>Inde</strong></span> <span class='ocrx_word' id='word_1_193' title='bbox 2318 1360 2371 1405; x_wconf 91' lang='lat' dir='ltr'><strong>et</strong></span> <span class='ocrx_word' id='word_1_194' title='bbox 2400 1362 2726 1418; x_wconf 77' lang='lat' dir='ltr'><strong>persuasum</strong></span> <span class='ocrx_word' id='word_1_195' title='bbox 2769 1346 2873 1401; x_wconf 90' lang='lat' dir='ltr'><strong>hoc</strong></span> <span class='ocrx_word' id='word_1_196' title='bbox 2903 1343 3082 1397; x_wconf 89' lang='lat' dir='ltr'><strong>habeo</strong></span> <span class='ocrx_word' id='word_1_197' title='bbox 3102 1381 3117 1401; x_wconf 82' lang='lat'><strong>.</strong></span> <span class='ocrx_word' id='word_1_198' title='bbox 3154 1342 3365 1412; x_wconf 89' lang='lat' dir='ltr'><strong>optimo</strong></span> <span class='ocrx_word' id='word_1_199' title='bbox 3398 1354 3461 1394; x_wconf 93' lang='lat' dir='ltr'><strong>ac</strong></span> 
     </span>
    </p>
   </div>
   <div class='ocr_carea' id='block_1_29' title="bbox 1872 1433 3463 1517">
    <p class='ocr_par' dir='ltr' id='par_1_29' title="bbox 1872 1433 3463 1517">
     <span class='ocr_line' id='line_1_29' title="bbox 1872 1433 3463 1517; baseline -0.009 -16"><span class='ocrx_word' id='word_1_200' title='bbox 1872 1433 2163 1501; x_wconf 78' lang='lat' dir='ltr'><strong>tutissimo</strong></span> <span class='ocrx_word' id='word_1_201' title='bbox 2216 1444 2337 1517; x_wconf 83' lang='lat' dir='ltr'><strong>loco</strong></span> <span class='ocrx_word' id='word_1_202' title='bbox 2370 1458 2494 1497; x_wconf 80' lang='lat' dir='ltr'><strong>esse</strong></span> <span class='ocrx_word' id='word_1_203' title='bbox 2531 1454 2678 1494; x_wconf 91' lang='lat' dir='ltr'><strong>nunc</strong></span> <span class='ocrx_word' id='word_1_204' title='bbox 2713 1440 2897 1492; x_wconf 87' lang='lat' dir='ltr'><strong>omnia</strong></span> <span class='ocrx_word' id='word_1_205' title='bbox 2920 1476 2935 1499; x_wconf 91' lang='lat'><strong>,</strong></span> <span class='ocrx_word' id='word_1_206' title='bbox 2987 1451 3113 1491; x_wconf 84' lang='lat' dir='ltr'><strong>rum</strong></span> <span class='ocrx_word' id='word_1_207' title='bbox 3148 1450 3244 1504; x_wconf 92' lang='lat' dir='ltr'><strong>per</strong></span> <span class='ocrx_word' id='word_1_208' title='bbox 3283 1434 3463 1489; x_wconf 84' lang='lat' dir='ltr'><strong>since-</strong></span> 
     </span>
    </p>
   </div>
   <div class='ocr_carea' id='block_1_30' title="bbox 1869 1524 3467 1607">
    <p class='ocr_par' dir='ltr' id='par_1_30' title="bbox 1869 1524 3467 1607">
     <span class='ocr_line' id='line_1_30' title="bbox 1869 1524 3467 1607; baseline -0.01 -14"><span class='ocrx_word' id='word_1_209' title='bbox 1869 1554 1984 1593; x_wconf 83' lang='lat' dir='ltr'><strong>ram</strong></span> <span class='ocrx_word' id='word_1_210' title='bbox 2020 1536 2418 1607; x_wconf 86' lang='lat' dir='ltr'><strong>probatamque</strong></span> <span class='ocrx_word' id='word_1_211' title='bbox 2453 1533 2812 1603; x_wconf 89' lang='lat' dir='ltr'><strong>religionem,</strong></span> <span class='ocrx_word' id='word_1_212' title='bbox 2849 1546 2912 1583; x_wconf 83' lang='lat' dir='ltr'><strong>ex</strong></span> <span class='ocrx_word' id='word_1_213' title='bbox 2957 1528 3204 1583; x_wconf 88' lang='lat' dir='ltr'><strong>unanimi</strong></span> <span class='ocrx_word' id='word_1_214' title='bbox 3247 1526 3314 1580; x_wconf 92' lang='lat' dir='ltr'><strong>de</strong></span> <span class='ocrx_word' id='word_1_215' title='bbox 3351 1524 3467 1578; x_wconf 79' lang='lat' dir='ltr'><strong>Nu-</strong></span> 
     </span>
    </p>
   </div>
   <div class='ocr_carea' id='block_1_31' title="bbox 1873 1619 3460 1703">
    <p class='ocr_par' dir='ltr' id='par_1_31' title="bbox 1873 1619 3460 1703">
     <span class='ocr_line' id='line_1_31' title="bbox 1873 1619 3460 1703; baseline -0.009 -19"><span class='ocrx_word' id='word_1_216' title='bbox 1873 1632 2022 1685; x_wconf 89' lang='lat' dir='ltr'><strong>mine</strong></span> <span class='ocrx_word' id='word_1_217' title='bbox 2054 1628 2356 1685; x_wconf 86' lang='lat' dir='ltr'><strong>concordia</strong></span> <span class='ocrx_word' id='word_1_218' title='bbox 2407 1626 2667 1695; x_wconf 82' lang='lat' dir='ltr'><strong>Colligere</strong></span> <span class='ocrx_word' id='word_1_219' title='bbox 2697 1623 2762 1676; x_wconf 90' lang='lat' dir='ltr'><strong>ad</strong></span> <span class='ocrx_word' id='word_1_220' title='bbox 2803 1637 2863 1676; x_wconf 90' lang='lat' dir='ltr'><strong>sc</strong></span> <span class='ocrx_word' id='word_1_221' title='bbox 2891 1625 2907 1643; x_wconf 85' lang='lat'><strong><em>‘</em></strong></span> <span class='ocrx_word' id='word_1_222' title='bbox 2946 1621 3134 1703; x_wconf 83' lang='lat' dir='ltr'><strong>omnia</strong></span> <span class='ocrx_word' id='word_1_223' title='bbox 3180 1619 3460 1689; x_wconf 82' lang='lat' dir='ltr'><strong>dignatur.</strong></span> 
     </span>
    </p>
   </div>
   <div class='ocr_carea' id='block_1_32' title="bbox 1871 1712 3461 1781">
    <p class='ocr_par' dir='ltr' id='par_1_32' title="bbox 1871 1712 3461 1781">
     <span class='ocr_line' id='line_1_32' title="bbox 1871 1712 3461 1781; baseline -0.006 -7"><span class='ocrx_word' id='word_1_224' title='bbox 1871 1721 2107 1778; x_wconf 89' lang='lat' dir='ltr'><strong>Istorum</strong></span> <span class='ocrx_word' id='word_1_225' title='bbox 2148 1720 2436 1775; x_wconf 90' lang='lat' dir='ltr'><strong>hominum</strong></span> <span class='ocrx_word' id='word_1_226' title='bbox 2484 1732 2717 1771; x_wconf 91' lang='lat' dir='ltr'><strong>numero</strong></span> <span class='ocrx_word' id='word_1_227' title='bbox 2744 1758 2758 1781; x_wconf 95' lang='lat'><strong>,</strong></span> <span class='ocrx_word' id='word_1_228' title='bbox 2798 1714 3245 1769; x_wconf 83' lang='lat' dir='ltr'><strong>Christianorum</strong></span> <span class='ocrx_word' id='word_1_229' title='bbox 3300 1712 3461 1772; x_wconf 89' lang='lat' dir='ltr'><strong>dico,</strong></span> 
     </span>
    </p>
   </div>
   <div class='ocr_carea' id='block_1_33' title="bbox 1870 1802 3463 1885">
    <p class='ocr_par' dir='ltr' id='par_1_33' title="bbox 1870 1802 3463 1885">
     <span class='ocr_line' id='line_1_33' title="bbox 1870 1802 3463 1885; baseline -0.01 -16"><span class='ocrx_word' id='word_1_230' title='bbox 1870 1815 1938 1871; x_wconf 91' lang='lat' dir='ltr'><strong>de</strong></span> <span class='ocrx_word' id='word_1_231' title='bbox 1960 1814 2161 1885; x_wconf 86' lang='lat' dir='ltr'><strong>quibus</strong></span> <span class='ocrx_word' id='word_1_232' title='bbox 2190 1812 2369 1867; x_wconf 91' lang='lat' dir='ltr'><strong>omnis</strong></span> <span class='ocrx_word' id='word_1_233' title='bbox 2388 1810 2521 1865; x_wconf 91' lang='lat' dir='ltr'><strong>mihi</strong></span> <span class='ocrx_word' id='word_1_234' title='bbox 2550 1823 2755 1869; x_wconf 85' lang='lat' dir='ltr'><strong>sermo,</strong></span> <span class='ocrx_word' id='word_1_235' title='bbox 2780 1823 2903 1861; x_wconf 90' lang='lat' dir='ltr'><strong>cum</strong></span> <span class='ocrx_word' id='word_1_236' title='bbox 2931 1804 3192 1876; x_wconf 90' lang='lat' dir='ltr'><strong>primaria</strong></span> <span class='ocrx_word' id='word_1_237' title='bbox 3219 1802 3463 1857; x_wconf 84' lang='lat' dir='ltr'><strong>Persidis</strong></span> 
     </span>
    </p>
   </div>
   <div class='ocr_carea' id='block_1_34' title="bbox 184 1898 1771 1994">
    <p class='ocr_par' dir='ltr' id='par_1_34' title="bbox 184 1918 1770 1994">
     <span class='ocr_line' id='line_1_34' title="bbox 184 1918 1770 1994; baseline 0.003 -21"><span class='ocrx_word' id='word_1_238' title='bbox 184 1920 414 1990; x_wconf 81' lang='grc' dir='ltr'>δοκίμου</span> <span class='ocrx_word' id='word_1_239' title='bbox 447 1918 765 1990; x_wconf 79' lang='grc' dir='ltr'>θρησκείας,</span> <span class='ocrx_word' id='word_1_240' title='bbox 822 1921 885 1973; x_wconf 89' lang='grc' dir='ltr'><strong>ἐκ</strong></span> <span class='ocrx_word' id='word_1_241' title='bbox 930 1921 1028 1991; x_wconf 79' lang='grc' dir='ltr'>τῆς</span> <span class='ocrx_word' id='word_1_242' title='bbox 1075 1923 1205 1993; x_wconf 73' lang='grc' dir='ltr'>περὶ</span> <span class='ocrx_word' id='word_1_243' title='bbox 1255 1922 1314 1975; x_wconf 74' lang='grc' dir='ltr'>τὸ</span> <span class='ocrx_word' id='word_1_244' title='bbox 1359 1922 1514 1977; x_wconf 84' lang='grc' dir='ltr'>Θεῖον</span> <span class='ocrx_word' id='word_1_245' title='bbox 1544 1941 1770 1994; x_wconf 80' lang='grc' dir='ltr'>συμφω-</span> 
     </span>
    </p>
   </div>
   <div class='ocr_carea' id='block_1_35' title="bbox 1872 1898 3464 1994">
    <p class='ocr_par' dir='ltr' id='par_1_35' title="bbox 1874 1898 3464 1977">
     <span class='ocr_line' id='line_1_35' title="bbox 1874 1898 3464 1977; baseline -0.009 -16"><span class='ocrx_word' id='word_1_246' title='bbox 1874 1908 1993 1961; x_wconf 88' lang='lat' dir='ltr'><strong>loca</strong></span> <span class='ocrx_word' id='word_1_247' title='bbox 2028 1906 2323 1977; x_wconf 90' lang='lat' dir='ltr'><strong>plurimum</strong></span> <span class='ocrx_word' id='word_1_248' title='bbox 2352 1944 2366 1968; x_wconf 91' lang='lat'><strong>,</strong></span> <span class='ocrx_word' id='word_1_249' title='bbox 2403 1911 2462 1957; x_wconf 88' lang='lat' dir='ltr'><strong>ttt</strong></span> <span class='ocrx_word' id='word_1_250' title='bbox 2492 1901 2747 1973; x_wconf 83' lang='lat' dir='ltr'><strong>optabam</strong></span> <span class='ocrx_word' id='word_1_251' title='bbox 2772 1941 2783 1961; x_wconf 89' lang='lat'><strong>,</strong></span> <span class='ocrx_word' id='word_1_252' title='bbox 2806 1900 2992 1953; x_wconf 87' lang='lat' dir='ltr'><strong>ornari</strong></span> <span class='ocrx_word' id='word_1_253' title='bbox 3025 1898 3218 1967; x_wconf 79' lang='lat' dir='ltr'><strong>audio,</strong></span> <span class='ocrx_word' id='word_1_254' title='bbox 3258 1902 3464 1967; x_wconf 89' lang='lat' dir='ltr'><strong>quanta</strong></span> 
     </span>
    </p>
   </div>
   <div class='ocr_carea' id='block_1_36' title="bbox 187 2010 1773 2085">
    <p class='ocr_par' dir='ltr' id='par_1_36' title="bbox 187 2010 1773 2085">
     <span class='ocr_line' id='line_1_36' title="bbox 187 2010 1773 2085; baseline 0.004 -23"><span class='ocrx_word' id='word_1_255' title='bbox 187 2012 323 2075; x_wconf 85' lang='grc' dir='ltr'>νίας,</span> <span class='ocrx_word' id='word_1_256' title='bbox 364 2010 542 2064; x_wconf 77' lang='grc' dir='ltr'>πάντα</span> <span class='ocrx_word' id='word_1_257' title='bbox 571 2011 652 2073; x_wconf 90' lang='grc' dir='ltr'>εἰς</span> <span class='ocrx_word' id='word_1_258' title='bbox 697 2010 856 2063; x_wconf 70' lang='grc' dir='ltr'>αὑτὸν</span> <span class='ocrx_word' id='word_1_259' title='bbox 885 2010 1125 2084; x_wconf 77' lang='grc' dir='ltr'>ἀγείρειν</span> <span class='ocrx_word' id='word_1_260' title='bbox 1156 2012 1313 2077; x_wconf 80' lang='grc' dir='ltr'>ἀξιοῖ.</span> <span class='ocrx_word' id='word_1_261' title='bbox 1350 2014 1535 2085; x_wconf 77' lang='grc' dir='ltr'>Τούτῳ</span> <span class='ocrx_word' id='word_1_262' title='bbox 1561 2014 1637 2084; x_wconf 84' lang='grc' dir='ltr'><strong>τῷ</strong></span> <span class='ocrx_word' id='word_1_263' title='bbox 1673 2033 1773 2068; x_wconf 88' lang='grc' dir='ltr'>κα-</span> 
     </span>
    </p>
   </div>
   <div class='ocr_carea' id='block_1_37' title="bbox 184 2103 1768 2177">
    <p class='ocr_par' dir='ltr' id='par_1_37' title="bbox 184 2103 1768 2177">
     <span class='ocr_line' id='line_1_37' title="bbox 184 2103 1768 2177; baseline 0.001 -20"><span class='ocrx_word' id='word_1_264' title='bbox 184 2104 402 2173; x_wconf 73' lang='grc' dir='ltr'>ταλόγῳ</span> <span class='ocrx_word' id='word_1_265' title='bbox 423 2104 467 2135; x_wconf 81' lang='grc'><strong>⁷⁸</strong></span> <span class='ocrx_word' id='word_1_266' title='bbox 504 2104 612 2157; x_wconf 82' lang='grc' dir='ltr'><strong>τῶν</strong></span> <span class='ocrx_word' id='word_1_267' title='bbox 638 2103 963 2173; x_wconf 85' lang='grc' dir='ltr'>ἀνθρώπων,</span> <span class='ocrx_word' id='word_1_268' title='bbox 1001 2104 1143 2173; x_wconf 80' lang='grc' dir='ltr'>λέγω</span> <span class='ocrx_word' id='word_1_269' title='bbox 1172 2105 1236 2175; x_wconf 79' lang='grc' dir='ltr'>δὴ</span> <span class='ocrx_word' id='word_1_270' title='bbox 1262 2105 1370 2159; x_wconf 80' lang='grc' dir='ltr'><strong>τῶν</strong></span> <span class='ocrx_word' id='word_1_271' title='bbox 1405 2106 1768 2177; x_wconf 79' lang='grc' dir='ltr'>Χριστιανῶν,</span> 
     </span>
    </p>
   </div>
   <div class='ocr_carea' id='block_1_38' title="bbox 188 2192 1769 2266">
    <p class='ocr_par' dir='ltr' id='par_1_38' title="bbox 188 2192 1769 2266">
     <span class='ocr_line' id='line_1_38' title="bbox 188 2192 1769 2266; baseline 0 -17"><span class='ocrx_word' id='word_1_272' title='bbox 188 2195 332 2266; x_wconf 80' lang='grc' dir='ltr'>ὑπὲρ</span> <span class='ocrx_word' id='word_1_273' title='bbox 378 2193 490 2265; x_wconf 70' lang='grc' dir='ltr'><strong>γὰρ</strong></span> <span class='ocrx_word' id='word_1_274' title='bbox 532 2193 738 2246; x_wconf 79' lang='grc' dir='ltr'>τούτων</span> <span class='ocrx_word' id='word_1_275' title='bbox 781 2194 809 2246; x_wconf 82' lang='grc' dir='ltr'>ὁ</span> <span class='ocrx_word' id='word_1_276' title='bbox 852 2194 959 2257; x_wconf 75' lang='grc' dir='ltr'>πᾶς</span> <span class='ocrx_word' id='word_1_277' title='bbox 1017 2210 1106 2263; x_wconf 91' lang='grc' dir='ltr'><strong>μοι</strong></span> <span class='ocrx_word' id='word_1_278' title='bbox 1134 2192 1310 2260; x_wconf 76' lang='grc' dir='ltr'>λόγος,</span> <span class='ocrx_word' id='word_1_279' title='bbox 1362 2194 1476 2257; x_wconf 82' lang='grc' dir='ltr'><strong>πῶς</strong></span> <span class='ocrx_word' id='word_1_280' title='bbox 1503 2198 1665 2248; x_wconf 64' lang='lat' dir='ltr'><strong>aiat“</strong></span> <span class='ocrx_word' id='word_1_281' title='bbox 1704 2214 1769 2265; x_wconf 87' lang='grc' dir='ltr'><strong>με</strong></span> 
     </span>
    </p>
   </div>
   <div class='ocr_carea' id='block_1_39' title="bbox 186 2282 1769 2358">
    <p class='ocr_par' dir='ltr' id='par_1_39' title="bbox 186 2282 1769 2358">
     <span class='ocr_line' id='line_1_39' title="bbox 186 2282 1769 2358; baseline 0.001 -19"><span class='ocrx_word' id='word_1_282' title='bbox 186 2285 418 2356; x_wconf 75' lang='grc' dir='ltr'>ἣδεσθαι</span> <span class='ocrx_word' id='word_1_283' title='bbox 454 2284 723 2338; x_wconf 75' lang='grc' dir='ltr'>ἀκούοντα</span> <span class='ocrx_word' id='word_1_284' title='bbox 760 2285 906 2338; x_wconf 80' lang='grc' dir='ltr'>ὅτιτ²</span> <span class='ocrx_word' id='word_1_285' title='bbox 950 2284 1045 2336; x_wconf 78' lang='grc' dir='ltr'><strong>καὶ</strong></span> <span class='ocrx_word' id='word_1_286' title='bbox 1088 2282 1189 2351; x_wconf 80' lang='grc' dir='ltr'>τῆς</span> <span class='ocrx_word' id='word_1_287' title='bbox 1240 2283 1500 2354; x_wconf 84' lang='grc' dir='ltr'>Περσίδος</span> <span class='ocrx_word' id='word_1_288' title='bbox 1540 2286 1609 2339; x_wconf 87' lang='grc' dir='ltr'><strong>τά</strong></span> <span class='ocrx_word' id='word_1_289' title='bbox 1640 2288 1769 2358; x_wconf 84' lang='grc' dir='ltr'>κρά-</span> 
     </span>
    </p>
   </div>
   <div class='ocr_carea' id='block_1_40' title="bbox 188 2374 1772 2450">
    <p class='ocr_par' dir='ltr' id='par_1_40' title="bbox 188 2374 1772 2450">
     <span class='ocr_line' id='line_1_40' title="bbox 188 2374 1772 2450; baseline -0.001 -20"><span class='ocrx_word' id='word_1_290' title='bbox 188 2394 348 2430; x_wconf 85' lang='grc' dir='ltr'>τιστα</span> <span class='ocrx_word' id='word_1_291' title='bbox 397 2376 490 2429; x_wconf 69' lang='grc' dir='ltr'>ἐπὶ</span> <span class='ocrx_word' id='word_1_292' title='bbox 540 2376 791 2429; x_wconf 81' lang='grc' dir='ltr'>πλεῖστον</span> <span class='ocrx_word' id='word_1_293' title='bbox 844 2375 1034 2445; x_wconf 83' lang='grc' dir='ltr'>ὥσπερ</span> <span class='ocrx_word' id='word_1_294' title='bbox 1070 2374 1117 2405; x_wconf 87' lang='grc'><strong>⁷³</strong></span> <span class='ocrx_word' id='word_1_295' title='bbox 1160 2375 1275 2427; x_wconf 84' lang='grc' dir='ltr'>ἐστί</span> <span class='ocrx_word' id='word_1_296' title='bbox 1324 2394 1417 2443; x_wconf 85' lang='grc' dir='ltr'><strong>μοι</strong></span> <span class='ocrx_word' id='word_1_297' title='bbox 1467 2376 1772 2450; x_wconf 81' lang='grc' dir='ltr'>βουλομένῳ</span> 
     </span>
    </p>
   </div>
   <div class='ocr_carea' id='block_1_41' title="bbox 189 2462 1771 2540">
    <p class='ocr_par' dir='ltr' id='par_1_41' title="bbox 189 2462 1771 2540">
     <span class='ocr_line' id='line_1_41' title="bbox 189 2462 1771 2540; baseline 0.001 -18"><span class='ocrx_word' id='word_1_298' title='bbox 189 2472 478 2540; x_wconf 78' lang='grc' dir='ltr'>κοσμεῖται</span> <span class='ocrx_word' id='word_1_299' title='bbox 500 2469 565 2534; x_wconf 68' lang='grc'>⁷⁸,</span> <span class='ocrx_word' id='word_1_300' title='bbox 598 2468 680 2520; x_wconf 89' lang='grc' dir='ltr'><strong>σοί</strong></span> <span class='ocrx_word' id='word_1_301' title='bbox 716 2485 776 2520; x_wconf 90' lang='grc' dir='ltr'><strong>τε</strong></span> <span class='ocrx_word' id='word_1_302' title='bbox 808 2462 899 2521; x_wconf 75' lang='grc' dir='ltr'><strong>οὖν</strong></span> <span class='ocrx_word' id='word_1_303' title='bbox 926 2466 1002 2527; x_wconf 84' lang='grc' dir='ltr'>ὡς</span> <span class='ocrx_word' id='word_1_304' title='bbox 1027 2467 1108 2519; x_wconf 72' lang='grc' dir='ltr'>ὅτι</span> <span class='ocrx_word' id='word_1_305' title='bbox 1139 2467 1420 2529; x_wconf 64' lang='grc' dir='ltr'>κάλλιστα,</span> <span class='ocrx_word' id='word_1_306' title='bbox 1454 2470 1681 2534; x_wconf 80' lang='grc' dir='ltr'>ἐκείνοις</span> <span class='ocrx_word' id='word_1_307' title='bbox 1714 2490 1771 2525; x_wconf 86' lang='grc' dir='ltr'><strong>τε</strong></span> 
     </span>
    </p>
   </div>
   <div class='ocr_carea' id='block_1_42' title="bbox 187 2557 1772 2630">
    <p class='ocr_par' dir='ltr' id='par_1_42' title="bbox 187 2557 1772 2630">
     <span class='ocr_line' id='line_1_42' title="bbox 187 2557 1772 2630; baseline 0.003 -18"><span class='ocrx_word' id='word_1_308' title='bbox 187 2558 457 2622; x_wconf 75' lang='grc' dir='ltr'>ὡσαύτως</span> <span class='ocrx_word' id='word_1_309' title='bbox 495 2558 730 2630; x_wconf 78' lang='grc' dir='ltr'>ὑπάρχει</span> <span class='ocrx_word' id='word_1_310' title='bbox 756 2557 825 2611; x_wconf 75' lang='grc' dir='ltr'>τὰ</span> <span class='ocrx_word' id='word_1_311' title='bbox 862 2558 1152 2612; x_wconf 69' lang='grc' dir='ltr'>κάλλισται</span> <span class='ocrx_word' id='word_1_312' title='bbox 1205 2560 1286 2612; x_wconf 77' lang='grc' dir='ltr'>ὅτι</span> <span class='ocrx_word' id='word_1_313' title='bbox 1326 2562 1439 2613; x_wconf 84' lang='grc' dir='ltr'>ἐστί</span> <span class='ocrx_word' id='word_1_314' title='bbox 1478 2578 1557 2614; x_wconf 84' lang='grc' dir='ltr'><strong>σοι</strong></span> <span class='ocrx_word' id='word_1_315' title='bbox 1585 2562 1629 2593; x_wconf 81' lang='grc'><strong>⁷³</strong></span> <span class='ocrx_word' id='word_1_316' title='bbox 1672 2565 1772 2616; x_wconf 84' lang='grc' dir='ltr'><strong>κά·-</strong></span> 
     </span>
    </p>
   </div>
   <div class='ocr_carea' id='block_1_43' title="bbox 189 2652 1775 2723">
    <p class='ocr_par' dir='ltr' id='par_1_43' title="bbox 189 2652 1775 2723">
     <span class='ocr_line' id='line_1_43' title="bbox 189 2652 1775 2723; baseline 0.001 -15"><span class='ocrx_word' id='word_1_317' title='bbox 189 2656 417 2718; x_wconf 88' lang='grc' dir='ltr'>κείνοις.</span> <span class='ocrx_word' id='word_1_318' title='bbox 459 2654 646 2717; x_wconf 69' lang='grc' dir='ltr'>Οὕτως</span> <span class='ocrx_word' id='word_1_319' title='bbox 680 2652 873 2723; x_wconf 68' lang='grc' dir='ltr'><strong>γοῦνη</strong></span> <span class='ocrx_word' id='word_1_320' title='bbox 917 2654 1059 2719; x_wconf 79' lang='grc' dir='ltr'>ἕξεις</span> <span class='ocrx_word' id='word_1_321' title='bbox 1105 2655 1193 2707; x_wconf 73' lang='grc' dir='ltr'><strong>τὸν</strong></span> <span class='ocrx_word' id='word_1_322' title='bbox 1262 2656 1368 2707; x_wconf 83' lang='grc' dir='ltr'><strong>τῶν</strong></span> <span class='ocrx_word' id='word_1_323' title='bbox 1400 2655 1535 2708; x_wconf 75' lang='grc' dir='ltr'>ὅλων</span> <span class='ocrx_word' id='word_1_324' title='bbox 1574 2658 1775 2710; x_wconf 72' lang='grc' dir='ltr'>Δεσπό-</span> 
     </span>
    </p>
   </div>
   <div class='ocr_carea' id='block_1_44' title="bbox 188 2746 1775 2820">
    <p class='ocr_par' dir='ltr' id='par_1_44' title="bbox 188 2746 1775 2820">
     <span class='ocr_line' id='line_1_44' title="bbox 188 2746 1775 2820; baseline 0.001 -20"><span class='ocrx_word' id='word_1_325' title='bbox 188 2764 291 2816; x_wconf 80' lang='grc' dir='ltr'><strong>την</strong></span> <span class='ocrx_word' id='word_1_326' title='bbox 321 2749 561 2819; x_wconf 61' lang='grc' dir='ltr'><strong>πρίων⁷</strong></span> <span class='ocrx_word' id='word_1_327' title='bbox 597 2747 724 2799; x_wconf 83' lang='grc' dir='ltr'>ἵλεώ</span> <span class='ocrx_word' id='word_1_328' title='bbox 760 2764 814 2799; x_wconf 91' lang='grc' dir='ltr'><strong>τε</strong></span> <span class='ocrx_word' id='word_1_329' title='bbox 843 2746 887 2777; x_wconf 75' lang='grc'>’⁸</span> <span class='ocrx_word' id='word_1_330' title='bbox 926 2748 1019 2799; x_wconf 73' lang='grc' dir='ltr'><strong>καὶ</strong></span> <span class='ocrx_word' id='word_1_331' title='bbox 1052 2747 1273 2817; x_wconf 70' lang='grc' dir='ltr'>εὐμενῆ.</span> <span class='ocrx_word' id='word_1_332' title='bbox 1307 2747 1541 2811; x_wconf 77' lang='grc' dir='ltr'>Τούτους</span> <span class='ocrx_word' id='word_1_333' title='bbox 1566 2766 1775 2820; x_wconf 83' lang='grc' dir='ltr'>τοιγαρ-</span> 
     </span>
    </p>
   </div>
   <div class='ocr_carea' id='block_1_45' title="bbox 190 2834 1775 2911">
    <p class='ocr_par' dir='ltr' id='par_1_45' title="bbox 190 2834 1775 2911">
     <span class='ocr_line' id='line_1_45' title="bbox 190 2834 1775 2911; baseline 0.002 -19"><span class='ocrx_word' id='word_1_334' title='bbox 190 2840 307 2902; x_wconf 73' lang='grc' dir='ltr'>οῦν,</span> <span class='ocrx_word' id='word_1_335' title='bbox 363 2839 553 2909; x_wconf 82' lang='grc' dir='ltr'>ἐπειδὴ</span> <span class='ocrx_word' id='word_1_336' title='bbox 610 2838 860 2903; x_wconf 72' lang='grc' dir='ltr'>τοσοῦτος</span> <span class='ocrx_word' id='word_1_337' title='bbox 932 2834 1001 2902; x_wconf 76' lang='grc' dir='ltr'><strong>εἴ,</strong></span> <span class='ocrx_word' id='word_1_338' title='bbox 1072 2841 1155 2892; x_wconf 71' lang='grc' dir='ltr'><strong>σοὶ</strong></span> <span class='ocrx_word' id='word_1_339' title='bbox 1213 2841 1598 2911; x_wconf 61' lang='grc' dir='ltr'>παρατίθεμαι,</span> <span class='ocrx_word' id='word_1_340' title='bbox 1652 2842 1775 2905; x_wconf 78' lang='grc' dir='ltr'>τοὺς</span> 
     </span>
    </p>
   </div>
   <div class='ocr_carea' id='block_1_46' title="bbox 192 2928 1770 3002">
    <p class='ocr_par' dir='ltr' id='par_1_46' title="bbox 192 2928 1770 3002">
     <span class='ocr_line' id='line_1_46' title="bbox 192 2928 1770 3002; baseline 0.001 -19"><span class='ocrx_word' id='word_1_341' title='bbox 192 2931 394 2993; x_wconf 73' lang='grc' dir='ltr'>αὐτοὺς</span> <span class='ocrx_word' id='word_1_342' title='bbox 433 2929 678 2992; x_wconf 77' lang='grc' dir='ltr'>τούτους,</span> <span class='ocrx_word' id='word_1_343' title='bbox 728 2932 811 2984; x_wconf 81' lang='grc' dir='ltr'>ὅτι</span> <span class='ocrx_word' id='word_1_344' title='bbox 852 2932 943 2983; x_wconf 72' lang='grc' dir='ltr'><strong>καὶ</strong></span> <span class='ocrx_word' id='word_1_345' title='bbox 979 2929 1229 3002; x_wconf 64' lang='grc' dir='ltr'>εὐσεϐείᾳ</span> <span class='ocrx_word' id='word_1_346' title='bbox 1262 2932 1532 3000; x_wconf 75' lang='grc' dir='ltr'>ἐπίσημος</span> <span class='ocrx_word' id='word_1_347' title='bbox 1570 2928 1640 2997; x_wconf 85' lang='grc' dir='ltr'>εἷ,</span> <span class='ocrx_word' id='word_1_348' title='bbox 1678 2934 1770 3000; x_wconf 79' lang='grc' dir='ltr'><strong>ἐγ·-</strong></span> 
     </span>
    </p>
   </div>
   <div class='ocr_carea' id='block_1_47' title="bbox 192 3020 1773 3092">
    <p class='ocr_par' dir='ltr' id='par_1_47' title="bbox 192 3020 1773 3092">
     <span class='ocr_line' id='line_1_47' title="bbox 192 3020 1773 3092; baseline 0.001 -19"><span class='ocrx_word' id='word_1_349' title='bbox 192 3020 421 3090; x_wconf 76' lang='grc' dir='ltr'>χειρίζω</span> <span class='ocrx_word' id='word_1_350' title='bbox 440 3022 507 3072; x_wconf 75' lang='grc' dir='ltr'><strong>τ’.</strong></span> <span class='ocrx_word' id='word_1_351' title='bbox 684 3020 916 3086; x_wconf 72' lang='grc' dir='ltr'>Τούτους</span> <span class='ocrx_word' id='word_1_352' title='bbox 944 3023 1132 3089; x_wconf 76' lang='grc' dir='ltr'>ἀγάττα</span> <span class='ocrx_word' id='word_1_353' title='bbox 1186 3023 1457 3092; x_wconf 80' lang='grc' dir='ltr'>ἁρμοδίως</span> <span class='ocrx_word' id='word_1_354' title='bbox 1488 3022 1584 3092; x_wconf 83' lang='grc' dir='ltr'><strong>τῆς</strong></span> <span class='ocrx_word' id='word_1_355' title='bbox 1612 3022 1773 3075; x_wconf 79' lang='grc' dir='ltr'>αὑτοῦ</span> 
     </span>
    </p>
   </div>
   <div class='ocr_carea' id='block_1_48' title="bbox 1876 1988 3465 2069">
    <p class='ocr_par' dir='ltr' id='par_1_48' title="bbox 1876 1988 3465 2069">
     <span class='ocr_line' id='line_1_48' title="bbox 1876 1988 3465 2069; baseline -0.009 -16"><span class='ocrx_word' id='word_1_356' title='bbox 1876 2015 1959 2055; x_wconf 90' lang='lat' dir='ltr'><strong>me</strong></span> <span class='ocrx_word' id='word_1_357' title='bbox 2023 2000 2303 2069; x_wconf 80' lang='lat' dir='ltr'><strong>voluptate</strong></span> <span class='ocrx_word' id='word_1_358' title='bbox 2385 1994 2520 2049; x_wconf 77' lang='lat' dir='ltr'><strong>aﬂici</strong></span> <span class='ocrx_word' id='word_1_359' title='bbox 2603 1993 2929 2047; x_wconf 65' lang='lat' dir='ltr'><strong>existimas?</strong></span> <span class='ocrx_word' id='word_1_360' title='bbox 3009 1989 3213 2045; x_wconf 87' lang='lat' dir='ltr'><strong>Tecum</strong></span> <span class='ocrx_word' id='word_1_361' title='bbox 3299 1988 3465 2059; x_wconf 81' lang='lat' dir='ltr'><strong>igitur</strong></span> 
     </span>
    </p>
   </div>
   <div class='ocr_carea' id='block_1_49' title="bbox 1872 2080 3465 2161">
    <p class='ocr_par' dir='ltr' id='par_1_49' title="bbox 1872 2080 3465 2161">
     <span class='ocr_line' id='line_1_49' title="bbox 1872 2080 3465 2161; baseline -0.008 -15"><span class='ocrx_word' id='word_1_362' title='bbox 1872 2092 2079 2161; x_wconf 86' lang='lat' dir='ltr'><strong>optime</strong></span> <span class='ocrx_word' id='word_1_363' title='bbox 2109 2098 2162 2146; x_wconf 91' lang='lat' dir='ltr'><strong>et</strong></span> <span class='ocrx_word' id='word_1_364' title='bbox 2191 2104 2316 2145; x_wconf 90' lang='lat' dir='ltr'><strong>cum</strong></span> <span class='ocrx_word' id='word_1_365' title='bbox 2354 2088 2467 2142; x_wconf 88' lang='lat' dir='ltr'><strong>illis</strong></span> <span class='ocrx_word' id='word_1_366' title='bbox 2494 2083 2753 2142; x_wconf 85' lang='lat' dir='ltr'><strong>similiter</strong></span> <span class='ocrx_word' id='word_1_367' title='bbox 2810 2084 3018 2154; x_wconf 89' lang='lat' dir='ltr'><strong>optime</strong></span> <span class='ocrx_word' id='word_1_368' title='bbox 3050 2086 3231 2153; x_wconf 89' lang='lat' dir='ltr'><strong>agitur</strong></span> <span class='ocrx_word' id='word_1_369' title='bbox 3263 2100 3274 2135; x_wconf 91' lang='lat'>:</span> <span class='ocrx_word' id='word_1_370' title='bbox 3317 2080 3465 2151; x_wconf 89' lang='lat' dir='ltr'><strong>quod</strong></span> 
     </span>
    </p>
   </div>
   <div class='ocr_carea' id='block_1_50' title="bbox 1874 2174 3463 2250">
    <p class='ocr_par' dir='ltr' id='par_1_50' title="bbox 1874 2174 3463 2250">
     <span class='ocr_line' id='line_1_50' title="bbox 1874 2174 3463 2250; baseline -0.008 -13"><span class='ocrx_word' id='word_1_371' title='bbox 1874 2185 1971 2239; x_wconf 89' lang='lat' dir='ltr'><strong>tibi</strong></span> <span class='ocrx_word' id='word_1_372' title='bbox 2024 2186 2163 2238; x_wconf 86' lang='lat' dir='ltr'><strong>bene</strong></span> <span class='ocrx_word' id='word_1_373' title='bbox 2218 2189 2331 2245; x_wconf 88' lang='lat' dir='ltr'><strong>est,</strong></span> <span class='ocrx_word' id='word_1_374' title='bbox 2370 2179 2537 2250; x_wconf 73' lang='lat'><strong>812</strong></span> <span class='ocrx_word' id='word_1_375' title='bbox 2567 2178 2731 2232; x_wconf 87' lang='lat' dir='ltr'><strong>etiam</strong></span> <span class='ocrx_word' id='word_1_376' title='bbox 2774 2177 2904 2231; x_wconf 89' lang='lat' dir='ltr'><strong>illis.</strong></span> <span class='ocrx_word' id='word_1_377' title='bbox 2963 2174 3056 2229; x_wconf 84' lang='lat' dir='ltr'><strong>Sic</strong></span> <span class='ocrx_word' id='word_1_378' title='bbox 3102 2174 3247 2229; x_wconf 90' lang='lat' dir='ltr'><strong>enim</strong></span> <span class='ocrx_word' id='word_1_379' title='bbox 3282 2186 3463 2227; x_wconf 90' lang='lat' dir='ltr'><strong>rerum</strong></span> 
     </span>
    </p>
   </div>
   <div class='ocr_carea' id='block_1_51' title="bbox 1873 2265 3468 2339">
    <p class='ocr_par' dir='ltr' id='par_1_51' title="bbox 1873 2265 3468 2339">
     <span class='ocr_line' id='line_1_51' title="bbox 1873 2265 3468 2339; baseline -0.007 -9"><span class='ocrx_word' id='word_1_380' title='bbox 1873 2277 2117 2330; x_wconf 89' lang='lat' dir='ltr'><strong>omnium</strong></span> <span class='ocrx_word' id='word_1_381' title='bbox 2150 2272 2442 2327; x_wconf 84' lang='lat' dir='ltr'><strong>Dominum</strong></span> <span class='ocrx_word' id='word_1_382' title='bbox 2476 2271 2840 2333; x_wconf 87' lang='lat' dir='ltr'><strong>clementem,</strong></span> <span class='ocrx_word' id='word_1_383' title='bbox 2877 2268 3178 2339; x_wconf 89' lang='lat' dir='ltr'><strong>propitium</strong></span> <span class='ocrx_word' id='word_1_384' title='bbox 3211 2276 3265 2321; x_wconf 91' lang='lat' dir='ltr'><strong>et</strong></span> <span class='ocrx_word' id='word_1_385' title='bbox 3310 2265 3468 2319; x_wconf 86' lang='lat' dir='ltr'><strong>bene-</strong></span> 
     </span>
    </p>
   </div>
   <div class='ocr_carea' id='block_1_52' title="bbox 1873 2356 3462 2431">
    <p class='ocr_par' dir='ltr' id='par_1_52' title="bbox 1873 2356 3462 2431">
     <span class='ocr_line' id='line_1_52' title="bbox 1873 2356 3462 2431; baseline -0.004 -13"><span class='ocrx_word' id='word_1_386' title='bbox 1873 2369 2056 2421; x_wconf 86' lang='lat' dir='ltr'><strong>volum</strong></span> <span class='ocrx_word' id='word_1_387' title='bbox 2106 2367 2395 2421; x_wconf 88' lang='lat' dir='ltr'><strong>habiturus</strong></span> <span class='ocrx_word' id='word_1_388' title='bbox 2444 2378 2528 2419; x_wconf 88' lang='lat' dir='ltr'><strong>es.</strong></span> <span class='ocrx_word' id='word_1_389' title='bbox 2591 2360 2714 2415; x_wconf 87' lang='lat' dir='ltr'><strong>Tthi</strong></span> <span class='ocrx_word' id='word_1_390' title='bbox 2750 2376 2886 2431; x_wconf 83' lang='lat' dir='ltr'><strong>ego,</strong></span> <span class='ocrx_word' id='word_1_391' title='bbox 2935 2356 3080 2431; x_wconf 80' lang='lat' dir='ltr'><strong>quia</strong></span> <span class='ocrx_word' id='word_1_392' title='bbox 3144 2366 3333 2412; x_wconf 88' lang='lat' dir='ltr'><strong>tantus</strong></span> <span class='ocrx_word' id='word_1_393' title='bbox 3370 2371 3462 2419; x_wconf 85' lang='lat' dir='ltr'><strong>es.</strong></span> 
     </span>
    </p>
   </div>
   <div class='ocr_carea' id='block_1_53' title="bbox 1844 2450 3468 2543">
    <p class='ocr_par' dir='ltr' id='par_1_53' title="bbox 1844 2450 3468 2543">
     <span class='ocr_line' id='line_1_53' title="bbox 1844 2450 3468 2543; baseline -0.007 -29"><span class='ocrx_word' id='word_1_394' title='bbox 1844 2532 1845 2543; x_wconf 12' lang='grc' dir='ltr'>χ</span> <span class='ocrx_word' id='word_1_395' title='bbox 1875 2460 1973 2515; x_wconf 93' lang='lat' dir='ltr'><strong>hos</strong></span> <span class='ocrx_word' id='word_1_396' title='bbox 2004 2458 2286 2515; x_wconf 87' lang='lat' dir='ltr'><strong>committo</strong></span> <span class='ocrx_word' id='word_1_397' title='bbox 2310 2497 2324 2520; x_wconf 92' lang='lat'><strong>,</strong></span> <span class='ocrx_word' id='word_1_398' title='bbox 2369 2456 2589 2512; x_wconf 88' lang='lat' dir='ltr'><strong>eosdem</strong></span> <span class='ocrx_word' id='word_1_399' title='bbox 2624 2454 2803 2523; x_wconf 88' lang='lat' dir='ltr'><strong>ipsos,</strong></span> <span class='ocrx_word' id='word_1_400' title='bbox 2836 2454 2963 2523; x_wconf 88' lang='lat' dir='ltr'><strong>quia</strong></span> <span class='ocrx_word' id='word_1_401' title='bbox 3022 2454 3223 2523; x_wconf 89' lang='lat' dir='ltr'><strong>pietate</strong></span> <span class='ocrx_word' id='word_1_402' title='bbox 3285 2450 3468 2505; x_wconf 88' lang='lat' dir='ltr'><strong>clarus</strong></span> 
     </span>
    </p>
   </div>
   <div class='ocr_carea' id='block_1_54' title="bbox 1875 2546 3465 2615">
    <p class='ocr_par' dir='ltr' id='par_1_54' title="bbox 1875 2546 3465 2615">
     <span class='ocr_line' id='line_1_54' title="bbox 1875 2546 3465 2615; baseline -0.006 -10"><span class='ocrx_word' id='word_1_403' title='bbox 1875 2568 1963 2615; x_wconf 78' lang='lat' dir='ltr'><strong>es.</strong></span> <span class='ocrx_word' id='word_1_404' title='bbox 2025 2552 2078 2606; x_wconf 90' lang='lat' dir='ltr'><strong>in</strong></span> <span class='ocrx_word' id='word_1_405' title='bbox 2128 2565 2325 2605; x_wconf 89' lang='lat' dir='ltr'><strong>manus</strong></span> <span class='ocrx_word' id='word_1_406' title='bbox 2382 2549 2559 2603; x_wconf 88' lang='lat' dir='ltr'><strong>trado.</strong></span> <span class='ocrx_word' id='word_1_407' title='bbox 2616 2546 2729 2601; x_wconf 78' lang='lat' dir='ltr'><strong>llos</strong></span> <span class='ocrx_word' id='word_1_408' title='bbox 2784 2546 3113 2600; x_wconf 77' lang='lat' dir='ltr'><strong>humanitati</strong></span> <span class='ocrx_word' id='word_1_409' title='bbox 3170 2553 3277 2598; x_wconf 70' lang='lat' dir='ltr'><strong>tuae</strong></span> <span class='ocrx_word' id='word_1_410' title='bbox 3328 2556 3465 2597; x_wconf 83' lang='lat' dir='ltr'><strong>con-</strong></span> 
     </span>
    </p>
   </div>
   <div class='ocr_carea' id='block_1_55' title="bbox 1878 2638 3471 2715">
    <p class='ocr_par' dir='ltr' id='par_1_55' title="bbox 1878 2638 3471 2715">
     <span class='ocr_line' id='line_1_55' title="bbox 1878 2638 3471 2715; baseline -0.006 -19"><span class='ocrx_word' id='word_1_411' title='bbox 1878 2654 2139 2715; x_wconf 76' lang='lat' dir='ltr'><strong>gruenter</strong></span> <span class='ocrx_word' id='word_1_412' title='bbox 2173 2659 2317 2697; x_wconf 90' lang='lat' dir='ltr'><strong>ama.</strong></span> <span class='ocrx_word' id='word_1_413' title='bbox 2355 2644 2691 2696; x_wconf 86' lang='lat' dir='ltr'><strong>Immensum</strong></span> <span class='ocrx_word' id='word_1_414' title='bbox 2727 2640 2875 2695; x_wconf 91' lang='lat' dir='ltr'><strong>enim</strong></span> <span class='ocrx_word' id='word_1_415' title='bbox 2908 2639 3006 2693; x_wconf 90' lang='lat' dir='ltr'><strong>tibi</strong></span> <span class='ocrx_word' id='word_1_416' title='bbox 3063 2638 3336 2707; x_wconf 89' lang='lat' dir='ltr'><strong>nobisque</strong></span> <span class='ocrx_word' id='word_1_417' title='bbox 3372 2650 3471 2705; x_wconf 88' lang='lat' dir='ltr'><strong>per</strong></span> 
     </span>
    </p>
   </div>
   <div class='ocr_carea' id='block_1_56' title="bbox 1876 2728 3467 2804">
    <p class='ocr_par' dir='ltr' id='par_1_56' title="bbox 1876 2728 3467 2804">
     <span class='ocr_line' id='line_1_56' title="bbox 1876 2728 3467 2804; baseline -0.007 -12"><span class='ocrx_word' id='word_1_418' title='bbox 1876 2740 2036 2792; x_wconf 83' lang='lat' dir='ltr'><strong>tidem</strong></span> <span class='ocrx_word' id='word_1_419' title='bbox 2068 2736 2397 2792; x_wconf 82' lang='lat' dir='ltr'><strong>beneﬁcium</strong></span> <span class='ocrx_word' id='word_1_420' title='bbox 2425 2734 2737 2804; x_wconf 67' lang='lat' dir='ltr'><strong>praestabis.</strong></span> <span class='ocrx_word' id='word_1_421' title='bbox 2760 2752 2778 2784; x_wconf 73' lang='grc' dir='ltr'><strong><em>ι</em></strong></span> <span class='ocrx_word' id='word_1_422' title='bbox 2807 2732 3043 2786; x_wconf 89' lang='lat' dir='ltr'><strong>Tantam</strong></span> <span class='ocrx_word' id='word_1_423' title='bbox 3069 2731 3341 2791; x_wconf 88' lang='lat' dir='ltr'><strong>omnium,</strong></span> <span class='ocrx_word' id='word_1_424' title='bbox 3372 2728 3467 2798; x_wconf 89' lang='lat' dir='ltr'><strong>qui</strong></span> 
     </span>
    </p>
   </div>
   <div class='ocr_carea' id='block_1_57' title="bbox 1875 2824 3467 2903">
    <p class='ocr_par' dir='ltr' id='par_1_57' title="bbox 1875 2824 3467 2903">
     <span class='ocr_line' id='line_1_57' title="bbox 1875 2824 3467 2903; baseline -0.005 -19"><span class='ocrx_word' id='word_1_425' title='bbox 1875 2832 2077 2903; x_wconf 90' lang='lat' dir='ltr'><strong>pietate</strong></span> <span class='ocrx_word' id='word_1_426' title='bbox 2128 2830 2311 2895; x_wconf 83' lang='lat' dir='ltr'><strong>ornati</strong></span> <span class='ocrx_word' id='word_1_427' title='bbox 2346 2834 2535 2883; x_wconf 86' lang='lat' dir='ltr'><strong>essent</strong></span> <span class='ocrx_word' id='word_1_428' title='bbox 2561 2867 2574 2888; x_wconf 94' lang='lat'><strong>,</strong></span> <span class='ocrx_word' id='word_1_429' title='bbox 2612 2840 2804 2879; x_wconf 90' lang='lat' dir='ltr'><strong>curam</strong></span> <span class='ocrx_word' id='word_1_430' title='bbox 2844 2824 3069 2895; x_wconf 81' lang='lat' dir='ltr'><strong>gerebat</strong></span> <span class='ocrx_word' id='word_1_431' title='bbox 3121 2825 3467 2893; x_wconf 69' lang='lat' dir='ltr'><strong>prazstantis-</strong></span> 
     </span>
    </p>
   </div>
   <div class='ocr_carea' id='block_1_58' title="bbox 1874 2917 3466 2993">
    <p class='ocr_par' dir='ltr' id='par_1_58' title="bbox 1874 2917 3466 2993">
     <span class='ocr_line' id='line_1_58' title="bbox 1874 2917 3466 2993; baseline -0.006 -16"><span class='ocrx_word' id='word_1_432' title='bbox 1874 2925 2048 2979; x_wconf 87' lang='lat' dir='ltr'><strong>simus</strong></span> <span class='ocrx_word' id='word_1_433' title='bbox 2078 2926 2399 2993; x_wconf 89' lang='lat' dir='ltr'><strong>imperator,</strong></span> <span class='ocrx_word' id='word_1_434' title='bbox 2439 2930 2496 2975; x_wconf 89' lang='lat' dir='ltr'><strong>ut</strong></span> <span class='ocrx_word' id='word_1_435' title='bbox 2530 2936 2640 2974; x_wconf 89' lang='lat' dir='ltr'><strong>non</strong></span> <span class='ocrx_word' id='word_1_436' title='bbox 2676 2920 2794 2974; x_wconf 90' lang='lat' dir='ltr'><strong>suis</strong></span> <span class='ocrx_word' id='word_1_437' title='bbox 2822 2927 3030 2973; x_wconf 90' lang='lat' dir='ltr'><strong>tantum</strong></span> <span class='ocrx_word' id='word_1_438' title='bbox 3065 2917 3299 2973; x_wconf 89' lang='lat' dir='ltr'><strong>subditis</strong></span> <span class='ocrx_word' id='word_1_439' title='bbox 3330 2931 3466 2971; x_wconf 75' lang='lat' dir='ltr'><strong>cor.-</strong></span> 
     </span>
    </p>
   </div>
   <div class='ocr_carea' id='block_1_59' title="bbox 1877 3009 3467 3080">
    <p class='ocr_par' dir='ltr' id='par_1_59' title="bbox 1877 3009 3467 3080">
     <span class='ocr_line' id='line_1_59' title="bbox 1877 3009 3467 3080; baseline -0.008 -8"><span class='ocrx_word' id='word_1_440' title='bbox 1877 3016 2080 3072; x_wconf 88' lang='lat' dir='ltr'><strong>sulcrct</strong></span> <span class='ocrx_word' id='word_1_441' title='bbox 2109 3056 2121 3077; x_wconf 87' lang='lat'><strong>,</strong></span> <span class='ocrx_word' id='word_1_442' title='bbox 2161 3014 2253 3071; x_wconf 88' lang='lat' dir='ltr'><strong>sed</strong></span> <span class='ocrx_word' id='word_1_443' title='bbox 2286 3015 2393 3069; x_wconf 88' lang='lat' dir='ltr'><strong>illis</strong></span> <span class='ocrx_word' id='word_1_444' title='bbox 2416 3014 2579 3067; x_wconf 90' lang='lat' dir='ltr'><strong>etiam</strong></span> <span class='ocrx_word' id='word_1_445' title='bbox 2610 3012 2703 3079; x_wconf 90' lang='lat' dir='ltr'><strong>qui</strong></span> <span class='ocrx_word' id='word_1_446' title='bbox 2734 3012 2915 3065; x_wconf 92' lang='lat' dir='ltr'><strong>alieno</strong></span> <span class='ocrx_word' id='word_1_447' title='bbox 2945 3010 3213 3080; x_wconf 86' lang='lat' dir='ltr'><strong>parebant</strong></span> <span class='ocrx_word' id='word_1_448' title='bbox 3235 3009 3467 3079; x_wconf 88' lang='lat' dir='ltr'><strong>imperio</strong></span> 
     </span>
    </p>
   </div>
   <div class='ocr_carea' id='block_1_60' title="bbox 193 3086 1771 3187">
    <p class='ocr_par' dir='ltr' id='par_1_60' title="bbox 193 3086 1771 3187">
     <span class='ocr_line' id='line_1_60' title="bbox 193 3086 1771 3187; baseline 0.003 -23"><span class='ocrx_word' id='word_1_449' title='bbox 193 3086 609 3184; x_wconf 52' lang='lat' dir='ltr'><strong>ipsiuvﬁpwﬂfa;</strong></span> <span class='ocrx_word' id='word_1_450' title='bbox 630 3086 695 3167; x_wconf 60' lang='grc' dir='ltr'><strong>ίθ.</strong></span> <span class='ocrx_word' id='word_1_451' title='bbox 730 3114 920 3185; x_wconf 80' lang='grc' dir='ltr'>Σαυτῷ</span> <span class='ocrx_word' id='word_1_452' title='bbox 950 3086 1002 3144; x_wconf 26' lang='grc'><strong>⁸⁸-</strong></span> <span class='ocrx_word' id='word_1_453' title='bbox 1056 3133 1111 3167; x_wconf 87' lang='grc' dir='ltr'><strong>τε</strong></span> <span class='ocrx_word' id='word_1_454' title='bbox 1315 3115 1406 3168; x_wconf 78' lang='grc' dir='ltr'><strong>καὶ</strong></span> <span class='ocrx_word' id='word_1_455' title='bbox 1430 3086 1559 3185; x_wconf 81' lang='grc' dir='ltr'>ἡμῖν</span> <span class='ocrx_word' id='word_1_456' title='bbox 1587 3116 1771 3185; x_wconf 86' lang='grc' dir='ltr'>ἀπερί-</span> 
     </span>
    </p>
   </div>
   <div class='ocr_carea' id='block_1_61' title="bbox 1872 3086 3469 3187">
    <p class='ocr_par' dir='ltr' id='par_1_61' title="bbox 1878 3086 3469 3179">
     <span class='ocr_line' id='line_1_61' title="bbox 1878 3086 3469 3179; baseline -0.003 -17"><span class='ocrx_word' id='word_1_457' title='bbox 1878 3124 1978 3179; x_wconf 92' lang='lat' dir='ltr'><strong>pro</strong></span> <span class='ocrx_word' id='word_1_458' title='bbox 2023 3108 2237 3162; x_wconf 74' lang='lat' dir='ltr'><strong>viribus</strong></span> <span class='ocrx_word' id='word_1_459' title='bbox 2280 3086 2626 3177; x_wconf 51' lang='lat' dir='ltr'><strong>provideret.</strong></span> <span class='ocrx_word' id='word_1_460' title='bbox 2661 3104 2815 3157; x_wconf 84' lang='lat' dir='ltr'><strong>Hanc</strong></span> <span class='ocrx_word' id='word_1_461' title='bbox 2859 3104 2930 3156; x_wconf 93' lang='lat' dir='ltr'><strong>ob</strong></span> <span class='ocrx_word' id='word_1_462' title='bbox 2984 3117 3208 3157; x_wconf 86' lang='lat' dir='ltr'><strong>causam</strong></span> <span class='ocrx_word' id='word_1_463' title='bbox 3268 3109 3321 3157; x_wconf 92' lang='lat' dir='ltr'><strong>ct</strong></span> <span class='ocrx_word' id='word_1_464' title='bbox 3358 3102 3469 3157; x_wconf 79' lang='lat' dir='ltr'><strong>Deo</strong></span> 
     </span>
    </p>
   </div>
   <div class='ocr_carea' id='block_1_62' title="bbox 191 3190 1771 3299">
    <p class='ocr_par' dir='ltr' id='par_1_62' title="bbox 191 3190 1771 3275">
     <span class='ocr_line' id='line_1_62' title="bbox 191 3190 1771 3275; baseline 0.003 -20"><span class='ocrx_word' id='word_1_465' title='bbox 191 3220 439 3273; x_wconf 76' lang='grc' dir='ltr'>τραπτον</span> <span class='ocrx_word' id='word_1_466' title='bbox 453 3190 644 3269; x_wconf 74' lang='grc' dir='ltr'>δώσεις</span> <span class='ocrx_word' id='word_1_467' title='bbox 665 3204 752 3257; x_wconf 75' lang='grc' dir='ltr'>διὰ</span> <span class='ocrx_word' id='word_1_468' title='bbox 779 3205 875 3273; x_wconf 82' lang='grc' dir='ltr'>τῆς</span> <span class='ocrx_word' id='word_1_469' title='bbox 898 3204 1128 3268; x_wconf 74' lang='grc' dir='ltr'>πίστεως</span> <span class='ocrx_word' id='word_1_470' title='bbox 1147 3204 1241 3274; x_wconf 78' lang='grc' dir='ltr'><strong>τὴν</strong></span> <span class='ocrx_word' id='word_1_471' title='bbox 1264 3206 1441 3275; x_wconf 69' lang='grc' dir='ltr'>χάριν.</span> <span class='ocrx_word' id='word_1_472' title='bbox 1459 3229 1474 3256; x_wconf 70' lang='grc' dir='ltr'><strong>ν</strong></span> <span class='ocrx_word' id='word_1_473' title='bbox 1491 3206 1771 3275; x_wconf 80' lang='grc' dir='ltr'>Τοσαύτην</span> 
     </span>
    </p>
   </div>
   <div class='ocr_carea' id='block_1_63' title="bbox 1872 3190 3465 3299">
    <p class='ocr_par' dir='ltr' id='par_1_63' title="bbox 1878 3190 3465 3271">
     <span class='ocr_line' id='line_1_63' title="bbox 1878 3190 3465 3271; baseline -0.004 -17"><span class='ocrx_word' id='word_1_474' title='bbox 1878 3201 1995 3271; x_wconf 90' lang='lat' dir='ltr'><strong>ipse</strong></span> <span class='ocrx_word' id='word_1_475' title='bbox 2024 3216 2174 3255; x_wconf 71' lang='lat' dir='ltr'><strong>cura:</strong></span> <span class='ocrx_word' id='word_1_476' title='bbox 2211 3198 2357 3266; x_wconf 85' lang='lat' dir='ltr'><strong>fuit,</strong></span> <span class='ocrx_word' id='word_1_477' title='bbox 2387 3206 2596 3253; x_wconf 91' lang='lat' dir='ltr'><strong>etcum</strong></span> <span class='ocrx_word' id='word_1_478' title='bbox 2633 3196 2863 3265; x_wconf 72' lang='lat' dir='ltr'><strong>Europm</strong></span> <span class='ocrx_word' id='word_1_479' title='bbox 2889 3196 3061 3250; x_wconf 82' lang='lat' dir='ltr'><strong>totius</strong></span> <span class='ocrx_word' id='word_1_480' title='bbox 3089 3237 3102 3257; x_wconf 95' lang='lat'><strong>,</strong></span> <span class='ocrx_word' id='word_1_481' title='bbox 3133 3203 3187 3250; x_wconf 91' lang='lat' dir='ltr'><strong>et</strong></span> <span class='ocrx_word' id='word_1_482' title='bbox 3222 3190 3465 3267; x_wconf 64' lang='lat' dir='ltr'><strong>Africat,</strong></span> 
     </span>
    </p>
   </div>
   <div class='ocr_carea' id='block_1_64' title="bbox 191 3292 1771 3367">
    <p class='ocr_par' dir='ltr' id='par_1_64' title="bbox 191 3292 1771 3367">
     <span class='ocr_line' id='line_1_64' title="bbox 191 3292 1771 3367; baseline 0.003 -23"><span class='ocrx_word' id='word_1_483' title='bbox 191 3292 220 3344; x_wconf 76' lang='grc' dir='ltr'><strong>ὁ</strong></span> <span class='ocrx_word' id='word_1_484' title='bbox 238 3292 425 3345; x_wconf 78' lang='grc' dir='ltr'>πάντα</span> <span class='ocrx_word' id='word_1_485' title='bbox 453 3293 675 3363; x_wconf 77' lang='grc' dir='ltr'>ἄριστος</span> <span class='ocrx_word' id='word_1_486' title='bbox 697 3293 951 3363; x_wconf 76' lang='grc' dir='ltr'>βασιλεὺς</span> <span class='ocrx_word' id='word_1_487' title='bbox 974 3293 1080 3347; x_wconf 79' lang='grc' dir='ltr'>τῶν</span> <span class='ocrx_word' id='word_1_488' title='bbox 1103 3294 1353 3365; x_wconf 73' lang='grc' dir='ltr'>εὐσεϐείᾳ</span> <span class='ocrx_word' id='word_1_489' title='bbox 1379 3296 1771 3367; x_wconf 77' lang='grc' dir='ltr'>κοσμουμένων</span> 
     </span>
    </p>
   </div>
   <div class='ocr_carea' id='block_1_65' title="bbox 193 3383 1771 3458">
    <p class='ocr_par' dir='ltr' id='par_1_65' title="bbox 193 3383 1771 3458">
     <span class='ocr_line' id='line_1_65' title="bbox 193 3383 1771 3458; baseline 0.002 -21"><span class='ocrx_word' id='word_1_490' title='bbox 193 3383 437 3438; x_wconf 68' lang='grc' dir='ltr'>ἐποιεῖτο</span> <span class='ocrx_word' id='word_1_491' title='bbox 470 3386 748 3456; x_wconf 83' lang='grc' dir='ltr'>φροντίδα,</span> <span class='ocrx_word' id='word_1_492' title='bbox 781 3387 839 3439; x_wconf 81' lang='grc' dir='ltr'><strong>οὐ</strong></span> <span class='ocrx_word' id='word_1_493' title='bbox 868 3386 1042 3456; x_wconf 77' lang='grc' dir='ltr'>μόνων</span> <span class='ocrx_word' id='word_1_494' title='bbox 1064 3386 1171 3439; x_wconf 83' lang='grc' dir='ltr'><strong>τῶν</strong></span> <span class='ocrx_word' id='word_1_495' title='bbox 1196 3386 1452 3457; x_wconf 75' lang='grc' dir='ltr'>ὑπηκόων</span> <span class='ocrx_word' id='word_1_496' title='bbox 1486 3388 1771 3458; x_wconf 69' lang='grc' dir='ltr'>ἐπιμελού-</span> 
     </span>
    </p>
   </div>
   <div class='ocr_carea' id='block_1_66' title="bbox 196 3476 1771 3549">
    <p class='ocr_par' dir='ltr' id='par_1_66' title="bbox 196 3476 1771 3549">
     <span class='ocr_line' id='line_1_66' title="bbox 196 3476 1771 3549; baseline 0.003 -20"><span class='ocrx_word' id='word_1_497' title='bbox 196 3494 379 3547; x_wconf 83' lang='grc' dir='ltr'>μενος,</span> <span class='ocrx_word' id='word_1_498' title='bbox 412 3476 549 3531; x_wconf 77' lang='grc' dir='ltr'><strong>ἀλλά</strong></span> <span class='ocrx_word' id='word_1_499' title='bbox 587 3478 681 3530; x_wconf 59' lang='grc' dir='ltr'><strong>καὶ⁵</strong></span> <span class='ocrx_word' id='word_1_500' title='bbox 718 3477 825 3532; x_wconf 82' lang='grc' dir='ltr'><strong>τῶν</strong></span> <span class='ocrx_word' id='word_1_501' title='bbox 858 3478 947 3547; x_wconf 73' lang='grc' dir='ltr'><strong>ὑφ’</strong></span> <span class='ocrx_word' id='word_1_502' title='bbox 974 3478 1136 3549; x_wconf 76' lang='grc' dir='ltr'>ἕτερα</span> <span class='ocrx_word' id='word_1_503' title='bbox 1178 3478 1433 3549; x_wconf 81' lang='grc' dir='ltr'>σκῆπτρα</span> <span class='ocrx_word' id='word_1_504' title='bbox 1472 3480 1771 3533; x_wconf 71' lang='grc' dir='ltr'>τελούντων</span> 
     </span>
    </p>
   </div>
   <div class='ocr_carea' id='block_1_67' title="bbox 194 3566 1773 3639">
    <p class='ocr_par' dir='ltr' id='par_1_67' title="bbox 194 3566 1773 3639">
     <span class='ocr_line' id='line_1_67' title="bbox 194 3566 1773 3639; baseline 0.004 -22"><span class='ocrx_word' id='word_1_505' title='bbox 194 3568 275 3628; x_wconf 85' lang='grc' dir='ltr'><strong>είς</strong></span> <span class='ocrx_word' id='word_1_506' title='bbox 302 3566 538 3637; x_wconf 80' lang='grc' dir='ltr'>δύναμιν</span> <span class='ocrx_word' id='word_1_507' title='bbox 568 3567 1043 3639; x_wconf 77' lang='grc' dir='ltr'>προμηθούμενος.</span> <span class='ocrx_word' id='word_1_508' title='bbox 1087 3569 1183 3622; x_wconf 79' lang='grc' dir='ltr'>Διά</span> <span class='ocrx_word' id='word_1_509' title='bbox 1212 3586 1293 3621; x_wconf 87' lang='grc' dir='ltr'><strong>τοι</strong></span> <span class='ocrx_word' id='word_1_510' title='bbox 1317 3569 1475 3622; x_wconf 75' lang='grc' dir='ltr'>τοῦτο</span> <span class='ocrx_word' id='word_1_511' title='bbox 1494 3571 1582 3622; x_wconf 75' lang='grc' dir='ltr'><strong>καὶ</strong></span> <span class='ocrx_word' id='word_1_512' title='bbox 1614 3571 1773 3633; x_wconf 62' lang='grc' dir='ltr'>αὑτὸς</span> 
     </span>
    </p>
   </div>
   <div class='ocr_carea' id='block_1_68' title="bbox 193 3654 1772 3732">
    <p class='ocr_par' dir='ltr' id='par_1_68' title="bbox 193 3654 1772 3732">
     <span class='ocr_line' id='line_1_68' title="bbox 193 3654 1772 3732; baseline 0.005 -25"><span class='ocrx_word' id='word_1_513' title='bbox 193 3657 290 3725; x_wconf 84' lang='grc' dir='ltr'><strong>τῆς</strong></span> <span class='ocrx_word' id='word_1_514' title='bbox 322 3654 471 3719; x_wconf 83' lang='grc' dir='ltr'>θείας</span> <span class='ocrx_word' id='word_1_515' title='bbox 499 3658 829 3727; x_wconf 81' lang='grc' dir='ltr'>κηδεμονίας</span> <span class='ocrx_word' id='word_1_516' title='bbox 854 3660 1122 3729; x_wconf 74' lang='grc' dir='ltr'>ἀπήλαυε,</span> <span class='ocrx_word' id='word_1_517' title='bbox 1156 3662 1249 3713; x_wconf 70' lang='grc' dir='ltr'><strong>καὶ</strong></span> <span class='ocrx_word' id='word_1_518' title='bbox 1277 3660 1376 3730; x_wconf 72' lang='grc' dir='ltr'>τῆς</span> <span class='ocrx_word' id='word_1_519' title='bbox 1411 3678 1467 3713; x_wconf 89' lang='grc' dir='ltr'><strong>τε</strong></span> <span class='ocrx_word' id='word_1_520' title='bbox 1506 3662 1772 3732; x_wconf 75' lang='grc' dir='ltr'>Εὐρώπης</span> 
     </span>
    </p>
   </div>
   <div class='ocr_carea' id='block_1_69' title="bbox 196 3750 1769 3822">
    <p class='ocr_par' dir='ltr' id='par_1_69' title="bbox 196 3750 1769 3822">
     <span class='ocr_line' id='line_1_69' title="bbox 196 3750 1769 3822; baseline 0.003 -21"><span class='ocrx_word' id='word_1_521' title='bbox 196 3750 556 3820; x_wconf 71' lang='grc' dir='ltr'>ἀπάσης,κα⁹ι</span> <span class='ocrx_word' id='word_1_522' title='bbox 582 3750 934 3821; x_wconf 76' lang='grc' dir='ltr'>τῆςΛιϐύης,</span> <span class='ocrx_word' id='word_1_523' title='bbox 976 3753 1112 3822; x_wconf 69' lang='grc' dir='ltr'>πρὸς</span> <span class='ocrx_word' id='word_1_524' title='bbox 1162 3752 1217 3805; x_wconf 87' lang='grc' dir='ltr'>δὲ</span> <span class='ocrx_word' id='word_1_525' title='bbox 1270 3752 1493 3815; x_wconf 80' lang='grc' dir='ltr'>ταύταις</span> <span class='ocrx_word' id='word_1_526' title='bbox 1544 3754 1638 3806; x_wconf 76' lang='grc' dir='ltr'><strong>καὶ</strong></span> <span class='ocrx_word' id='word_1_527' title='bbox 1680 3754 1769 3806; x_wconf 78' lang='grc' dir='ltr'>τοῦ</span> 
     </span>
    </p>
   </div>
   <div class='ocr_carea' id='block_1_70' title="bbox 194 3841 1772 3913">
    <p class='ocr_par' dir='ltr' id='par_1_70' title="bbox 194 3841 1772 3913">
     <span class='ocr_line' id='line_1_70' title="bbox 194 3841 1772 3913; baseline 0.002 -21"><span class='ocrx_word' id='word_1_528' title='bbox 194 3841 453 3893; x_wconf 73' lang='grc' dir='ltr'>πλείστου</span> <span class='ocrx_word' id='word_1_529' title='bbox 486 3842 583 3912; x_wconf 84' lang='grc' dir='ltr'>τῆς</span> <span class='ocrx_word' id='word_1_530' title='bbox 626 3842 811 3905; x_wconf 82' lang='grc' dir='ltr'>Ἀσίας</span> <span class='ocrx_word' id='word_1_531' title='bbox 849 3844 1095 3913; x_wconf 83' lang='grc' dir='ltr'>κατέχων</span> <span class='ocrx_word' id='word_1_532' title='bbox 1123 3843 1166 3873; x_wconf 84' lang='grc'>⁸¹</span> <span class='ocrx_word' id='word_1_533' title='bbox 1213 3844 1307 3906; x_wconf 88' lang='grc' dir='ltr'>τὰς</span> <span class='ocrx_word' id='word_1_534' title='bbox 1357 3844 1531 3913; x_wconf 80' lang='grc' dir='ltr'>ἡνίας,</span> <span class='ocrx_word' id='word_1_535' title='bbox 1585 3843 1772 3908; x_wconf 75' lang='grc' dir='ltr'>εὔνους</span> 
     </span>
    </p>
   </div>
   <div class='ocr_carea' id='block_1_71' title="bbox 194 3928 1773 4006">
    <p class='ocr_par' dir='ltr' id='par_1_71' title="bbox 194 3928 1773 4006">
     <span class='ocr_line' id='line_1_71' title="bbox 194 3928 1773 4006; baseline 0.003 -22"><span class='ocrx_word' id='word_1_536' title='bbox 194 3928 343 4003; x_wconf 76' lang='grc' dir='ltr'>εἶχεν</span> <span class='ocrx_word' id='word_1_537' title='bbox 374 3933 501 3995; x_wconf 80' lang='grc' dir='ltr'>τοὺς</span> <span class='ocrx_word' id='word_1_538' title='bbox 532 3933 887 4005; x_wconf 82' lang='grc' dir='ltr'>ἀρχομένους,</span> <span class='ocrx_word' id='word_1_539' title='bbox 920 3936 1013 3989; x_wconf 73' lang='grc' dir='ltr'>καὶ</span> <span class='ocrx_word' id='word_1_540' title='bbox 1046 3935 1121 4006; x_wconf 81' lang='grc' dir='ltr'><strong>τῷ</strong></span> <span class='ocrx_word' id='word_1_541' title='bbox 1166 3935 1368 4005; x_wconf 78' lang='grc' dir='ltr'>χαλινῷ</span> <span class='ocrx_word' id='word_1_542' title='bbox 1414 3934 1531 4005; x_wconf 83' lang='grc' dir='ltr'>μεθ’</span> <span class='ocrx_word' id='word_1_543' title='bbox 1582 3935 1773 4005; x_wconf 80' lang='grc' dir='ltr'>ἡδονῆς</span> 
     </span>
    </p>
   </div>
   <div class='ocr_carea' id='block_1_72' title="bbox 194 4024 1773 4097">
    <p class='ocr_par' dir='ltr' id='par_1_72' title="bbox 194 4024 1773 4097">
     <span class='ocr_line' id='line_1_72' title="bbox 194 4024 1773 4097; baseline 0.001 -20"><span class='ocrx_word' id='word_1_544' title='bbox 194 4024 577 4094; x_wconf 84' lang='grc' dir='ltr'>πειθομένους.</span> <span class='ocrx_word' id='word_1_545' title='bbox 608 4026 715 4078; x_wconf 75' lang='grc' dir='ltr'>Καὶ</span> <span class='ocrx_word' id='word_1_546' title='bbox 753 4027 851 4096; x_wconf 86' lang='grc' dir='ltr'>μὲν</span> <span class='ocrx_word' id='word_1_547' title='bbox 875 4026 938 4097; x_wconf 83' lang='grc' dir='ltr'>δὴ</span> <span class='ocrx_word' id='word_1_548' title='bbox 976 4028 1069 4079; x_wconf 73' lang='grc' dir='ltr'><strong>καὶ</strong></span> <span class='ocrx_word' id='word_1_549' title='bbox 1110 4026 1219 4079; x_wconf 83' lang='grc' dir='ltr'>τῶν</span> <span class='ocrx_word' id='word_1_550' title='bbox 1253 4026 1564 4097; x_wconf 73' lang='grc' dir='ltr'>βαρϐάρων,</span> <span class='ocrx_word' id='word_1_551' title='bbox 1599 4028 1647 4079; x_wconf 84' lang='grc' dir='ltr'>οἱ</span> <span class='ocrx_word' id='word_1_552' title='bbox 1678 4027 1773 4096; x_wconf 85' lang='grc' dir='ltr'><strong>μὲν</strong></span> 
     </span>
    </p>
   </div>
   <div class='ocr_carea' id='block_1_73' title="bbox 196 4114 1773 4188">
    <p class='ocr_par' dir='ltr' id='par_1_73' title="bbox 196 4114 1773 4188">
     <span class='ocr_line' id='line_1_73' title="bbox 196 4114 1773 4188; baseline 0.001 -19"><span class='ocrx_word' id='word_1_553' title='bbox 196 4117 417 4178; x_wconf 71' lang='grc' dir='ltr'>ἑκόντες</span> <span class='ocrx_word' id='word_1_554' title='bbox 451 4114 748 4180; x_wconf 73' lang='grc' dir='ltr'>ἐδούλευον,</span> <span class='ocrx_word' id='word_1_555' title='bbox 780 4119 827 4169; x_wconf 92' lang='grc' dir='ltr'>οἱ</span> <span class='ocrx_word' id='word_1_556' title='bbox 881 4117 935 4169; x_wconf 84' lang='grc' dir='ltr'>δὲ</span> <span class='ocrx_word' id='word_1_557' title='bbox 979 4117 1199 4187; x_wconf 79' lang='grc' dir='ltr'>πολέμῳ</span> <span class='ocrx_word' id='word_1_558' title='bbox 1241 4117 1619 4188; x_wconf 78' lang='grc' dir='ltr'>κρατούμενοι.</span> <span class='ocrx_word' id='word_1_559' title='bbox 1666 4118 1773 4172; x_wconf 72' lang='grc' dir='ltr'>Καὶ</span> 
     </span>
    </p>
   </div>
   <div class='ocr_carea' id='block_1_74' title="bbox 196 4206 1771 4279">
    <p class='ocr_par' dir='ltr' id='par_1_74' title="bbox 196 4206 1771 4279">
     <span class='ocr_line' id='line_1_74' title="bbox 196 4206 1771 4279; baseline 0.003 -20"><span class='ocrx_word' id='word_1_560' title='bbox 196 4206 479 4275; x_wconf 76' lang='grc' dir='ltr'>πανταχοῦ</span> <span class='ocrx_word' id='word_1_561' title='bbox 509 4207 747 4277; x_wconf 75' lang='grc' dir='ltr'>τρόπαια</span> <span class='ocrx_word' id='word_1_562' title='bbox 777 4208 980 4271; x_wconf 80' lang='grc' dir='ltr'>ἵστατο,</span> <span class='ocrx_word' id='word_1_563' title='bbox 1005 4208 1100 4261; x_wconf 77' lang='grc' dir='ltr'><strong>καὶ</strong></span> <span class='ocrx_word' id='word_1_564' title='bbox 1133 4210 1423 4279; x_wconf 77' lang='grc' dir='ltr'>νικηφόρος</span> <span class='ocrx_word' id='word_1_565' title='bbox 1449 4210 1476 4261; x_wconf 86' lang='grc' dir='ltr'>ὁ</span> <span class='ocrx_word' id='word_1_566' title='bbox 1516 4208 1771 4278; x_wconf 82' lang='grc' dir='ltr'>βασιλεὺς</span> 
     </span>
    </p>
   </div>
   <div class='ocr_carea' id='block_1_75' title="bbox 197 4282 1774 4371">
    <p class='ocr_par' dir='ltr' id='par_1_75' title="bbox 197 4282 1774 4371">
     <span class='ocr_line' id='line_1_75' title="bbox 197 4282 1774 4371; baseline 0.002 -20"><span class='ocrx_word' id='word_1_567' title='bbox 197 4297 564 4351; x_wconf 87' lang='grc' dir='ltr'>ἀνεδείκνυτο.</span> <span class='ocrx_word' id='word_1_568' title='bbox 610 4297 769 4350; x_wconf 78' lang='grc' dir='ltr'><strong>Ἀλλά</strong></span> <span class='ocrx_word' id='word_1_569' title='bbox 799 4299 969 4351; x_wconf 75' lang='grc' dir='ltr'>ταῦτα</span> <span class='ocrx_word' id='word_1_570' title='bbox 1012 4299 1108 4369; x_wconf 86' lang='grc' dir='ltr'>μὲν</span> <span class='ocrx_word' id='word_1_571' title='bbox 1138 4300 1231 4352; x_wconf 76' lang='grc' dir='ltr'><strong>καὶ</strong></span> <span class='ocrx_word' id='word_1_572' title='bbox 1270 4299 1447 4371; x_wconf 87' lang='grc' dir='ltr'>’ἐτεροι</span> <span class='ocrx_word' id='word_1_573' title='bbox 1476 4300 1562 4354; x_wconf 69' lang='grc' dir='ltr'>διὰ</span> <span class='ocrx_word' id='word_1_574' title='bbox 1596 4282 1774 4354; x_wconf 86' lang='grc' dir='ltr'>πλειό-</span> 
     </span>
    </p>
   </div>
   <div class='ocr_carea' id='block_1_76' title="bbox 197 4388 1775 4462">
    <p class='ocr_par' dir='ltr' id='par_1_76' title="bbox 197 4388 1775 4462">
     <span class='ocr_line' id='line_1_76' title="bbox 197 4388 1775 4462; baseline 0.003 -23"><span class='ocrx_word' id='word_1_575' title='bbox 197 4406 305 4440; x_wconf 90' lang='grc' dir='ltr'><strong>νων</strong></span> <span class='ocrx_word' id='word_1_576' title='bbox 337 4388 666 4459; x_wconf 73' lang='grc' dir='ltr'>εὐφήμησαν</span> <span class='ocrx_word' id='word_1_577' title='bbox 688 4404 701 4419; x_wconf 86' lang='grc'><strong>·</strong></span> <span class='ocrx_word' id='word_1_578' title='bbox 732 4388 888 4458; x_wconf 77' lang='grc' dir='ltr'>ἡμεῖς</span> <span class='ocrx_word' id='word_1_579' title='bbox 915 4388 970 4441; x_wconf 83' lang='grc' dir='ltr'>δὲ</span> <span class='ocrx_word' id='word_1_580' title='bbox 998 4389 1095 4460; x_wconf 86' lang='grc' dir='ltr'>τῆς</span> <span class='ocrx_word' id='word_1_581' title='bbox 1122 4390 1494 4461; x_wconf 76' lang='grc' dir='ltr'>προκειμένης</span> <span class='ocrx_word' id='word_1_582' title='bbox 1534 4392 1775 4462; x_wconf 79' lang='grc' dir='ltr'>ἱστορίας</span> 
     </span>
    </p>
   </div>
   <div class='ocr_carea' id='block_1_77' title="bbox 198 4475 1773 4552">
    <p class='ocr_par' dir='ltr' id='par_1_77' title="bbox 198 4475 1773 4552">
     <span class='ocr_line' id='line_1_77' title="bbox 198 4475 1773 4552; baseline 0.004 -21"><span class='ocrx_word' id='word_1_583' title='bbox 198 4478 482 4550; x_wconf 82' lang='grc' dir='ltr'>ἐχώμεθα.</span> <span class='ocrx_word' id='word_1_584' title='bbox 544 4480 604 4533; x_wconf 87' lang='lat'><strong>&#39;0</strong></span> <span class='ocrx_word' id='word_1_585' title='bbox 655 4480 754 4551; x_wconf 83' lang='grc' dir='ltr'>μὲν</span> <span class='ocrx_word' id='word_1_586' title='bbox 811 4475 903 4535; x_wconf 76' lang='grc' dir='ltr'>οὖν</span> <span class='ocrx_word' id='word_1_587' title='bbox 964 4481 1315 4552; x_wconf 63' lang='grc' dir='ltr'>πανεύφημος</span> <span class='ocrx_word' id='word_1_588' title='bbox 1373 4481 1624 4552; x_wconf 82' lang='grc' dir='ltr'>βασιλεὺς</span> <span class='ocrx_word' id='word_1_589' title='bbox 1675 4484 1773 4548; x_wconf 74' lang='grc' dir='ltr'>τὰς</span> 
     </span>
    </p>
   </div>
   <div class='ocr_carea' id='block_1_78' title="bbox 1880 3288 3469 3361">
    <p class='ocr_par' dir='ltr' id='par_1_78' title="bbox 1880 3288 3469 3361">
     <span class='ocr_line' id='line_1_78' title="bbox 1880 3288 3469 3361; baseline -0.003 -16"><span class='ocrx_word' id='word_1_590' title='bbox 1880 3293 2239 3361; x_wconf 65' lang='lat' dir='ltr'><strong>maximaeque</strong></span> <span class='ocrx_word' id='word_1_591' title='bbox 2271 3292 2415 3347; x_wconf 74' lang='lat' dir='ltr'><strong>Asim</strong></span> <span class='ocrx_word' id='word_1_592' title='bbox 2452 3291 2623 3361; x_wconf 92' lang='lat' dir='ltr'><strong>partis</strong></span> <span class='ocrx_word' id='word_1_593' title='bbox 2654 3289 2900 3343; x_wconf 88' lang='lat' dir='ltr'><strong>habenas</strong></span> <span class='ocrx_word' id='word_1_594' title='bbox 2936 3297 3187 3358; x_wconf 81' lang='lat' dir='ltr'><strong>regeret,</strong></span> <span class='ocrx_word' id='word_1_595' title='bbox 3230 3288 3469 3341; x_wconf 85' lang='lat' dir='ltr'><strong>benevo-</strong></span> 
     </span>
    </p>
   </div>
   <div class='ocr_carea' id='block_1_79' title="bbox 1878 3380 3468 3451">
    <p class='ocr_par' dir='ltr' id='par_1_79' title="bbox 1878 3380 3468 3451">
     <span class='ocr_line' id='line_1_79' title="bbox 1878 3380 3468 3451; baseline -0.002 -14"><span class='ocrx_word' id='word_1_596' title='bbox 1878 3386 1958 3437; x_wconf 80' lang='lat' dir='ltr'><strong>los</strong></span> <span class='ocrx_word' id='word_1_597' title='bbox 1998 3385 2186 3438; x_wconf 89' lang='lat' dir='ltr'><strong>habuit</strong></span> <span class='ocrx_word' id='word_1_598' title='bbox 2216 3384 2497 3448; x_wconf 89' lang='lat' dir='ltr'><strong>subditos,</strong></span> <span class='ocrx_word' id='word_1_599' title='bbox 2537 3382 2807 3451; x_wconf 82' lang='lat' dir='ltr'><strong>frenoque.</strong></span> <span class='ocrx_word' id='word_1_600' title='bbox 2830 3396 2955 3435; x_wconf 91' lang='lat' dir='ltr'><strong>cum</strong></span> <span class='ocrx_word' id='word_1_601' title='bbox 2993 3382 3276 3451; x_wconf 84' lang='lat' dir='ltr'><strong>voluptate</strong></span> <span class='ocrx_word' id='word_1_602' title='bbox 3305 3380 3468 3435; x_wconf 89' lang='lat' dir='ltr'><strong>obse-</strong></span> 
     </span>
    </p>
   </div>
   <div class='ocr_carea' id='block_1_80' title="bbox 1876 3473 3467 3546">
    <p class='ocr_par' dir='ltr' id='par_1_80' title="bbox 1876 3473 3467 3546">
     <span class='ocr_line' id='line_1_80' title="bbox 1876 3473 3467 3546; baseline -0.001 -18"><span class='ocrx_word' id='word_1_603' title='bbox 1876 3487 2125 3546; x_wconf 85' lang='lat' dir='ltr'><strong>quentes.</strong></span> <span class='ocrx_word' id='word_1_604' title='bbox 2159 3476 2301 3543; x_wconf 85' lang='lat' dir='ltr'><strong>Quin</strong></span> <span class='ocrx_word' id='word_1_605' title='bbox 2336 3478 2500 3530; x_wconf 88' lang='lat' dir='ltr'><strong>etiam</strong></span> <span class='ocrx_word' id='word_1_606' title='bbox 2539 3474 2763 3529; x_wconf 89' lang='lat' dir='ltr'><strong>barbari</strong></span> <span class='ocrx_word' id='word_1_607' title='bbox 2792 3517 2806 3539; x_wconf 93' lang='lat'><strong>,</strong></span> <span class='ocrx_word' id='word_1_608' title='bbox 2846 3473 3045 3544; x_wconf 84' lang='lat' dir='ltr'><strong>partim</strong></span> <span class='ocrx_word' id='word_1_609' title='bbox 3093 3489 3190 3527; x_wconf 89' lang='lat' dir='ltr'><strong>sua</strong></span> <span class='ocrx_word' id='word_1_610' title='bbox 3226 3480 3423 3543; x_wconf 87' lang='lat' dir='ltr'><strong>sponte</strong></span> <span class='ocrx_word' id='word_1_611' title='bbox 3450 3511 3467 3537; x_wconf 92' lang='lat'><strong>,</strong></span> 
     </span>
    </p>
   </div>
   <div class='ocr_carea' id='block_1_81' title="bbox 1876 3565 3468 3637">
    <p class='ocr_par' dir='ltr' id='par_1_81' title="bbox 1876 3565 3468 3637">
     <span class='ocr_line' id='line_1_81' title="bbox 1876 3565 3468 3637; baseline -0.001 -18"><span class='ocrx_word' id='word_1_612' title='bbox 1876 3570 2073 3637; x_wconf 83' lang='lat' dir='ltr'><strong>partim</strong></span> <span class='ocrx_word' id='word_1_613' title='bbox 2118 3570 2287 3623; x_wconf 90' lang='lat' dir='ltr'><strong>armis</strong></span> <span class='ocrx_word' id='word_1_614' title='bbox 2344 3568 2558 3623; x_wconf 87' lang='lat' dir='ltr'><strong>subacti</strong></span> <span class='ocrx_word' id='word_1_615' title='bbox 2610 3567 2957 3621; x_wconf 87' lang='lat' dir='ltr'><strong>serviebant.</strong></span> <span class='ocrx_word' id='word_1_616' title='bbox 3004 3566 3220 3634; x_wconf 78' lang='lat' dir='ltr'><strong>Ubique</strong></span> <span class='ocrx_word' id='word_1_617' title='bbox 3258 3565 3468 3620; x_wconf 86' lang='lat' dir='ltr'><strong>excita-</strong></span> 
     </span>
    </p>
   </div>
   <div class='ocr_carea' id='block_1_82' title="bbox 1877 3659 3467 3729">
    <p class='ocr_par' dir='ltr' id='par_1_82' title="bbox 1877 3659 3467 3729">
     <span class='ocr_line' id='line_1_82' title="bbox 1877 3659 3467 3729; baseline -0.002 -14"><span class='ocrx_word' id='word_1_618' title='bbox 1877 3662 2075 3715; x_wconf 85' lang='lat' dir='ltr'><strong>bantur</strong></span> <span class='ocrx_word' id='word_1_619' title='bbox 2105 3668 2359 3729; x_wconf 74' lang='lat' dir='ltr'><strong>troptca,</strong></span> <span class='ocrx_word' id='word_1_620' title='bbox 2393 3670 2447 3714; x_wconf 90' lang='lat' dir='ltr'><strong>et</strong></span> <span class='ocrx_word' id='word_1_621' title='bbox 2497 3660 2675 3713; x_wconf 90' lang='lat' dir='ltr'><strong>victor</strong></span> <span class='ocrx_word' id='word_1_622' title='bbox 2739 3659 3044 3728; x_wconf 86' lang='lat' dir='ltr'><strong>imperator</strong></span> <span class='ocrx_word' id='word_1_623' title='bbox 3102 3659 3467 3713; x_wconf 84' lang='lat' dir='ltr'><strong>renuntiaba-</strong></span> 
     </span>
    </p>
   </div>
   <div class='ocr_carea' id='block_1_83' title="bbox 1875 3751 3463 3821">
    <p class='ocr_par' dir='ltr' id='par_1_83' title="bbox 1875 3751 3463 3821">
     <span class='ocr_line' id='line_1_83' title="bbox 1875 3751 3463 3821; baseline -0.001 -16"><span class='ocrx_word' id='word_1_624' title='bbox 1875 3762 1982 3805; x_wconf 86' lang='lat' dir='ltr'><strong>tur.</strong></span> <span class='ocrx_word' id='word_1_625' title='bbox 2020 3752 2219 3806; x_wconf 76' lang='lat' dir='ltr'><strong>V&#39;erum</strong></span> <span class='ocrx_word' id='word_1_626' title='bbox 2267 3753 2381 3805; x_wconf 65' lang='lat' dir='ltr'><strong>haec</strong></span> <span class='ocrx_word' id='word_1_627' title='bbox 2437 3752 2529 3804; x_wconf 85' lang='lat' dir='ltr'><strong>alii</strong></span> <span class='ocrx_word' id='word_1_628' title='bbox 2584 3751 2840 3821; x_wconf 87' lang='lat' dir='ltr'><strong>pluribus</strong></span> <span class='ocrx_word' id='word_1_629' title='bbox 2894 3751 3249 3806; x_wconf 84' lang='lat' dir='ltr'><strong>celebrarunt</strong></span> <span class='ocrx_word' id='word_1_630' title='bbox 3298 3769 3309 3803; x_wconf 91' lang='lat'><strong>:</strong></span> <span class='ocrx_word' id='word_1_631' title='bbox 3365 3766 3463 3805; x_wconf 86' lang='lat' dir='ltr'><strong>nos</strong></span> 
     </span>
    </p>
   </div>
   <div class='ocr_carea' id='block_1_84' title="bbox 1877 3841 3465 3913">
    <p class='ocr_par' dir='ltr' id='par_1_84' title="bbox 1877 3841 3465 3913">
     <span class='ocr_line' id='line_1_84' title="bbox 1877 3841 3465 3913; baseline 0.001 -17"><span class='ocrx_word' id='word_1_632' title='bbox 1877 3846 2187 3898; x_wconf 85' lang='lat' dir='ltr'><strong>institutam</strong></span> <span class='ocrx_word' id='word_1_633' title='bbox 2219 3843 2506 3897; x_wconf 83' lang='lat' dir='ltr'><strong>historiam</strong></span> <span class='ocrx_word' id='word_1_634' title='bbox 2540 3859 2965 3913; x_wconf 70' lang='lat' dir='ltr'><strong>prosequamur.</strong></span> <span class='ocrx_word' id='word_1_635' title='bbox 3016 3841 3465 3897; x_wconf 80' lang='lat' dir='ltr'><strong>Laudatissimus</strong></span> 
     </span>
    </p>
   </div>
   <div class='ocr_carea' id='block_1_85' title="bbox 1875 3936 3464 4006">
    <p class='ocr_par' dir='ltr' id='par_1_85' title="bbox 1875 3936 3464 4006">
     <span class='ocr_line' id='line_1_85' title="bbox 1875 3936 3464 4006; baseline -0.001 -16"><span class='ocrx_word' id='word_1_636' title='bbox 1875 3952 2002 4006; x_wconf 86' lang='lat' dir='ltr'><strong>ergo</strong></span> <span class='ocrx_word' id='word_1_637' title='bbox 2027 3937 2326 4005; x_wconf 90' lang='lat' dir='ltr'><strong>imperator</strong></span> <span class='ocrx_word' id='word_1_638' title='bbox 2343 3936 2681 4005; x_wconf 86' lang='lat' dir='ltr'><strong>apostolicas</strong></span> <span class='ocrx_word' id='word_1_639' title='bbox 2711 3950 2908 3990; x_wconf 85' lang='lat' dir='ltr'><strong>revera</strong></span> <span class='ocrx_word' id='word_1_640' title='bbox 2942 3951 3107 3990; x_wconf 88' lang='lat' dir='ltr'><strong>curas</strong></span> <span class='ocrx_word' id='word_1_641' title='bbox 3133 3936 3317 3989; x_wconf 88' lang='lat' dir='ltr'><strong>animo</strong></span> <span class='ocrx_word' id='word_1_642' title='bbox 3343 3950 3464 3990; x_wconf 87' lang='lat' dir='ltr'><strong>ver-</strong></span> 
     </span>
    </p>
   </div>
   <div class='ocr_carea' id='block_1_86' title="bbox 1876 4026 3462 4097">
    <p class='ocr_par' dir='ltr' id='par_1_86' title="bbox 1876 4026 3462 4097">
     <span class='ocr_line' id='line_1_86' title="bbox 1876 4026 3462 4097; baseline -0.002 -14"><span class='ocrx_word' id='word_1_643' title='bbox 1876 4028 2140 4083; x_wconf 83' lang='lat' dir='ltr'><strong>sabat.At</strong></span> <span class='ocrx_word' id='word_1_644' title='bbox 2162 4028 2492 4081; x_wconf 85' lang='lat' dir='ltr'><strong>sacerdotali</strong></span> <span class='ocrx_word' id='word_1_645' title='bbox 2526 4043 2755 4082; x_wconf 88' lang='lat' dir='ltr'><strong>munere</strong></span> <span class='ocrx_word' id='word_1_646' title='bbox 2788 4028 2882 4096; x_wconf 90' lang='lat' dir='ltr'><strong>qui</strong></span> <span class='ocrx_word' id='word_1_647' title='bbox 2918 4026 3313 4097; x_wconf 80' lang='lat' dir='ltr'><strong>fungebantur,</strong></span> <span class='ocrx_word' id='word_1_648' title='bbox 3354 4044 3462 4081; x_wconf 87' lang='lat' dir='ltr'><strong>non</strong></span> 
     </span>
    </p>
   </div>
   <div class='ocr_carea' id='block_1_87' title="bbox 1877 4119 3466 4188">
    <p class='ocr_par' dir='ltr' id='par_1_87' title="bbox 1877 4119 3466 4188">
     <span class='ocr_line' id='line_1_87' title="bbox 1877 4119 3466 4188; baseline -0.001 -14"><span class='ocrx_word' id='word_1_649' title='bbox 1877 4120 2037 4174; x_wconf 88' lang='lat' dir='ltr'><strong>modo</strong></span> <span class='ocrx_word' id='word_1_650' title='bbox 2064 4120 2335 4175; x_wconf 64' lang='lat' dir='ltr'><strong>aediﬁcare</strong></span> <span class='ocrx_word' id='word_1_651' title='bbox 2365 4120 2702 4183; x_wconf 86' lang='lat' dir='ltr'><strong>abnuebant,</strong></span> <span class='ocrx_word' id='word_1_652' title='bbox 2742 4120 2837 4174; x_wconf 92' lang='lat' dir='ltr'><strong>sed</strong></span> <span class='ocrx_word' id='word_1_653' title='bbox 2870 4121 2987 4188; x_wconf 88' lang='lat' dir='ltr'><strong>ipsa</strong></span> <span class='ocrx_word' id='word_1_654' title='bbox 3018 4121 3181 4174; x_wconf 92' lang='lat' dir='ltr'><strong>etiam</strong></span> <span class='ocrx_word' id='word_1_655' title='bbox 3210 4119 3466 4176; x_wconf 69' lang='lat' dir='ltr'><strong>Ecclesiae</strong></span> 
     </span>
    </p>
   </div>
   <div class='ocr_carea' id='block_1_88' title="bbox 1880 4211 3462 4282">
    <p class='ocr_par' dir='ltr' id='par_1_88' title="bbox 1880 4211 3462 4282">
     <span class='ocr_line' id='line_1_88' title="bbox 1880 4211 3462 4282; baseline -0.001 -17"><span class='ocrx_word' id='word_1_656' title='bbox 1880 4212 2236 4266; x_wconf 74' lang='lat' dir='ltr'><strong>itindamenta</strong></span> <span class='ocrx_word' id='word_1_657' title='bbox 2287 4221 2535 4266; x_wconf 87' lang='lat' dir='ltr'><strong>evertere</strong></span> <span class='ocrx_word' id='word_1_658' title='bbox 2580 4212 2948 4266; x_wconf 88' lang='lat' dir='ltr'><strong>conabantur.</strong></span> <span class='ocrx_word' id='word_1_659' title='bbox 2984 4211 3092 4266; x_wconf 87' lang='lat' dir='ltr'><strong>Eos</strong></span> <span class='ocrx_word' id='word_1_660' title='bbox 3121 4213 3324 4282; x_wconf 88' lang='lat' dir='ltr'><strong>quippe</strong></span> <span class='ocrx_word' id='word_1_661' title='bbox 3368 4213 3462 4281; x_wconf 89' lang='lat' dir='ltr'><strong>qui</strong></span> 
     </span>
    </p>
   </div>
   <div class='ocr_carea' id='block_1_89' title="bbox 1878 4302 3464 4375">
    <p class='ocr_par' dir='ltr' id='par_1_89' title="bbox 1878 4302 3464 4375">
     <span class='ocr_line' id='line_1_89' title="bbox 1878 4302 3464 4375; baseline 0 -17"><span class='ocrx_word' id='word_1_662' title='bbox 1878 4320 1999 4359; x_wconf 92' lang='lat' dir='ltr'><strong>cum</strong></span> <span class='ocrx_word' id='word_1_663' title='bbox 2015 4304 2313 4375; x_wconf 89' lang='lat' dir='ltr'><strong>apostolica</strong></span> <span class='ocrx_word' id='word_1_664' title='bbox 2327 4303 2491 4373; x_wconf 77' lang='lat'><strong>813</strong></span> <span class='ocrx_word' id='word_1_665' title='bbox 2513 4303 2765 4357; x_wconf 85' lang='lat' dir='ltr'><strong>doctrina</strong></span> <span class='ocrx_word' id='word_1_666' title='bbox 2787 4302 2871 4357; x_wconf 94' lang='lat' dir='ltr'><strong>his</strong></span> <span class='ocrx_word' id='word_1_667' title='bbox 2895 4312 3188 4371; x_wconf 76' lang='lat' dir='ltr'><strong>pra-erant,</strong></span> <span class='ocrx_word' id='word_1_668' title='bbox 3211 4306 3464 4358; x_wconf 83' lang='lat' dir='ltr'><strong>diversas</strong></span> 
     </span>
    </p>
   </div>
   <div class='ocr_carea' id='block_1_90' title="bbox 1878 4394 3461 4471">
    <p class='ocr_par' dir='ltr' id='par_1_90' title="bbox 1878 4394 3461 4471">
     <span class='ocr_line' id='line_1_90' title="bbox 1878 4394 3461 4471; baseline 0 -22"><span class='ocrx_word' id='word_1_669' title='bbox 1878 4403 2123 4451; x_wconf 81' lang='lat' dir='ltr'><strong>texentes</strong></span> <span class='ocrx_word' id='word_1_670' title='bbox 2153 4395 2463 4450; x_wconf 85' lang='lat' dir='ltr'><strong>calumnias</strong></span> <span class='ocrx_word' id='word_1_671' title='bbox 2492 4401 2819 4464; x_wconf 80' lang='lat' dir='ltr'><strong>exegerunt,</strong></span> <span class='ocrx_word' id='word_1_672' title='bbox 2846 4394 3013 4463; x_wconf 88' lang='lat' dir='ltr'><strong>ctqui</strong></span> <span class='ocrx_word' id='word_1_673' title='bbox 3040 4395 3461 4471; x_wconf 86' lang='lat' dir='ltr'><strong>memorandum</strong></span> 
     </span>
    </p>
   </div>
   <div class='ocr_carea' id='block_1_91' title="bbox 1879 4483 3465 4555">
    <p class='ocr_par' dir='ltr' id='par_1_91' title="bbox 1879 4483 3465 4555">
     <span class='ocr_line' id='line_1_91' title="bbox 1879 4483 3465 4555; baseline -0.001 -14"><span class='ocrx_word' id='word_1_674' title='bbox 1879 4486 2012 4542; x_wconf 84' lang='lat' dir='ltr'><strong>illud</strong></span> <span class='ocrx_word' id='word_1_675' title='bbox 2062 4485 2277 4542; x_wconf 81' lang='lat' dir='ltr'><strong>facinus</strong></span> <span class='ocrx_word' id='word_1_676' title='bbox 2311 4484 2580 4541; x_wconf 88' lang='lat' dir='ltr'><strong>adversus</strong></span> <span class='ocrx_word' id='word_1_677' title='bbox 2611 4498 2872 4555; x_wconf 89' lang='lat' dir='ltr'><strong>magnum</strong></span> <span class='ocrx_word' id='word_1_678' title='bbox 2932 4483 3283 4540; x_wconf 89' lang='lat' dir='ltr'><strong>Eustathium</strong></span> <span class='ocrx_word' id='word_1_679' title='bbox 3330 4501 3465 4539; x_wconf 85' lang='lat' dir='ltr'><strong>con-</strong></span> 
     </span>
    </p>
   </div>
   <div class='ocr_carea' id='block_1_92' title="bbox 1503 4661 2173 4719">
    <p class='ocr_par' dir='ltr' id='par_1_92' title="bbox 1503 4661 2173 4719">
     <span class='ocr_line' id='line_1_92' title="bbox 1503 4661 2173 4719; baseline -0.003 -3"><span class='ocrx_word' id='word_1_680' title='bbox 1503 4661 1734 4718; x_wconf 62' lang='lat' dir='ltr'><strong>VARIIE</strong></span> <span class='ocrx_word' id='word_1_681' title='bbox 1776 4662 2173 4719; x_wconf 82' lang='lat' dir='ltr'><strong>LECTIONES.</strong></span> 
     </span>
    </p>
   </div>
   <div class='ocr_carea' id='block_1_93' title="bbox 270 4752 1013 4823">
    <p class='ocr_par' dir='ltr' id='par_1_93' title="bbox 270 4752 1013 4823">
     <span class='ocr_line' id='line_1_93' title="bbox 270 4752 1013 4823; baseline -0.009 -9"><span class='ocrx_word' id='word_1_682' title='bbox 270 4752 317 4784; x_wconf 79' lang='lat'><strong>“</strong></span> <span class='ocrx_word' id='word_1_683' title='bbox 357 4753 609 4823; x_wconf 79' lang='grc' dir='ltr'>μήνησις.</span> <span class='ocrx_word' id='word_1_684' title='bbox 670 4752 834 4809; x_wconf 88' lang='lat' dir='ltr'><strong>Basil.</strong></span> <span class='ocrx_word' id='word_1_685' title='bbox 894 4753 1013 4808; x_wconf 82' lang='lat' dir='ltr'><strong>Lat.</strong></span> 
     </span>
    </p>
   </div>
   <div class='ocr_carea' id='block_1_94' title="bbox 196 4823 1407 4892">
    <p class='ocr_par' dir='ltr' id='par_1_94' title="bbox 196 4823 1407 4892">
     <span class='ocr_line' id='line_1_94' title="bbox 196 4823 1407 4892; baseline 0 -15"><span class='ocrx_word' id='word_1_686' title='bbox 196 4824 309 4877; x_wconf 83' lang='grc' dir='ltr'><strong>τῶν</strong></span> <span class='ocrx_word' id='word_1_687' title='bbox 343 4823 443 4891; x_wconf 85' lang='grc' dir='ltr'>τῷ,</span> <span class='ocrx_word' id='word_1_688' title='bbox 470 4834 570 4878; x_wconf 90' lang='lat' dir='ltr'><strong>etc.</strong></span> <span class='ocrx_word' id='word_1_689' title='bbox 603 4823 767 4879; x_wconf 86' lang='lat' dir='ltr'><strong>Basil.</strong></span> <span class='ocrx_word' id='word_1_690' title='bbox 792 4823 885 4879; x_wconf 89' lang='lat' dir='ltr'><strong>Gr.</strong></span> <span class='ocrx_word' id='word_1_691' title='bbox 916 4834 969 4879; x_wconf 89' lang='lat' dir='ltr'><strong>et</strong></span> <span class='ocrx_word' id='word_1_692' title='bbox 994 4824 1111 4878; x_wconf 84' lang='lat' dir='ltr'><strong>Lat.</strong></span> <span class='ocrx_word' id='word_1_693' title='bbox 1138 4840 1202 4879; x_wconf 90' lang='lat' dir='ltr'><strong>ac</strong></span> <span class='ocrx_word' id='word_1_694' title='bbox 1217 4823 1407 4892; x_wconf 82' lang='lat' dir='ltr'><strong>Steph.</strong></span> 
     </span>
    </p>
   </div>
   <div class='ocr_carea' id='block_1_95' title="bbox 197 4892 1159 4964">
    <p class='ocr_par' dir='ltr' id='par_1_95' title="bbox 197 4892 1159 4964">
     <span class='ocr_line' id='line_1_95' title="bbox 197 4892 1159 4964; baseline 0 -15"><span class='ocrx_word' id='word_1_695' title='bbox 197 4892 552 4964; x_wconf 69' lang='lat' dir='ltr'><strong>Christqph.,</strong></span> <span class='ocrx_word' id='word_1_696' title='bbox 600 4892 798 4964; x_wconf 83' lang='lat' dir='ltr'><strong>Scalig.</strong></span> <span class='ocrx_word' id='word_1_697' title='bbox 839 4902 891 4948; x_wconf 93' lang='lat' dir='ltr'><strong>et</strong></span> <span class='ocrx_word' id='word_1_698' title='bbox 922 4894 1159 4950; x_wconf 89' lang='lat' dir='ltr'><strong>Casaub.</strong></span> 
     </span>
    </p>
   </div>
   <div class='ocr_carea' id='block_1_96' title="bbox 1116 4754 1930 4824">
    <p class='ocr_par' dir='ltr' id='par_1_96' title="bbox 1116 4754 1930 4824">
     <span class='ocr_line' id='line_1_96' title="bbox 1116 4754 1930 4824; baseline 0.016 -25"><span class='ocrx_word' id='word_1_699' title='bbox 1116 4754 1160 4786; x_wconf 77' lang='grc'><strong>⁸⁸</strong></span> <span class='ocrx_word' id='word_1_700' title='bbox 1195 4754 1499 4824; x_wconf 73' lang='grc' dir='ltr'>ἡμετέροις.</span> <span class='ocrx_word' id='word_1_701' title='bbox 1542 4755 1685 4810; x_wconf 89' lang='lat' dir='ltr'><strong>Idem</strong></span> <span class='ocrx_word' id='word_1_702' title='bbox 1719 4756 1930 4811; x_wconf 85' lang='lat' dir='ltr'><strong>vitiose.</strong></span> 
     </span>
    </p>
   </div>
   <div class='ocr_carea' id='block_1_97' title="bbox 2031 4754 3459 4825">
    <p class='ocr_par' dir='ltr' id='par_1_97' title="bbox 2031 4754 3459 4825">
     <span class='ocr_line' id='line_1_97' title="bbox 2031 4754 3459 4825; baseline 0.002 -15"><span class='ocrx_word' id='word_1_703' title='bbox 2031 4760 2075 4788; x_wconf 80' lang='lat'><strong>&quot;</strong></span> <span class='ocrx_word' id='word_1_704' title='bbox 2108 4757 2183 4810; x_wconf 92' lang='lat' dir='ltr'><strong>Ita</strong></span> <span class='ocrx_word' id='word_1_705' title='bbox 2212 4755 2417 4825; x_wconf 67' lang='lat' dir='ltr'><strong>Sqalig.</strong></span> <span class='ocrx_word' id='word_1_706' title='bbox 2453 4764 2504 4825; x_wconf 87' lang='lat' dir='ltr'><strong>et</strong></span> <span class='ocrx_word' id='word_1_707' title='bbox 2538 4754 2850 4809; x_wconf 89' lang='lat' dir='ltr'><strong>Casaubon.</strong></span> <span class='ocrx_word' id='word_1_708' title='bbox 2882 4770 3006 4810; x_wconf 90' lang='lat' dir='ltr'><strong>eum</strong></span> <span class='ocrx_word' id='word_1_709' title='bbox 3060 4755 3316 4812; x_wconf 89' lang='lat' dir='ltr'><strong>Eusebio.</strong></span> <span class='ocrx_word' id='word_1_710' title='bbox 3352 4756 3459 4813; x_wconf 82' lang='lat' dir='ltr'><strong>Sed</strong></span> 
     </span>
    </p>
   </div>
   <div class='ocr_carea' id='block_1_98' title="bbox 1486 4824 3459 4895">
    <p class='ocr_par' dir='ltr' id='par_1_98' title="bbox 1486 4824 3459 4895">
     <span class='ocr_line' id='line_1_98' title="bbox 1486 4824 3459 4895; baseline 0.003 -19"><span class='ocrx_word' id='word_1_711' title='bbox 1486 4825 1529 4857; x_wconf 82' lang='grc'><strong>⁸⁷</strong></span> <span class='ocrx_word' id='word_1_712' title='bbox 1563 4825 1713 4887; x_wconf 84' lang='grc' dir='ltr'>θείας</span> <span class='ocrx_word' id='word_1_713' title='bbox 1733 4826 1886 4880; x_wconf 89' lang='lat' dir='ltr'><strong>abest</strong></span> <span class='ocrx_word' id='word_1_714' title='bbox 1917 4826 1985 4879; x_wconf 89' lang='lat' dir='ltr'><strong>ab</strong></span> <span class='ocrx_word' id='word_1_715' title='bbox 2015 4837 2243 4895; x_wconf 81' lang='lat' dir='ltr'><strong>utroque</strong></span> <span class='ocrx_word' id='word_1_716' title='bbox 2266 4824 2457 4895; x_wconf 59' lang='lat' dir='ltr'><strong>Basil.,</strong></span> <span class='ocrx_word' id='word_1_717' title='bbox 2479 4824 2738 4893; x_wconf 88' lang='lat' dir='ltr'><strong>Stephan.</strong></span> <span class='ocrx_word' id='word_1_718' title='bbox 2768 4836 2821 4880; x_wconf 93' lang='lat' dir='ltr'><strong>et</strong></span> <span class='ocrx_word' id='word_1_719' title='bbox 2842 4826 3100 4882; x_wconf 82' lang='lat' dir='ltr'><strong>Eusebio.</strong></span> <span class='ocrx_word' id='word_1_720' title='bbox 3124 4826 3228 4882; x_wconf 90' lang='lat' dir='ltr'><strong>Sed</strong></span> <span class='ocrx_word' id='word_1_721' title='bbox 3258 4828 3459 4883; x_wconf 88' lang='lat' dir='ltr'><strong>habent</strong></span> 
     </span>
    </p>
   </div>
   <div class='ocr_carea' id='block_1_99' title="bbox 1268 4893 3459 4963">
    <p class='ocr_par' dir='ltr' id='par_1_99' title="bbox 1268 4893 3459 4963">
     <span class='ocr_line' id='line_1_99' title="bbox 1268 4893 3459 4963; baseline 0.002 -17"><span class='ocrx_word' id='word_1_722' title='bbox 1268 4893 1313 4925; x_wconf 80' lang='lat'>“</span> <span class='ocrx_word' id='word_1_723' title='bbox 1349 4894 1463 4947; x_wconf 83' lang='lat' dir='ltr'><strong>Hoc</strong></span> <span class='ocrx_word' id='word_1_724' title='bbox 1493 4896 1877 4951; x_wconf 83' lang='lat' dir='ltr'><strong>substituimus</strong></span> <span class='ocrx_word' id='word_1_725' title='bbox 1915 4910 1945 4949; x_wconf 88' lang='lat' dir='ltr'><strong>e</strong></span> <span class='ocrx_word' id='word_1_726' title='bbox 1979 4893 2283 4949; x_wconf 42' lang='lat' dir='ltr'><strong>BasilﬁGr.</strong></span> <span class='ocrx_word' id='word_1_727' title='bbox 2314 4903 2370 4947; x_wconf 91' lang='lat' dir='ltr'><strong>et</strong></span> <span class='ocrx_word' id='word_1_728' title='bbox 2414 4893 2532 4947; x_wconf 88' lang='lat' dir='ltr'><strong>Lat.</strong></span> <span class='ocrx_word' id='word_1_729' title='bbox 2570 4895 2809 4961; x_wconf 90' lang='lat' dir='ltr'><strong>itemque</strong></span> <span class='ocrx_word' id='word_1_730' title='bbox 2852 4896 3037 4950; x_wconf 85' lang='lat' dir='ltr'><strong>Savilii</strong></span> <span class='ocrx_word' id='word_1_731' title='bbox 3076 4898 3284 4951; x_wconf 88' lang='lat' dir='ltr'><strong>codice.</strong></span> <span class='ocrx_word' id='word_1_732' title='bbox 3320 4898 3459 4963; x_wconf 83' lang='lat' dir='ltr'><strong>Quis</strong></span> 
     </span>
    </p>
   </div>
   <div class='ocr_carea' id='block_1_100' title="bbox 196 4961 3457 5035">
    <p class='ocr_par' dir='ltr' id='par_1_100' title="bbox 196 4961 3457 5035">
     <span class='ocr_line' id='line_1_100' title="bbox 196 4961 3457 5035; baseline 0 -16"><span class='ocrx_word' id='word_1_733' title='bbox 196 4966 350 5019; x_wconf 85' lang='lat' dir='ltr'><strong>enim</strong></span> <span class='ocrx_word' id='word_1_734' title='bbox 398 4961 621 5035; x_wconf 56' lang='lat' dir='ltr'><strong>Graecus</strong></span> <span class='ocrx_word' id='word_1_735' title='bbox 651 4961 852 5035; x_wconf 80' lang='lat' dir='ltr'><strong>dixerit</strong></span> <span class='ocrx_word' id='word_1_736' title='bbox 879 4966 1011 5035; x_wconf 79' lang='grc' dir='ltr'>ἡμῖν</span> <span class='ocrx_word' id='word_1_737' title='bbox 1044 4966 1228 5029; x_wconf 79' lang='grc' dir='ltr'>αὐτοῖς</span> <span class='ocrx_word' id='word_1_738' title='bbox 1247 4964 1548 5034; x_wconf 81' lang='grc' dir='ltr'>πέπεισμαι</span> <span class='ocrx_word' id='word_1_739' title='bbox 1578 4966 1652 5027; x_wconf 87' lang='grc' dir='ltr'>ὼς</span> <span class='ocrx_word' id='word_1_740' title='bbox 1689 4966 1788 5029; x_wconf 81' lang='grc' dir='ltr'>ὅτι,</span> <span class='ocrx_word' id='word_1_741' title='bbox 1824 4974 1929 5019; x_wconf 90' lang='lat' dir='ltr'><strong>etc.</strong></span> <span class='ocrx_word' id='word_1_742' title='bbox 1966 4964 2119 5031; x_wconf 88' lang='lat' dir='ltr'><strong>Quod</strong></span> <span class='ocrx_word' id='word_1_743' title='bbox 2150 4980 2273 5019; x_wconf 92' lang='lat' dir='ltr'><strong>cmn</strong></span> <span class='ocrx_word' id='word_1_744' title='bbox 2307 4963 2575 5035; x_wconf 81' lang='lat' dir='ltr'><strong>Stephani</strong></span> <span class='ocrx_word' id='word_1_745' title='bbox 2603 4964 2842 5035; x_wconf 86' lang='lat' dir='ltr'><strong>editione</strong></span> <span class='ocrx_word' id='word_1_746' title='bbox 2868 4974 2922 5021; x_wconf 93' lang='lat' dir='ltr'><strong>et</strong></span> <span class='ocrx_word' id='word_1_747' title='bbox 2947 4965 3183 5021; x_wconf 78' lang='lat' dir='ltr'><strong>Eusebio</strong></span> <span class='ocrx_word' id='word_1_748' title='bbox 3222 4961 3457 5021; x_wconf 82' lang='lat' dir='ltr'><strong>habebat</strong></span> 
     </span>
    </p>
   </div>
   <div class='ocr_carea' id='block_1_101' title="bbox 201 5031 2074 5105">
    <p class='ocr_par' dir='ltr' id='par_1_101' title="bbox 201 5031 2074 5105">
     <span class='ocr_line' id='line_1_101' title="bbox 201 5031 2074 5105; baseline 0 -19"><span class='ocrx_word' id='word_1_749' title='bbox 201 5041 389 5105; x_wconf 80' lang='lat' dir='ltr'><strong>t_extus</strong></span> <span class='ocrx_word' id='word_1_750' title='bbox 430 5031 735 5103; x_wconf 83' lang='lat' dir='ltr'><strong>Sirmondi;</strong></span> <span class='ocrx_word' id='word_1_751' title='bbox 778 5031 1089 5105; x_wconf 73' lang='lat' dir='ltr'><strong>quanquam</strong></span> <span class='ocrx_word' id='word_1_752' title='bbox 1126 5036 1306 5089; x_wconf 84' lang='lat' dir='ltr'><strong>Allatii</strong></span> <span class='ocrx_word' id='word_1_753' title='bbox 1336 5031 1503 5105; x_wconf 80' lang='lat' dir='ltr'><strong>codex</strong></span> <span class='ocrx_word' id='word_1_754' title='bbox 1532 5036 1692 5105; x_wconf 87' lang='lat' dir='ltr'><strong>habet</strong></span> <span class='ocrx_word' id='word_1_755' title='bbox 1716 5036 2074 5105; x_wconf 72' lang='grc' dir='ltr'>πεπείσμεθα.</span> 
     </span>
    </p>
   </div>
   <div class='ocr_carea' id='block_1_102' title="bbox 200 5102 783 5157">
    <p class='ocr_par' dir='ltr' id='par_1_102' title="bbox 200 5102 783 5157">
     <span class='ocr_line' id='line_1_102' title="bbox 200 5102 783 5157; baseline 0.002 -1"><span class='ocrx_word' id='word_1_756' title='bbox 200 5102 584 5157; x_wconf 86' lang='lat' dir='ltr'><strong>Theodoretus</strong></span> <span class='ocrx_word' id='word_1_757' title='bbox 621 5102 783 5157; x_wconf 86' lang='lat' dir='ltr'><strong>etiam</strong></span> 
     </span>
    </p>
   </div>
   <div class='ocr_carea' id='block_1_103' title="bbox 196 5244 1263 5314">
    <p class='ocr_par' dir='ltr' id='par_1_103' title="bbox 196 5244 1263 5314">
     <span class='ocr_line' id='line_1_103' title="bbox 196 5244 1263 5314; baseline 0.001 -17"><span class='ocrx_word' id='word_1_758' title='bbox 196 5244 751 5314; x_wconf 63' lang='lat' dir='ltr'><strong>xexéapncatMuod</strong></span> <span class='ocrx_word' id='word_1_759' title='bbox 781 5245 941 5299; x_wconf 88' lang='lat' dir='ltr'><strong>habet</strong></span> <span class='ocrx_word' id='word_1_760' title='bbox 975 5244 1263 5300; x_wconf 86' lang='lat' dir='ltr'><strong>Eusebius.</strong></span> 
     </span>
    </p>
   </div>
   <div class='ocr_carea' id='block_1_104' title="bbox 2180 5034 3453 5101">
    <p class='ocr_par' dir='ltr' id='par_1_104' title="bbox 2180 5034 3453 5101">
     <span class='ocr_line' id='line_1_104' title="bbox 2180 5034 3453 5101; baseline 0.001 -14"><span class='ocrx_word' id='word_1_761' title='bbox 2180 5035 2222 5066; x_wconf 81' lang='lat'><strong>“&#39;</strong></span> <span class='ocrx_word' id='word_1_762' title='bbox 2248 5034 2504 5101; x_wconf 85' lang='grc' dir='ltr'>μάλιστα,</span> <span class='ocrx_word' id='word_1_763' title='bbox 2533 5034 2818 5101; x_wconf 89' lang='lat' dir='ltr'><strong>Stephan.,</strong></span> <span class='ocrx_word' id='word_1_764' title='bbox 2858 5038 3016 5090; x_wconf 88' lang='lat' dir='ltr'><strong>male.</strong></span> <span class='ocrx_word' id='word_1_765' title='bbox 3059 5037 3144 5097; x_wconf 83' lang='grc' dir='ltr'>Ὣς</span> <span class='ocrx_word' id='word_1_766' title='bbox 3174 5037 3256 5089; x_wconf 81' lang='grc' dir='ltr'><strong>ὅτι</strong></span> <span class='ocrx_word' id='word_1_767' title='bbox 3299 5037 3453 5095; x_wconf 79' lang='grc' dir='ltr'>κάλλ,</span> 
     </span>
    </p>
   </div>
   <div class='ocr_carea' id='block_1_105' title="bbox 689 5103 3451 5185">
    <p class='ocr_par' dir='ltr' id='par_1_105' title="bbox 689 5103 3451 5185">
     <span class='ocr_line' id='line_1_105' title="bbox 689 5103 3451 5185; baseline 0.001 -28"><span class='ocrx_word' id='word_1_768' title='bbox 689 5103 1140 5185; x_wconf 42' lang='lat' dir='ltr'><strong>Lam_&#39;paulo_p(_)st.</strong></span> <span class='ocrx_word' id='word_1_769' title='bbox 1215 5106 1261 5185; x_wconf 60' lang='lat'><strong>7:</strong></span> <span class='ocrx_word' id='word_1_770' title='bbox 1287 5104 1476 5185; x_wconf 61' lang='grc' dir='ltr'>τούτου</span> <span class='ocrx_word' id='word_1_771' title='bbox 1506 5104 1596 5185; x_wconf 60' lang='grc' dir='ltr'><strong>του</strong></span> <span class='ocrx_word' id='word_1_772' title='bbox 1632 5105 1948 5185; x_wconf 53' lang='grc' dir='ltr'>καταλόγου.</span> <span class='ocrx_word' id='word_1_773' title='bbox 1982 5104 2214 5185; x_wconf 65' lang='lat' dir='ltr'><strong>Uterque</strong></span> <span class='ocrx_word' id='word_1_774' title='bbox 2240 5103 2429 5185; x_wconf 65' lang='lat' dir='ltr'><strong>Basil.,</strong></span> <span class='ocrx_word' id='word_1_775' title='bbox 2457 5104 2803 5185; x_wconf 77' lang='lat' dir='ltr'><strong>Eusebius_et</strong></span> <span class='ocrx_word' id='word_1_776' title='bbox 2827 5103 3053 5185; x_wconf 76' lang='lat' dir='ltr'><strong>Niceph.</strong></span> <span class='ocrx_word' id='word_1_777' title='bbox 3208 5105 3295 5185; x_wconf 47' lang='lat' dir='ltr'><strong>E.&quot;</strong></span> <span class='ocrx_word' id='word_1_778' title='bbox 3318 5106 3451 5171; x_wconf 87' lang='lat' dir='ltr'><strong>VIII,</strong></span> 
     </span>
    </p>
   </div>
   <div class='ocr_carea' id='block_1_106' title="bbox 198 5171 1965 5243">
    <p class='ocr_par' dir='ltr' id='par_1_106' title="bbox 198 5171 1965 5243">
     <span class='ocr_line' id='line_1_106' title="bbox 198 5171 1965 5243; baseline -0.001 -14"><span class='ocrx_word' id='word_1_779' title='bbox 198 5172 290 5229; x_wconf 79' lang='lat'><strong>&#39;58.</strong></span> <span class='ocrx_word' id='word_1_780' title='bbox 369 5173 413 5204; x_wconf 74' lang='grc' dir='ltr'>ἰ</span> <span class='ocrx_word' id='word_1_781' title='bbox 441 5173 549 5241; x_wconf 85' lang='grc' dir='ltr'>οίη.</span> <span class='ocrx_word' id='word_1_782' title='bbox 581 5171 745 5228; x_wconf 89' lang='lat' dir='ltr'><strong>Basil.</strong></span> <span class='ocrx_word' id='word_1_783' title='bbox 777 5171 890 5229; x_wconf 76' lang='lat' dir='ltr'><strong>Lat.</strong></span> <span class='ocrx_word' id='word_1_784' title='bbox 968 5171 1014 5206; x_wconf 73' lang='grc' dir='ltr'>τί</span> <span class='ocrx_word' id='word_1_785' title='bbox 1040 5176 1187 5227; x_wconf 82' lang='grc' dir='ltr'>ὅταν.</span> <span class='ocrx_word' id='word_1_786' title='bbox 1222 5174 1343 5229; x_wconf 86' lang='lat' dir='ltr'><strong>Bas.</strong></span> <span class='ocrx_word' id='word_1_787' title='bbox 1377 5174 1469 5228; x_wconf 86' lang='lat' dir='ltr'><strong>Gr.</strong></span> <span class='ocrx_word' id='word_1_788' title='bbox 1499 5187 1553 5229; x_wconf 89' lang='lat' dir='ltr'><strong>et</strong></span> <span class='ocrx_word' id='word_1_789' title='bbox 1577 5176 1717 5238; x_wconf 76' lang='lat' dir='ltr'><strong>l.at.,</strong></span> <span class='ocrx_word' id='word_1_790' title='bbox 1742 5173 1965 5243; x_wconf 79' lang='lat' dir='ltr'><strong>Niceph.</strong></span> 
     </span>
    </p>
   </div>
   <div class='ocr_carea' id='block_1_107' title="bbox 1342 5241 3453 5314">
    <p class='ocr_par' dir='ltr' id='par_1_107' title="bbox 1342 5241 3453 5314">
     <span class='ocr_line' id='line_1_107' title="bbox 1342 5241 3453 5314; baseline 0.002 -18"><span class='ocrx_word' id='word_1_791' title='bbox 1342 5246 1387 5281; x_wconf 81' lang='grc'><strong>⁷⁵</strong></span> <span class='ocrx_word' id='word_1_792' title='bbox 1414 5244 1601 5314; x_wconf 81' lang='lat' dir='ltr'><strong>Magna</strong></span> <span class='ocrx_word' id='word_1_793' title='bbox 1628 5241 1915 5299; x_wconf 78' lang='lat' dir='ltr'><strong>diversitas</strong></span> <span class='ocrx_word' id='word_1_794' title='bbox 1944 5241 2228 5298; x_wconf 76' lang='lat' dir='ltr'><strong>librorum.</strong></span> <span class='ocrx_word' id='word_1_795' title='bbox 2257 5241 2532 5297; x_wconf 89' lang='lat' dir='ltr'><strong>Sirmondi</strong></span> <span class='ocrx_word' id='word_1_796' title='bbox 2555 5252 2733 5314; x_wconf 78' lang='lat' dir='ltr'><strong>textus</strong></span> <span class='ocrx_word' id='word_1_797' title='bbox 2766 5241 3325 5313; x_wconf 79' lang='lat' dir='ltr'><strong>Christophorsonum</strong></span> <span class='ocrx_word' id='word_1_798' title='bbox 3370 5263 3453 5301; x_wconf 87' lang='lat' dir='ltr'><strong>se-</strong></span> 
     </span>
    </p>
   </div>
   <div class='ocr_carea' id='block_1_108' title="bbox 2041 5171 3450 5245">
    <p class='ocr_par' dir='ltr' id='par_1_108' title="bbox 2041 5171 3450 5245">
     <span class='ocr_line' id='line_1_108' title="bbox 2041 5171 3450 5245; baseline 0.003 -19"><span class='ocrx_word' id='word_1_799' title='bbox 2041 5175 2085 5204; x_wconf 74' lang='lat'>“</span> <span class='ocrx_word' id='word_1_800' title='bbox 2116 5171 2407 5245; x_wconf 68' lang='lat' dir='ltr'><strong>3:89_Pitti</strong></span> <span class='ocrx_word' id='word_1_801' title='bbox 2432 5174 2625 5245; x_wconf 76' lang='lat' dir='ltr'><strong>codex.</strong></span> <span class='ocrx_word' id='word_1_802' title='bbox 2728 5171 3079 5245; x_wconf 61' lang='lat' dir='ltr'><strong>&quot;&quot;_xoap.ﬁtat</strong></span> <span class='ocrx_word' id='word_1_803' title='bbox 3103 5174 3226 5229; x_wconf 82' lang='lat' dir='ltr'><strong>Bas.</strong></span> <span class='ocrx_word' id='word_1_804' title='bbox 3258 5175 3350 5228; x_wconf 87' lang='lat' dir='ltr'><strong>Gr.</strong></span> <span class='ocrx_word' id='word_1_805' title='bbox 3370 5179 3450 5230; x_wconf 78' lang='lat' dir='ltr'><strong>Au</strong></span> 
     </span>
    </p>
   </div>
   <div class='ocr_carea' id='block_1_109' title="bbox 196 5312 3447 5385">
    <p class='ocr_par' dir='ltr' id='par_1_109' title="bbox 196 5312 3447 5385">
     <span class='ocr_line' id='line_1_109' title="bbox 196 5312 3447 5385; baseline 0.001 -18"><span class='ocrx_word' id='word_1_806' title='bbox 196 5316 394 5385; x_wconf 92' lang='lat' dir='ltr'><strong>quitur</strong></span> <span class='ocrx_word' id='word_1_807' title='bbox 427 5312 493 5385; x_wconf 72' lang='lat' dir='ltr'><strong>et</strong></span> <span class='ocrx_word' id='word_1_808' title='bbox 518 5312 970 5385; x_wconf 68' lang='lat' dir='ltr'><strong>ScaligerumJn</strong></span> <span class='ocrx_word' id='word_1_809' title='bbox 1005 5316 1253 5385; x_wconf 80' lang='lat' dir='ltr'><strong>eumdem</strong></span> <span class='ocrx_word' id='word_1_810' title='bbox 1298 5312 1522 5369; x_wconf 84' lang='lat' dir='ltr'><strong>sensum</strong></span> <span class='ocrx_word' id='word_1_811' title='bbox 1556 5315 1812 5384; x_wconf 88' lang='lat' dir='ltr'><strong>Stephan.</strong></span> <span class='ocrx_word' id='word_1_812' title='bbox 1847 5324 1905 5385; x_wconf 85' lang='lat' dir='ltr'><strong>et_</strong></span> <span class='ocrx_word' id='word_1_813' title='bbox 1927 5314 2263 5382; x_wconf 83' lang='lat' dir='ltr'><strong>Nicephorus</strong></span> <span class='ocrx_word' id='word_1_814' title='bbox 2294 5314 2554 5385; x_wconf 84' lang='lat' dir='ltr'><strong>probante</strong></span> <span class='ocrx_word' id='word_1_815' title='bbox 2579 5312 2797 5385; x_wconf 54' lang='lat' dir='ltr'><strong>Talasio</strong></span> <span class='ocrx_word' id='word_1_816' title='bbox 2838 5314 2903 5365; x_wconf 87' lang='lat' dir='ltr'><strong>ad</strong></span> <span class='ocrx_word' id='word_1_817' title='bbox 2944 5312 3234 5367; x_wconf 81' lang='lat' dir='ltr'><strong>Eusebium</strong></span> <span class='ocrx_word' id='word_1_818' title='bbox 3266 5316 3301 5368; x_wconf 92' lang='grc' dir='ltr'><strong>Ι.</strong></span> <span class='ocrx_word' id='word_1_819' title='bbox 3346 5331 3396 5369; x_wconf 89' lang='lat' dir='ltr'><strong>c.</strong></span> <span class='ocrx_word' id='word_1_820' title='bbox 3434 5336 3447 5370; x_wconf 87' lang='lat'><strong>:</strong></span> 
     </span>
    </p>
   </div>
   <div class='ocr_carea' id='block_1_110' title="bbox 196 5382 3452 5454">
    <p class='ocr_par' dir='ltr' id='par_1_110' title="bbox 196 5382 3452 5454">
     <span class='ocr_line' id='line_1_110' title="bbox 196 5382 3452 5454; baseline -0.001 -15"><span class='ocrx_word' id='word_1_821' title='bbox 196 5382 233 5439; x_wconf 69' lang='grc' dir='ltr'>ὅ</span> <span class='ocrx_word' id='word_1_822' title='bbox 258 5385 382 5436; x_wconf 87' lang='grc' dir='ltr'>ἐστι</span> <span class='ocrx_word' id='word_1_823' title='bbox 419 5382 506 5436; x_wconf 76' lang='grc' dir='ltr'>σοὶ</span> <span class='ocrx_word' id='word_1_824' title='bbox 545 5382 818 5449; x_wconf 80' lang='grc' dir='ltr'>κάκείνοις</span> <span class='ocrx_word' id='word_1_825' title='bbox 864 5384 1053 5453; x_wconf 83' lang='lat' dir='ltr'><strong>(Basil.</strong></span> <span class='ocrx_word' id='word_1_826' title='bbox 1090 5384 1244 5438; x_wconf 83' lang='lat' dir='ltr'><strong>Latin</strong></span> <span class='ocrx_word' id='word_1_827' title='bbox 1286 5386 1480 5439; x_wconf 78' lang='lat' dir='ltr'><strong>vitiose</strong></span> <span class='ocrx_word' id='word_1_828' title='bbox 1512 5384 1617 5452; x_wconf 78' lang='grc' dir='ltr'>σύ),</span> <span class='ocrx_word' id='word_1_829' title='bbox 1656 5382 1804 5453; x_wconf 82' lang='lat' dir='ltr'><strong>quod</strong></span> <span class='ocrx_word' id='word_1_830' title='bbox 1872 5383 2216 5438; x_wconf 85' lang='lat' dir='ltr'><strong>Camerarius</strong></span> <span class='ocrx_word' id='word_1_831' title='bbox 2262 5383 2427 5454; x_wconf 77' lang='lat' dir='ltr'><strong>vertit</strong></span> <span class='ocrx_word' id='word_1_832' title='bbox 2460 5402 2471 5436; x_wconf 92' lang='lat'><strong>:</strong></span> <span class='ocrx_word' id='word_1_833' title='bbox 2500 5383 2624 5454; x_wconf 77' lang='lat' dir='ltr'><strong>quia</strong></span> <span class='ocrx_word' id='word_1_834' title='bbox 2673 5385 3020 5454; x_wconf 78' lang='lat' dir='ltr'><strong>communiter</strong></span> <span class='ocrx_word' id='word_1_835' title='bbox 3063 5401 3182 5437; x_wconf 84' lang='lat' dir='ltr'><strong>cum</strong></span> <span class='ocrx_word' id='word_1_836' title='bbox 3216 5386 3452 5454; x_wconf 79' lang='lat' dir='ltr'><strong>utrisque</strong></span> 
     </span>
    </p>
   </div>
   <div class='ocr_carea' id='block_1_111' title="bbox 197 5451 3451 5536">
    <p class='ocr_par' dir='ltr' id='par_1_111' title="bbox 197 5451 3451 5536">
     <span class='ocr_line' id='line_1_111' title="bbox 197 5451 3451 5536; baseline 0.002 -35"><span class='ocrx_word' id='word_1_837' title='bbox 197 5455 324 5536; x_wconf 59' lang='grc' dir='ltr'><strong>ξεὶι,</strong></span> <span class='ocrx_word' id='word_1_838' title='bbox 358 5455 566 5536; x_wconf 63' lang='lat' dir='ltr'><strong>optime</strong></span> <span class='ocrx_word' id='word_1_839' title='bbox 587 5451 1087 5536; x_wconf 74' lang='lat' dir='ltr'><strong>a_gitur._Eusebius</strong></span> <span class='ocrx_word' id='word_1_840' title='bbox 1110 5456 1145 5509; x_wconf 91' lang='grc' dir='ltr'><strong>Ι.</strong></span> <span class='ocrx_word' id='word_1_841' title='bbox 1179 5455 1336 5536; x_wconf 34' lang='lat' dir='ltr'><strong>enim</strong></span> <span class='ocrx_word' id='word_1_842' title='bbox 1363 5457 1445 5536; x_wconf 72' lang='grc' dir='ltr'>σοὶ</span> <span class='ocrx_word' id='word_1_843' title='bbox 1475 5451 1729 5536; x_wconf 67' lang='grc' dir='ltr'>κάκείνῳ,</span> <span class='ocrx_word' id='word_1_844' title='bbox 1762 5454 1890 5536; x_wconf 67' lang='lat' dir='ltr'><strong>vitio</strong></span> <span class='ocrx_word' id='word_1_845' title='bbox 1911 5454 2180 5536; x_wconf 74' lang='lat' dir='ltr'><strong>scribendi</strong></span> <span class='ocrx_word' id='word_1_846' title='bbox 2214 5461 2272 5532; x_wconf 80' lang='lat' dir='ltr'><strong>u_t</strong></span> <span class='ocrx_word' id='word_1_847' title='bbox 2301 5451 2517 5536; x_wconf 65' lang='lat' dir='ltr'><strong>opinor.</strong></span> <span class='ocrx_word' id='word_1_848' title='bbox 2548 5452 2732 5506; x_wconf 84' lang='lat' dir='ltr'><strong>Allatii</strong></span> <span class='ocrx_word' id='word_1_849' title='bbox 2771 5452 3219 5536; x_wconf 44' lang='lat' dir='ltr'><strong>denique-codex,</strong></span> <span class='ocrx_word' id='word_1_850' title='bbox 3244 5451 3451 5536; x_wconf 55' lang='lat' dir='ltr'><strong>gptiitte</strong></span> 
     </span>
    </p>
   </div>
   <div class='ocr_carea' id='block_1_112' title="bbox 197 5522 2908 5594">
    <p class='ocr_par' dir='ltr' id='par_1_112' title="bbox 197 5522 2908 5594">
     <span class='ocr_line' id='line_1_112' title="bbox 197 5522 2908 5594; baseline -0.001 -17"><span class='ocrx_word' id='word_1_851' title='bbox 197 5524 342 5577; x_wconf 82' lang='lat' dir='ltr'><strong>forte</strong></span> <span class='ocrx_word' id='word_1_852' title='bbox 375 5540 393 5594; x_wconf 16' lang='lat'><strong>7:</strong></span> <span class='ocrx_word' id='word_1_853' title='bbox 430 5526 512 5576; x_wconf 73' lang='grc' dir='ltr'>ὅτι</span> <span class='ocrx_word' id='word_1_854' title='bbox 543 5522 891 5594; x_wconf 74' lang='grc' dir='ltr'>σοῖκάκεῖνοι</span> <span class='ocrx_word' id='word_1_855' title='bbox 921 5522 1064 5594; x_wconf 78' lang='grc' dir='ltr'>(ηάηι</span> <span class='ocrx_word' id='word_1_856' title='bbox 1106 5534 1153 5578; x_wconf 86' lang='lat' dir='ltr'><strong>et</strong></span> <span class='ocrx_word' id='word_1_857' title='bbox 1186 5524 1268 5577; x_wconf 83' lang='lat' dir='ltr'><strong>illi</strong></span> <span class='ocrx_word' id='word_1_858' title='bbox 1297 5526 1373 5578; x_wconf 85' lang='lat' dir='ltr'><strong>tui</strong></span> <span class='ocrx_word' id='word_1_859' title='bbox 1397 5527 1559 5592; x_wconf 82' lang='lat' dir='ltr'><strong>sunt),</strong></span> <span class='ocrx_word' id='word_1_860' title='bbox 1585 5522 1726 5592; x_wconf 61' lang='lat' dir='ltr'><strong>quoa</strong></span> <span class='ocrx_word' id='word_1_861' title='bbox 1751 5530 1802 5576; x_wconf 91' lang='lat' dir='ltr'><strong>et</strong></span> <span class='ocrx_word' id='word_1_862' title='bbox 1834 5522 2045 5594; x_wconf 76' lang='lat' dir='ltr'><strong>valesio</strong></span> <span class='ocrx_word' id='word_1_863' title='bbox 2079 5522 2279 5591; x_wconf 87' lang='lat' dir='ltr'><strong>placuit</strong></span> <span class='ocrx_word' id='word_1_864' title='bbox 2315 5522 2603 5594; x_wconf 70' lang='lat' dir='ltr'><strong>ad_locutn</strong></span> <span class='ocrx_word' id='word_1_865' title='bbox 2640 5532 2908 5594; x_wconf 75' lang='lat' dir='ltr'><strong>nostrum.</strong></span> 
     </span>
    </p>
   </div>
   <div class='ocr_carea' id='block_1_113' title="bbox 198 5592 2201 5665">
    <p class='ocr_par' dir='ltr' id='par_1_113' title="bbox 198 5592 2201 5665">
     <span class='ocr_line' id='line_1_113' title="bbox 198 5592 2201 5665; baseline 0 -19"><span class='ocrx_word' id='word_1_866' title='bbox 198 5595 328 5665; x_wconf 74' lang='lat' dir='ltr'><strong>bon.</strong></span> <span class='ocrx_word' id='word_1_867' title='bbox 354 5593 469 5665; x_wconf 79' lang='lat' dir='ltr'><strong>Sed</strong></span> <span class='ocrx_word' id='word_1_868' title='bbox 496 5593 667 5658; x_wconf 78' lang='grc' dir='ltr'>οὕτως</span> <span class='ocrx_word' id='word_1_869' title='bbox 699 5596 809 5665; x_wconf 83' lang='grc' dir='ltr'><strong>γάρ</strong></span> <span class='ocrx_word' id='word_1_870' title='bbox 858 5592 1084 5664; x_wconf 88' lang='lat' dir='ltr'><strong>uterque</strong></span> <span class='ocrx_word' id='word_1_871' title='bbox 1125 5595 1285 5649; x_wconf 82' lang='lat' dir='ltr'><strong>Basil.</strong></span> <span class='ocrx_word' id='word_1_872' title='bbox 1320 5602 1373 5665; x_wconf 86' lang='lat' dir='ltr'><strong>et</strong></span> <span class='ocrx_word' id='word_1_873' title='bbox 1414 5594 1668 5662; x_wconf 88' lang='lat' dir='ltr'><strong>Stephan.</strong></span> <span class='ocrx_word' id='word_1_874' title='bbox 1706 5608 1827 5665; x_wconf 85' lang='lat' dir='ltr'><strong>cum</strong></span> <span class='ocrx_word' id='word_1_875' title='bbox 1881 5592 2201 5665; x_wconf 66' lang='lat' dir='ltr'><strong>Nicephorp.</strong></span> 
     </span>
    </p>
   </div>
   <div class='ocr_carea' id='block_1_114' title="bbox 200 5664 1225 5733">
    <p class='ocr_par' dir='ltr' id='par_1_114' title="bbox 200 5664 1225 5733">
     <span class='ocr_line' id='line_1_114' title="bbox 200 5664 1225 5733; baseline 0.002 -18"><span class='ocrx_word' id='word_1_876' title='bbox 200 5664 500 5729; x_wconf 78' lang='lat' dir='ltr'><strong>Eusebius,</strong></span> <span class='ocrx_word' id='word_1_877' title='bbox 535 5665 628 5733; x_wconf 92' lang='lat' dir='ltr'><strong>qui</strong></span> <span class='ocrx_word' id='word_1_878' title='bbox 678 5664 857 5719; x_wconf 89' lang='lat' dir='ltr'><strong>tamen</strong></span> <span class='ocrx_word' id='word_1_879' title='bbox 888 5666 1036 5719; x_wconf 88' lang='lat' dir='ltr'><strong>addit</strong></span> <span class='ocrx_word' id='word_1_880' title='bbox 1074 5666 1225 5717; x_wconf 83' lang='grc' dir='ltr'>Θεόν.</span> 
     </span>
    </p>
   </div>
   <div class='ocr_carea' id='block_1_115' title="bbox 1304 5660 3199 5731">
    <p class='ocr_par' dir='ltr' id='par_1_115' title="bbox 1304 5660 3199 5731">
     <span class='ocr_line' id='line_1_115' title="bbox 1304 5660 3199 5731; baseline -0.001 -15"><span class='ocrx_word' id='word_1_881' title='bbox 1304 5664 1347 5694; x_wconf 75' lang='grc'>⁷⁸</span> <span class='ocrx_word' id='word_1_882' title='bbox 1372 5680 1431 5716; x_wconf 88' lang='grc' dir='ltr'><strong>τε</strong></span> <span class='ocrx_word' id='word_1_883' title='bbox 1471 5660 1729 5718; x_wconf 86' lang='lat' dir='ltr'><strong>omissum</strong></span> <span class='ocrx_word' id='word_1_884' title='bbox 1769 5664 1821 5714; x_wconf 90' lang='lat' dir='ltr'><strong>in</strong></span> <span class='ocrx_word' id='word_1_885' title='bbox 1870 5660 2101 5731; x_wconf 84' lang='lat' dir='ltr'><strong>utroque</strong></span> <span class='ocrx_word' id='word_1_886' title='bbox 2136 5660 2318 5731; x_wconf 10' lang='lat' dir='ltr'><strong>Basil.;</strong></span> <span class='ocrx_word' id='word_1_887' title='bbox 2355 5668 2409 5714; x_wconf 88' lang='lat' dir='ltr'><strong>et</strong></span> <span class='ocrx_word' id='word_1_888' title='bbox 2458 5660 2713 5715; x_wconf 86' lang='lat' dir='ltr'><strong>Eusebio.</strong></span> <span class='ocrx_word' id='word_1_889' title='bbox 2789 5662 2833 5731; x_wconf 57' lang='grc' dir='ltr'><strong>τ’</strong></span> <span class='ocrx_word' id='word_1_890' title='bbox 2864 5662 3199 5731; x_wconf 74' lang='grc' dir='ltr'>ἐγχειρίζων.</span> 
     </span>
    </p>
   </div>
   <div class='ocr_carea' id='block_1_116' title="bbox 2988 5523 3448 5579">
    <p class='ocr_par' dir='ltr' id='par_1_116' title="bbox 2988 5523 3448 5579">
     <span class='ocr_line' id='line_1_116' title="bbox 2988 5523 3448 5579; baseline 0.007 -5"><span class='ocrx_word' id='word_1_891' title='bbox 2988 5524 3032 5554; x_wconf 76' lang='grc' dir='ltr'><strong>⁷ο</strong></span> <span class='ocrx_word' id='word_1_892' title='bbox 3061 5526 3134 5577; x_wconf 87' lang='lat' dir='ltr'><strong>tta</strong></span> <span class='ocrx_word' id='word_1_893' title='bbox 3167 5534 3217 5577; x_wconf 87' lang='lat' dir='ltr'><strong>et</strong></span> <span class='ocrx_word' id='word_1_894' title='bbox 3240 5523 3448 5579; x_wconf 82' lang='lat' dir='ltr'><strong>Casau-</strong></span> 
     </span>
    </p>
   </div>
   <div class='ocr_carea' id='block_1_117' title="bbox 2313 5592 3451 5717">
    <p class='ocr_par' dir='ltr' id='par_1_117' title="bbox 2313 5592 3451 5717">
     <span class='ocr_line' id='line_1_117' title="bbox 2313 5592 3451 5661; baseline 0.004 -18"><span class='ocrx_word' id='word_1_895' title='bbox 2313 5592 2355 5621; x_wconf 84' lang='lat'><strong>&quot;</strong></span> <span class='ocrx_word' id='word_1_896' title='bbox 2389 5592 2625 5661; x_wconf 83' lang='grc' dir='ltr'>Πατέρα.</span> <span class='ocrx_word' id='word_1_897' title='bbox 2657 5592 2997 5660; x_wconf 67' lang='lat' dir='ltr'><strong>Christopln,</strong></span> <span class='ocrx_word' id='word_1_898' title='bbox 3029 5592 3339 5647; x_wconf 84' lang='lat' dir='ltr'><strong>Casaubon.</strong></span> <span class='ocrx_word' id='word_1_899' title='bbox 3396 5605 3451 5647; x_wconf 93' lang='lat' dir='ltr'><strong>et</strong></span> 
     </span>
     <span class='ocr_line' id='line_1_118' title="bbox 2355 5660 3447 5717; baseline 0.002 -3"><span class='ocrx_word' id='word_1_900' title='bbox 2355 5668 2409 5714; x_wconf 87' lang='lat' dir='ltr'><strong>et</strong></span> <span class='ocrx_word' id='word_1_901' title='bbox 2458 5660 2713 5715; x_wconf 86' lang='lat' dir='ltr'><strong>Eusebio.</strong></span> <span class='ocrx_word' id='word_1_902' title='bbox 2789 5662 2833 5693; x_wconf 82' lang='lat'><strong>&quot;’</strong></span> <span class='ocrx_word' id='word_1_903' title='bbox 2864 5662 3199 5717; x_wconf 73' lang='grc' dir='ltr'>ἐγγειοίζων.</span> <span class='ocrx_word' id='word_1_904' title='bbox 3281 5663 3447 5717; x_wconf 82' lang='lat' dir='ltr'><strong>Basil.</strong></span> 
     </span>
    </p>
   </div>
   <div class='ocr_carea' id='block_1_118' title="bbox 198 5729 3446 5803">
    <p class='ocr_par' dir='ltr' id='par_1_118' title="bbox 198 5729 3446 5803">
     <span class='ocr_line' id='line_1_119' title="bbox 198 5729 3446 5803; baseline -0.001 -17"><span class='ocrx_word' id='word_1_905' title='bbox 198 5734 380 5787; x_wconf 69' lang='lat' dir='ltr'><strong>Graec.</strong></span> <span class='ocrx_word' id='word_1_906' title='bbox 422 5742 477 5788; x_wconf 90' lang='lat' dir='ltr'><strong>et</strong></span> <span class='ocrx_word' id='word_1_907' title='bbox 542 5729 807 5803; x_wconf 85' lang='lat' dir='ltr'><strong>Stephan.</strong></span> <span class='ocrx_word' id='word_1_908' title='bbox 846 5736 1121 5789; x_wconf 87' lang='lat' dir='ltr'><strong>Sirmondi</strong></span> <span class='ocrx_word' id='word_1_909' title='bbox 1156 5735 1442 5789; x_wconf 85' lang='lat' dir='ltr'><strong>lectionem</strong></span> <span class='ocrx_word' id='word_1_910' title='bbox 1472 5734 1671 5803; x_wconf 86' lang='lat' dir='ltr'><strong>habent</strong></span> <span class='ocrx_word' id='word_1_911' title='bbox 1711 5732 1875 5785; x_wconf 82' lang='lat' dir='ltr'><strong>Basil.</strong></span> <span class='ocrx_word' id='word_1_912' title='bbox 1926 5729 2067 5803; x_wconf 42' lang='lat' dir='ltr'><strong>Lat},</strong></span> <span class='ocrx_word' id='word_1_913' title='bbox 2100 5729 2401 5803; x_wconf 53' lang='lat' dir='ltr'><strong>Casaub.,</strong></span> <span class='ocrx_word' id='word_1_914' title='bbox 2426 5729 3035 5803; x_wconf 21' lang='lat' dir='ltr'><strong>Christoph.,AScaiiget—&#39;</strong></span> <span class='ocrx_word' id='word_1_915' title='bbox 3062 5748 3183 5785; x_wconf 89' lang='lat' dir='ltr'><strong>cum</strong></span> <span class='ocrx_word' id='word_1_916' title='bbox 3217 5731 3446 5803; x_wconf 61' lang='lat' dir='ltr'><strong>Niceph,</strong></span> 
     </span>
    </p>
   </div>
   <div class='ocr_carea' id='block_1_119' title="bbox 198 5803 565 5857">
    <p class='ocr_par' dir='ltr' id='par_1_119' title="bbox 198 5803 565 5857">
     <span class='ocr_line' id='line_1_120' title="bbox 198 5803 565 5857; baseline 0 0"><span class='ocrx_word' id='word_1_917' title='bbox 198 5804 247 5833; x_wconf 81' lang='lat'><strong>‘°</strong></span> <span class='ocrx_word' id='word_1_918' title='bbox 275 5803 495 5857; x_wconf 71' lang='lat' dir='ltr'><strong>Hallem</strong></span> <span class='ocrx_word' id='word_1_919' title='bbox 536 5821 565 5856; x_wconf 86' lang='grc' dir='ltr'><strong>τ</strong></span> 
     </span>
    </p>
   </div>
   <div class='ocr_carea' id='block_1_120' title="bbox 191 5865 1041 5946">
    <p class='ocr_par' dir='ltr' id='par_1_120' title="bbox 191 5865 1041 5946">
     <span class='ocr_line' id='line_1_121' title="bbox 191 5865 1041 5946; baseline 0.002 -20"><span class='ocrx_word' id='word_1_920' title='bbox 191 5865 396 5945; x_wconf 70' lang='lat' dir='ltr'><strong>Steph.</strong></span> <span class='ocrx_word' id='word_1_921' title='bbox 474 5874 518 5906; x_wconf 85' lang='grc'><strong><em>⁹²</em></strong></span> <span class='ocrx_word' id='word_1_922' title='bbox 553 5865 752 5946; x_wconf 68' lang='grc' dir='ltr'>λαχὼν.</span> <span class='ocrx_word' id='word_1_923' title='bbox 802 5865 1041 5932; x_wconf 68' lang='grc' dir='ltr'>Βυέοϐτ.</span> 
     </span>
    </p>
   </div>
   <div class='ocr_carea' id='block_1_121' title="bbox 569 5800 2500 5873">
    <p class='ocr_par' dir='ltr' id='par_1_121' title="bbox 569 5800 2500 5873">
     <span class='ocr_line' id='line_1_122' title="bbox 569 5800 2500 5873; baseline -0.002 -16"><span class='ocrx_word' id='word_1_924' title='bbox 569 5806 603 5873; x_wconf 79' lang='grc' dir='ltr'>ᾔ</span> <span class='ocrx_word' id='word_1_925' title='bbox 641 5800 849 5857; x_wconf 70' lang='grc' dir='ltr'>σαυτοῦ</span> <span class='ocrx_word' id='word_1_926' title='bbox 888 5822 946 5872; x_wconf 83' lang='grc' dir='ltr'><strong>φ.</strong></span> <span class='ocrx_word' id='word_1_927' title='bbox 987 5820 1111 5859; x_wconf 91' lang='lat' dir='ltr'><strong>cum</strong></span> <span class='ocrx_word' id='word_1_928' title='bbox 1155 5803 1350 5860; x_wconf 84' lang='lat' dir='ltr'><strong>Euseb.</strong></span> <span class='ocrx_word' id='word_1_929' title='bbox 1388 5813 1440 5859; x_wconf 92' lang='lat' dir='ltr'><strong>ct</strong></span> <span class='ocrx_word' id='word_1_930' title='bbox 1480 5802 1724 5873; x_wconf 79' lang='lat' dir='ltr'><strong>Niccplt.,</strong></span> <span class='ocrx_word' id='word_1_931' title='bbox 1754 5804 1896 5873; x_wconf 87' lang='lat' dir='ltr'><strong>quod</strong></span> <span class='ocrx_word' id='word_1_932' title='bbox 1922 5811 1973 5857; x_wconf 89' lang='lat' dir='ltr'><strong>et</strong></span> <span class='ocrx_word' id='word_1_933' title='bbox 2020 5802 2261 5857; x_wconf 75' lang='lat' dir='ltr'><strong>Valesius</strong></span> <span class='ocrx_word' id='word_1_934' title='bbox 2288 5800 2500 5869; x_wconf 70' lang='lat' dir='ltr'><strong>probat.</strong></span> 
     </span>
    </p>
   </div>
   <div class='ocr_carea' id='block_1_122' title="bbox 2578 5801 3442 5870">
    <p class='ocr_par' dir='ltr' id='par_1_122' title="bbox 2578 5801 3442 5870">
     <span class='ocr_line' id='line_1_123' title="bbox 2578 5801 3442 5870; baseline 0.002 -17"><span class='ocrx_word' id='word_1_935' title='bbox 2578 5801 2617 5829; x_wconf 87' lang='grc'>⁸¹</span> <span class='ocrx_word' id='word_1_936' title='bbox 2646 5801 2795 5870; x_wconf 71' lang='grc' dir='ltr'>αὐτῷ</span> <span class='ocrx_word' id='word_1_937' title='bbox 2820 5817 2914 5870; x_wconf 78' lang='lat' dir='ltr'><strong>per</strong></span> <span class='ocrx_word' id='word_1_938' title='bbox 2950 5803 3136 5855; x_wconf 68' lang='lat' dir='ltr'><strong>vitium</strong></span> <span class='ocrx_word' id='word_1_939' title='bbox 3172 5802 3442 5857; x_wconf 76' lang='lat' dir='ltr'><strong>scribendi</strong></span> 
     </span>
    </p>
   </div>
  </div>
