4206 6450
752 378 857 441 983

1726 385 2211 449 TIIEODORETI
2236 389 2575 451 EPISCOPI
2608 390 2972 452 CYRENSIS

3899 397 4017 461 986

752 496 1043 546 currentes
1078 489 1287 553 hortor,
1333 500 1390 545 ut
1436 490 1649 562 abiecta
1682 497 1830 550 omni
1871 500 2224 557 cunctatione
2274 502 2329 558 in

2438 504 2599 572 ὑμᾶς,
2632 500 2693 556 τὸ
2717 502 2812 557 τοῦ
2837 504 3019 573 λόγου,
3047 503 3446 576 προτρέπομαι,
3469 508 3641 580 χωρίς
3668 528 3815 576 τινος
3845 512 4017 585 ὑπερ-

756 595 924 634 unum
979 581 1340 647 conveniatis,
1388 586 1768 655 synodumque
1800 587 2110 655 celebretis,
2140 591 2210 647 iis
2240 594 2333 663 qui

754 672 961 726 auxilio
995 673 1235 743 indigent
1260 675 1628 744 opitulemini,
1667 676 2047 735 laborantibus
2067 681 2334 739 fratribus

755 762 1114 825 subveniatis,
1143 765 1411 822 distracta
1442 770 1685 824 membra
1738 773 1807 825 ad
1862 776 2216 831 concordiam
2249 792 2335 833 re-

755 852 985 919 vocetis,
1017 866 1197 911 errata
1243 858 1371 912 dum
1424 866 1639 930 tempus
1692 864 1898 932 patitur
1933 868 2243 935 corrigatis,
2274 876 2335 923 ut

757 952 837 998 tot
888 946 1165 1019 tantisque
1218 950 1519 1019 provinciis
1579 964 1974 1026 congruentem
2026 962 2333 1016 animorum

756 1038 1176 1094 consensionem
1208 1039 1471 1106 reddatis,
1518 1060 1680 1112 quam
1716 1061 2037 1115 paucorum,
2073 1050 2209 1119 proh
2233 1068 2333 1108 ne-

756 1126 843 1184 fas
869 1132 881 1183 l
920 1130 1201 1186 hominum
1227 1136 1479 1204 superbia
1510 1136 1819 1207 dissipavit.
1848 1139 1962 1197 Hoc
1986 1154 2170 1199 autem
2202 1148 2333 1217 quin

756 1226 813 1272 et
871 1218 980 1275 Deo
1045 1223 1211 1293 817
1267 1228 1647 1282 universorum
1706 1228 1936 1286 Domino
1988 1246 2225 1305 gratum,
2281 1247 2336 1292 et

757 1312 914 1367 nobis
939 1313 1097 1384 longe
1120 1318 1553 1387 Optatissimum,
1591 1328 1644 1375 et
1680 1322 1837 1379 vobis
1883 1324 2039 1393 ipsis,
2069 1329 2114 1380 si
2146 1341 2333 1395 pacem

757 1404 1135 1469 restitueritis,
1163 1424 1267 1463 non
1292 1410 1501 1481 vulgari
1536 1412 1723 1481 gloria
1750 1416 1945 1469 merito
1972 1416 2218 1471 futurum
2243 1419 2331 1483 sit,

758 1495 1033 1551 neminem
1057 1505 1186 1567 puto
1203 1514 1328 1555 esse
1356 1503 1666 1556 mortalium
1695 1504 1785 1572 qui
1805 1506 2334 1565 reclamet.Proinde

760 1600 829 1640 ne
890 1588 1125 1658 amplius
1187 1594 1521 1648 cunctemini
1577 1613 1589 1648 :
1634 1596 1728 1650 sed
1783 1597 1992 1653 intento
2026 1600 2137 1669 jam
2188 1618 2336 1657 nunc

758 1679 943 1734 studio
992 1680 1118 1738 date
1162 1699 1403 1754 operam,
1448 1694 1507 1741 ut
1569 1703 1689 1757 quae
1752 1690 1957 1745 instant
2014 1695 2335 1762 congruenti

756 1773 910 1828 exitu
962 1777 1289 1840 terminctis,
1344 1794 1466 1834 cum
1528 1782 1674 1833 omni
1751 1783 2067 1841 sinceritate
2116 1802 2180 1842 ac
2234 1789 2336 1843 fide

758 1870 1042 1926 coeuntes,
1073 1882 1235 1936 quam
1269 1869 1471 1937 passim
1523 1867 1784 1924 Servator
1835 1872 1945 1938 ille,
1998 1892 2159 1945 quem
2201 1878 2337 1931 coli-

761 1970 901 2021 mus,
936 1963 1143 2011 tanlum
1196 1974 1302 2014 non
1346 1961 1491 2015 edita
1541 1976 1677 2018 voce
1717 1980 1745 2017 a
1781 1965 1942 2021 nobis
1991 1969 2336 2037 potissimum

759 2046 1037 2117 efﬂagitat.
1064 2050 1142 2105 Ad
1168 2067 1253 2107 me
1274 2068 1425 2115 vero,
1454 2054 1963 2127 providentiamque
1988 2074 2163 2113 meam
2188 2060 2335 2130 quod

761 2138 984 2203 attinet,
1020 2140 1157 2195 nihil
1186 2142 1613 2198 desiderabitur.
1649 2145 1781 2211 Quae
1808 2163 1904 2217 per
1938 2149 2147 2203 litteras
2168 2151 2338 2219 signi-

764 2226 992 2295 ficastis,
1035 2231 1216 2285 omnia
1269 2234 1501 2303 explevi.
1546 2234 1755 2305 Scripsi
1811 2240 2085 2309 episcopis
2138 2241 2337 2310 quibus

761 2320 1035 2387 voluistis,
1058 2331 1118 2379 ut
1143 2324 1352 2389 adsint,
1375 2334 1427 2379 et
1457 2327 1510 2380 in
1537 2337 1743 2396 partem
1773 2345 2028 2384 curarum
2056 2333 2336 2387 vobiscum

760 2413 1006 2469 veniant.
1040 2413 1159 2471 Misi
1199 2417 1360 2471 etiam
1404 2417 1721 2490 Dionysium
1774 2423 2216 2490 exconsularem,
2246 2427 2338 2495 qui

763 2512 818 2559 ct
874 2505 1162 2575 episcopos
1214 2523 1355 2578 quos
1431 2510 1496 2563 ad
1552 2510 1821 2580 synodum
1879 2515 2069 2569 venire
2125 2526 2341 2585 oportet

763 2594 1238 2661 commonefaciat,
1293 2606 1348 2653 et
1397 2615 1586 2655 eorum
1638 2618 1759 2672 qum
1807 2614 2090 2674 gerentur,
2150 2609 2340 2678 impri-

764 2681 980 2753 misque
1032 2688 1165 2740 recti
1220 2687 1430 2742 ordinis
1481 2690 1796 2746 moderator
1847 2694 2090 2749 assistat.
2127 2695 2183 2750 Si
2214 2698 2340 2767 quis

763 2772 933 2839 enim,
971 2773 1117 2842 quod
1174 2776 1399 2830 minime
1444 2778 1717 2847 suspicor,
1748 2780 2053 2849 jussionem
2094 2795 2339 2840 nostram

762 2862 927 2918 etiam
988 2881 1135 2921 nunc
1193 2868 1419 2937 rejicere
1473 2872 1722 2939 studens,
1759 2873 1952 2930 adesse
1984 2878 2001 2899 ‘
2049 2880 2339 2947 recusarit,

767 2956 896 3010 hinc
936 2970 965 3009 a
1003 2958 1160 3014 nobis
1191 2960 1457 3028 mittetur,
1488 2964 1579 3033 qui
1606 2961 1674 3019 de
1693 2980 1794 3020 suo
1816 2966 1965 3021 illum
1994 2969 2162 3038 gradu
2188 2986 2341 3025 man-

764 3046 894 3099 dato
924 3055 1115 3102 nostro
1144 3049 1384 3116 dejiciat,
1408 3051 1711 3123 doceatque
1735 3055 2081 3125 imperatoris
2104 3058 2340 3117 decretis

2436 595 2638 661 θέσεως
2689 599 2769 659 εἰς
2818 596 2985 650 ταύτὸ
3029 597 3378 667 συνδραμεῖν,
3426 600 3521 653 καὶ
3571 600 3862 674 πληρῶσαι
3911 604 4020 672 τὴν

2437 684 2677 750 σύνοδον,
2711 682 2991 755 ἐπαμῦναι
3026 688 3141 749 τοῖς
3176 686 3471 757 χρῄζουσιν
3509 690 3854 764 ἐπικουρίας,
3885 696 4021 757 τούς

2436 775 2698 845 ἀδελφοὺς
2754 773 3041 845 ίατρεῦσαι
3092 776 3504 842 κινδυνεύοντας
3543 782 3585 845 ³,
3626 783 3706 845 είς
3760 784 4020 852 ὁμόνοιαν

2437 868 2806 935 ἐπαναγαγεῖν
2837 864 2951 937 [62]
2986 867 3055 921 τά
3097 867 3363 923 διεστῶτα
3401 870 3512 923 τῶν
3554 871 3750 941 μελῶν,
3784 873 4020 946 διορθώ-

2440 958 2636 1013 σασθαι
2674 959 2744 1014 τὰ
2775 958 3245 1031 πλημμελούμενα
3279 963 3354 1026 ὼς
3388 963 3408 995 ³
3446 965 3640 1035 καιρὸς
3692 966 4017 1037 ἐπιτρέπει·

2438 1051 2525 1104 ἴνα
2557 1047 2679 1115 ταῖς
2728 1051 3019 1114 τοσαύταις
3054 1054 3345 1124 ἐπαρχίαις
3375 1055 3475 1126 τὴν
3518 1056 3836 1126 πρέπουσαν
3880 1061 4022 1113 ἀπο-

2436 1141 2572 1196 δῶτε
2616 1143 2955 1213 συμφωνίαν,
2979 1143 3067 1213 ἢν,
3114 1143 3216 1213 φεῦ
3264 1145 3363 1215 τῆς
3407 1147 3677 1211 ἀτοπίαςῐ
3713 1148 4021 1218 ἐλαχίστων

2437 1233 2744 1306 ἀνθρώπων
2799 1233 3083 1289 ἀπώλεσεν
3134 1235 3424 1307 ὑπεροψία.
3452 1239 3576 1292 Ὅτι
3618 1238 3675 1292 δέ
3721 1239 3886 1293 τοῦτο
3922 1242 4022 1293 καὶ

2437 1324 2515 1393 τῷ
2538 1323 2782 1397 Δεσπότῃ
2813 1324 2924 1379 τῶν
2958 1326 3093 1379 ὅλων
3123 1325 3242 1397 Θεῷ
3276 1328 3431 1380 ἐστιν
3463 1329 3713 1399 άρεστον,
3757 1330 3850 1383 καὶ
3882 1331 4023 1401 ἡμῖν

2438 1417 2619 1486 πάσης
2666 1415 2832 1487 εὐχῆς
2864 1418 3184 1489 ὑπέρτερον,
3234 1418 3327 1471 καὶ
3361 1418 3489 1489 ὑμῖν
3540 1420 3726 1483 αὐτοῖς
3752 1461 3768 1484 ,
3816 1420 3912 1474 ἐάν
3954 1438 4023 1489 γε

2436 1508 2538 1578 τὴν
2586 1509 2813 1580 εἰρήνην
2862 1509 3276 1578 ἀνακαλέσησθε
3302 1511 3344 1573 ⁸,
3384 1511 3444 1563 οὐ
3494 1512 3594 1581 τῆς
3635 1529 3699 1577 γε
3745 1513 4023 1582 τυχούσης

2438 1598 2588 1665 ἄξιον
2642 1599 2917 1665 εὐδοξίας,
2969 1600 3216 1665 ἅπαντας
3255 1601 3577 1672 ἀνθρώπους
3634 1604 4023 1674 συνομολογεῖν

2438 1691 2572 1763 ἡγοῦ
2582 1709 2698 1761 μαι.
2719 1693 2809 1763 Μὴ
2835 1692 3015 1746 τοίνυν
3042 1692 3261 1762 μέλλετε
3287 1691 3494 1756 λοιπὸν,
3514 1694 3628 1746 ἀλλ’
3650 1695 4025 1758 ἐπιτείναντες

2440 1784 2689 1838 ἐντεῦθεν
2719 1784 2818 1855 ήδη
2858 1783 2927 1837 τά
2960 1784 3062 1853 τῆς
3110 1783 3439 1854 προθυμίας,
3480 1785 3592 1846 τοῖς
3631 1785 4023 1855 προκειμένοις

2439 1876 2565 1945 ὅρον
2594 1874 2860 1927 ἐπιθεῖναι
2899 1874 3236 1928 σπουδάσατε
3288 1875 3380 1927 τὸν
3423 1877 3803 1945 προσήκοντα,
3861 1877 4007 1946 μετὰ

2440 1966 2621 2036 πάσης
2664 1965 3012 2037 εἰλικρινείας
3038 1967 3058 1997 ⁵
3090 1966 3287 2038 δηλαδὴ
3337 1966 3429 2019 καὶ
3467 1966 3705 2030 πίστεως
3738 1968 4023 2021 συνελθόν-

2439 2074 2549 2120 τες,
2580 2058 2647 2127 ἢν
2680 2056 2984 2126 ἑκασταχοῦ
3023 2057 3304 2128 μονονουχὶ
3336 2059 3522 2127 φωνὴν
3552 2059 3736 2128 ἀφιεὶς
3761 2060 3789 2112 6
3820 2060 4020 2131 Σωτὴρ

2441 2149 2666 2210 ἐκεῖνος,
2694 2141 2738 2215 ᾧ
2768 2146 3126 2217 λατρεύομεν,
3154 2150 3377 2202 ἀπαιτεί
3402 2149 3655 2218 μάλιστα.
3688 2151 3827 2220 Παρ⁹
3858 2150 4021 2221 ἡμῶν

2439 2236 2496 2289 δὲ
2529 2235 2681 2289 οὐδὲν
2726 2234 2835 2287 τῶν
2872 2236 2953 2298 είς
2998 2235 3097 2305 τὴν
3133 2236 3273 2305 ἐμὴν
3320 2234 3607 2289 εὐλάϐειαν
3652 2237 3896 2306 ἡκόντων
3931 2237 4023 2288 ἐν-

2438 2325 2641 2395 δεήσει.
2677 2325 2864 2378 Πάντα
2897 2341 2984 2393 μοι
3016 2324 3334 2394 πέπρακται
3363 2325 3462 2378 ὅσα
3490 2325 3795 2394 γράφοντες
3820 2323 4024 2395 ἐδηλώ-

2442 2434 2593 2471 σατε.
2647 2416 3007 2470 Ἐπέστειλα⁶
3048 2417 3186 2487 πρὸς
3234 2415 3327 2479 οὒς
3377 2415 3703 2487 ἐδουλήθητε
3749 2415 3858 2469 τῶν
3900 2417 4026 2468 ἐπι·

2444 2509 2682 2573 σκόπων,
2713 2508 2799 2561 ἵνα
2830 2508 3263 2580 παραγενόμενοι
3309 2508 3711 2579 κοινωνήσωσιν
3750 2508 3882 2577 ὑμῖν
3905 2506 4023 2559 τῶν

2441 2601 2878 2672 φροντισμάτων.
2909 2599 3231 2653 ’Δπέστειλα
3269 2599 3543 2652 Διονύσιον
3568 2598 3662 2651 τὸν
3691 2599 3800 2653 ἀπὸ
3830 2600 4024 2652 ὑπατι-

2442 2692 2574 2754 κῶν,
2610 2690 2669 2754 ὅς
2697 2690 2791 2743 καὶ
2819 2690 2944 2752 τοὺς
2983 2688 3297 2756 ὀφείλοντας
3330 2689 3410 2750 είς
3434 2689 3533 2758 τὴν
3582 2687 3799 2741 σύνοδον
3830 2687 4026 2756 ἀφικέ-

2444 2782 2567 2836 σθαι
2614 2782 2731 2852 μεθ’
2760 2781 2916 2851 ὐμῶν
2948 2780 3278 2851 ὑπομνήσει,
3312 2780 3407 2832 καὶ
3452 2778 3562 2831 τῶν
3597 2778 4021 2851 πραττομένων,

2443 2874 2736 2946 ἐξαιρέτως
2782 2873 2839 2926 δὲ
2881 2873 2979 2942 τῆς
3028 2870 3281 2935 εὐταξίας
3328 2870 3680 2933 κατάσκοπος
3720 2869 4021 2940 παρέσται.

2456 2964 2580 3018 Ἐάν
2619 2966 2727 3035 γάρ
2762 2981 2865 3027 τις,
2914 2963 2989 3026 ὡς
3036 2962 3211 3030 ἔγωγε
3249 2961 3350 3014 οὐκ
3400 2958 3574 3031 οἶμαι,
3606 2960 3706 3031 τὴν
3739 2960 4025 3032 ἡμετέραν

2443 3055 2690 3109 κέλευσιν
2738 3054 2832 3106 καὶ
2890 3052 2985 3105 νῦν
3031 3050 3457 3123 διακρούσασθαι
3514 3050 3892 3121 πειρώμενος,
3945 3048 4024 3121 μὴ

766 3149 865 3202 pro
894 3136 1121 3192 veritate
1145 3138 1309 3196 editis
1344 3142 1598 3197 reluctari
1640 3144 1792 3201 nefas
1832 3162 1976 3203 esse.
2014 3149 2337 3208 Sanctitatis

2446 3146 2678 3216 βουληθῇ
2718 3144 3146 3217 παραγενέσθαι,
3180 3142 3431 3195 ἐντεῦθεν
3475 3144 3607 3215 παρ’
3642 3143 3797 3213 ήμῶν
3830 3144 3851 3172 τ
3892 3144 4024 3195 ἁπο-

764 3233 963 3282 vestra:
994 3228 1060 3282 de
1094 3237 1293 3285 caetero
1328 3242 1509 3301 partes
1548 3244 1732 3298 erunt,
1789 3246 1848 3292 ut
1898 3241 2160 3295 concordi
2201 3241 2342 3311 judi-

766 3319 873 3384 cio,
896 3319 1042 3389 quod
1092 3337 1190 3375 nec
1226 3323 1352 3378 odio
1397 3326 1620 3397 serviat,
1657 3345 1757 3383 nec
1788 3333 1996 3400 gratiae,
2028 3334 2121 3397 sed
2166 3335 2342 3391 eccle-

765 3406 1044 3467 siastiCam
1079 3412 1246 3483 818
1276 3423 1329 3468 et
1363 3417 1717 3485 apostolicam
1752 3422 1994 3490 regulam
2054 3433 2339 3495 sequatur,

765 3505 1030 3576 quidquid
1066 3518 1345 3576 peccatum
1371 3518 1473 3575 est,
1507 3519 1600 3567 aut
1632 3529 1725 3582 per
1741 3530 1986 3571 errorem
2016 3500 2338 3587 admissum,

767 3611 1076 3669 congruens
1110 3601 1415 3655 remedium
1463 3603 1785 3672 exquiratis.
1834 3605 1906 3660 Ut
1948 3616 2001 3662 et
2038 3609 2339 3667 Ecclesiam

767 3688 915 3744 omni
948 3688 1288 3759 blasphemia
1329 3692 1591 3757 liberetis,
1623 3704 1675 3749 et
1705 3695 2128 3754 sollicitudinem
2166 3716 2341 3757 meam

767 3779 1045 3845 relevetis,
1089 3781 1351 3851 pacisque
1403 3783 1726 3840 beneficium
1763 3788 1833 3841 iis
1878 3789 1973 3857 qui
2006 3806 2149 3845 nunc
2176 3792 2342 3848 dissi-

768 3869 899 3926 dent
946 3873 1320 3937 restituentes,
1367 3875 1597 3942 gloriam
1650 3878 1808 3933 vobis
1859 3878 1993 3949 ipsis
2046 3883 2338 3937 maximam

768 3968 1121 4037 comparetis.
1144 3966 1286 4023 Deus
1308 3983 1404 4023 vos
1426 3980 1731 4034 conservet,
1755 3971 1948 4028 fratres
1973 3974 2337 4030 dilectissimi.

769 4054 974 4128 Tyrum
1009 4057 1175 4126 igitur
1234 4057 1338 4111 hoc
1389 4058 1553 4113 modo
1605 4062 2006 4119 conﬂuentibus
2041 4067 2339 4136 episc0pis,

767 4154 1037 4200 venerunt
1066 4146 1227 4199 etiam
1280 4149 1527 4202 nonnulli
1568 4165 1747 4219 pravae
1793 4152 2059 4208 doctrinae
2113 4155 2344 4211 insimu-

772 4236 885 4301 lati,
912 4252 1143 4306 quorum
1183 4251 1214 4291 e
1247 4253 1477 4294 numero
1504 4238 1604 4295 fuit
1646 4243 1906 4312 Asclepas
1950 4245 2199 4303 Gazaus.
2232 4245 2341 4303 Ve-

769 4329 852 4382 nit
876 4337 930 4385 et
964 4329 1322 4387 admirandus
1359 4333 1710 4392 Athanasius.
1746 4336 1903 4393 Libet
1948 4348 2129 4395 autem
2173 4355 2340 4395 accu-

769 4422 1003 4477 sationis
1033 4422 1186 4492 prius
1208 4440 1480 4493 exponere
1505 4428 1829 4498 tragmdiam
1857 4448 1871 4484 :
1904 4437 2020 4486 tum
2047 4446 2111 4486 ea
2144 4431 2343 4486 deinde

770 4528 891 4581 quae
923 4513 978 4566 in
1004 4511 1225 4569 famoso
1240 4514 1448 4585 judicio
1475 4518 1848 4590 contigerunt.

2446 3242 2793 3310 σταλήσεται,
2837 3240 2895 3303 ὃς
2935 3240 2999 3291 ἐκ
3048 3236 3326 3308 βασιλικοῦ
3383 3238 3804 3307 προστάγματος
3852 3236 4027 3290 αὐτὸν

2443 3330 2709 3397 ἐκϐαλὼν,
2750 3331 2825 3395 ὡς
2848 3331 2908 3383 οὐ
2941 3331 3217 3401 προσῆκεν
3260 3329 3408 3399 ὅροις
3434 3327 3834 3397 αὐτοκράτορος
3875 3326 4025 3395 ὐπέρ

2442 3425 2543 3497 τῆς
2566 3424 2588 3456 ⁸
2619 3422 2878 3493 ἀληθείας
2911 3420 3271 3491 ἐξενεχθεῖσιν
3305 3418 3623 3473 ἀντιτείνειν
3652 3418 3873 3481 διδάξει.
3900 3418 4027 3471 Act-

2444 3514 2545 3566 πὺν
2573 3512 2725 3565 ἔσται
2744 3512 2844 3581 τῆς
2864 3509 3137 3580 ὑμετέρας
3160 3509 3437 3580 ὁσιότητος
3467 3508 3645 3577 ἔργον,
3675 3505 4024 3576 όμογνώμονι

2444 3604 2643 3675 κρίσει,
2673 3604 2810 3674 μήτε
2839 3601 2977 3672 πρὸς
3000 3600 3316 3670 ἀπέχθειαν,
3351 3601 3487 3670 μήτε
3520 3599 3655 3670 πρὸς
3684 3598 3867 3668 χάριν,
3897 3600 4024 3651 ἀκο-

2443 3695 2646 3758 λούθως
2671 3711 2731 3747 τε
2763 3692 2839 3763 τῷ
2873 3691 3310 3763 ἐκκλησιαστικῷ
3331 3691 3424 3744 καὶ
3445 3690 3784 3761 ἀποστολικῷ
3808 3690 4020 3753 κανόνι,

2442 3788 2558 3849 τοῖς
2597 3784 3090 3857 πλημμεληθεῖσιν,
3123 3785 3221 3836 εἴτ’
3252 3780 3344 3836 οὖν
3375 3783 3519 3836 κατὰ
3550 3783 3774 3852 σφάλμα
3815 3782 4022 3851 συμϐε-

2444 3878 2657 3949 ϐηκόσι,
2692 3877 2789 3947 τὴν
2824 3876 3199 3947 ἁρμόττουσαν
3225 3875 3522 3944 θεραπείαν
3551 3873 3858 3942 ἐπινοῆσαι.
3900 3874 4021 3926 Ἵνα

2444 3972 2538 4026 καὶ
2587 3971 2767 4040 πάσης
2798 3968 3145 4039 βλασφημίας
3188 3965 3590 4037 ἐλευθερώσητε
3634 3966 3733 4035 τὴν
3793 3964 4023 4035 Ἐκκλη-

2446 4062 2590 4127 σίαν,
2642 4062 2735 4114 καὶ
2769 4062 2866 4124 τὰς
2914 4060 3052 4129 ἐμὰς
3084 4060 3104 4091 ⁹
3140 4058 3532 4127 ἐπικουφίσητε
3564 4056 3874 4126 φροντίδας,
3926 4056 4023 4109 καὶ

2443 4156 2541 4227 τὴν
2562 4155 2661 4226 τῆς
2688 4156 2907 4226 εἰρήνης
2931 4154 3091 4224 χάριν
3128 4154 3241 4214 τοῖς
3279 4150 3374 4203 νῦν
3410 4147 3856 4217 στασιαζομένοις
3885 4149 4023 4201 ἀπο-

2442 4248 2642 4312 δόντες,
2682 4248 2943 4318 μεγίστην
2978 4244 3225 4299 εὔκλειαν
3257 4244 3385 4313 ὑμῖν
3411 4242 3595 4305 αὐτοῖς
3621 4241 4019 4312 προξενήσητε.

2455 4339 2514 4392 '0
2545 4339 2676 4402 Θεὸς
2715 4340 2857 4408 ὑμᾶς
2884 4336 3255 4405 διαφυλάττοι,
3284 4333 3503 4402 ἀδελφοὶ
3534 4331 3827 4401 ἀγαπητοί.
3859 4331 4025 4384 Οὕτω

2444 4430 2508 4499 δὴ
2543 4429 2651 4483 τῶν
2686 4428 3000 4481 ἐπισκόπων
3023 4428 3102 4489 είς
3134 4425 3233 4495 τὴν
3255 4424 3429 4494 Τύρον
3460 4422 3929 4476 συναυλισθέντων
3955 4422 4022 4485 ’⁸,

2372 4513 2417 4567 1)
2444 4520 2702 4589 ἀφίκοντο
2734 4518 2831 4588 μὲν
2860 4518 2952 4571 καὶ
2982 4516 3132 4569 ἄλλοι
3155 4514 3298 4578 τινές
3327 4514 3617 4585 δογμάτων
3641 4512 3946 4583 διαφθοράν
3979 4514 4024 4544 ¹¹

769 4606 1183 4678 ἐγκαλούμενοι,
1214 4603 1288 4664 ὧν
1335 4607 1415 4674 είς
1456 4607 1525 4682 ἦν
1558 4616 1652 4666 καὶ
1684 4614 2002 4686 Ἀσκληπᾶς
2029 4617 2057 4669 6
2085 4616 2335 4682 Γαζαῖος.
2379 4615 2633 4685 Ἀφίκετο
2657 4614 2713 4666 δέ
2744 4614 2839 4666 καὶ
2865 4611 3182 4673 Ἀθανάσιος
3231 4612 3259 4664 6
3302 4609 3602 4679 θαυμάσιος
3639 4611 3702 4661 ".
3748 4608 4029 4678 Βούλομαι

769 4699 828 4752 δέ
863 4698 1079 4769 πρῶτον
1130 4701 1228 4770 τὴν
1274 4701 1374 4771 τῆς
1423 4704 1759 4775 κατηγορίας
1808 4706 2174 4777 διηγήσασθαι
2212 4708 2542 4779 τραγῳδίαν,
2574 4702 2672 4759 εἷθ’
2711 4703 2884 4768 οὕτως
2912 4701 3338 4775 συγγράψασθαι
3389 4700 3433 4732 ¹³
3492 4701 3560 4753 τά
3609 4700 3748 4754 κατὰ
3817 4699 3879 4752 τὸ
3929 4716 4029 4752 “m-

770 4788 1131 4860 λυθρύλλητον
1153 4790 1516 4864 δικαστήριον.

1028 4880 1178 4937 CAP.
1219 4882 1456 4940 xxvm.
1493 4886 1573 4948 [Β.
1619 4887 1698 4942 St.
1733 4888 1834 4941 Ch.
1864 4887 1927 4942 v.
1962 4888 2078 4961 δα]

1156 4972 1232 5027 De
1259 4977 1481 5031 concilio
1516 4977 1644 5049 Tyri
1675 4979 1953 5033 celebrato.

842 5063 1107 5122 Arsenius
1146 5066 1365 5137 quidam
1410 5078 1549 5134 erat,
1594 5070 1891 5126 Meletiana:
1937 5071 2346 5126 communionis

2932 4880 3048 4954 [63]
3091 4882 3342 4935 ΚΕΦΑΛ.
3383 4882 3518 4932 κη’.

2578 4977 2711 5045 Περὶ
2743 4974 2854 5045 τῆς
2874 4975 2944 5029 ἐν
2977 4976 3138 5043 Τύρῳ
3166 4972 3565 5044 γεγενημένης
3590 4970 3877 5024 συνόδου.

2529 5068 2803 5140 Ἀρσένιός
2830 5085 2913 5132 τις
2939 5067 3045 5121 τῶν
3068 5066 3331 5121 Μελετίου
3362 5064 3691 5119 κοινωνικῶν
3719 5063 4025 5128 ἐπίσκοπος

2076 5160 2310 5215 VARIIE
2350 5158 2636 5214 LECTION
2646 5157 2745 5214 ES.

845 5251 867 5281 ⁸
896 5251 1364 5321 κινδυνεύσαντας.
1396 5252 1560 5309 Basil.
1590 5254 1685 5309 Gr.
1716 5261 1770 5309 et
1792 5254 1909 5307 Lat.
1992 5254 2011 5284 ³
2038 5254 2162 5317 ἕως.
2192 5253 2507 5321 Christoph.
2539 5260 2593 5306 et
2620 5251 2825 5307 Euseb.

774 5317 980 5394 IV,_42.
1056 5322 1498 5394 ξ-ἐπικαλέσησθε
1546 5325 1812 5394 Stephan.
1889 5326 1910 5356 ⁵
1945 5324 2250 5394 προθυμίας
2312 5317 2625 5391 (Σὴτῖειορίι.

2865 5250 2957 5320 qui
2984 5250 3125 5304 hanc
3148 5250 3309 5319 epist.
3349 5249 3511 5303 habet
3550 5246 3636 5320 De
3665 5247 3774 5301 vita
3822 5247 4021 5320 Co_nst.

2736 5322 2758 5352 ⁸
2788 5322 2861 5374 Ita
2885 5316 3298 5375 rescribendum
3338 5336 3368 5373 e
3400 5320 3566 5373 Basil.
3598 5316 3772 5369 Graec.
3805 5326 3858 5370 et
3893 5317 4023 5374 Lat.

774 5389 1038 5455 probante
1066 5389 1282 5448 Valesio
1316 5387 1754 5449 a'd'Eusebii'cit.
1792 5395 1894 5449 loc.
1929 5387 2258 5449 Si'rmondus
2298 5387 2589 5447 ἀπέστειλα
2638 5391 2888 5457 habebat,
2924 5392 3066 5459 quod
3094 5398 3177 5445 est
3235 5392 3289 5443 in
3323 5390 3508 5459 Steph.
3598 5388 3617 5418 ⁷
3650 5387 3722 5439 Ita
3746 5390 4021 5459 rescripsi

777 5601 981 5673 phan.__
1014 5601 1034 5631 ’
1064 5599 1162 5673 τάς
1186 5599 1905 5673 ἐμαυτοῦ.’ἰ]ιειηίιεύοδὶι.

774 5473 896 5544 cum
931 5459 1241 5544 ρίιιζίειρρὶιἐ
1278 5472 1360 5544 et_
1387 5462 1685 5544 Scaligero,
1740 5466 1976 5544 itemque
2031 5464 2532 5544 Valesiinedi'tioft‘ie.
2577 5459 3251 5544 δίτιιιρηιίυειῖειιιιι.Βῇξὶιἒ
3286 5466 3339 5544 εξ
3373 5458 3561 5544 ξιρριι-
3606 5458 4021 5544 μειγςιξξὲῄξιῖν-

833 5529 958 5597 περὶ
984 5530 1081 5611 τῇς
1108 5528 1266 5611 ἀληθ.
1303 5528 1626 5611 ἐξενεχθεῗσι
1656 5528 2092 5611 μὲι-ἀντιτείνειν.
2136 5532 2606 5611 lta‘Basil._Gmc.
2625 5539 2695 5611 _et
2724 5529 2858 5611 bat;
2879 5530 3065 5611 Quoad
3116 5528 3253 5611 illud
3282 5528 3355 5611 μῂ
3377 5530 3548 5611 divam.
3581 5529 3853 5611 consentit
3891 5528 4023 5580 Ste-

2001 5604 2043 5635 ¹⁰
2086 5603 2593 5671 συναθροισθέντων.
2625 5600 2787 5655 Basil.
2820 5599 2915 5655 Gr.
2948 5609 3001 5653 et
3035 5598 3153 5671 Lat.
3190 5597 3649 5671 2‘.uinitltcrfiév-rtovL
3678 5598 4023 5671 Stephanus.

778 5665 833 5719 In
864 5665 1049 5747 codice
1076 5665 1257 5723 Allatii
1283 5682 1398 5755 erat
1430 5690 1443 5725 :
1473 5665 1727 5755 o'ocm'_6+;
1767 5674 1873 5755 τῶν
1906 5675 2219 5755 ἐπισκόπων
2250 5665 2382 5755 πρὸς
2416 5673 2541 5755 τοὺς
2573 5670 2838 5755 ἑξήκοντξξ
2868 5668 3256 5755 συναχθέντων,
3291 5685 3323 5755 ε
3353 5666 3593 5755 Socratis
3618 5666 4025 5755 Sozgmgpiq‘u}

784 5736 1093 5813 narratione
1135 5740 1490 5813 __suppletum.
1549 5734 1727 5813 ξιδιᾶ
1748 5742 1976 5813 ερθοράν.
2043 5734 2451 5812 (Σὺνὶεῑορῖιοτε.
2498 5734 2769 5811 Διαφοράν
2799 5734 3081 5797 Βαεὶιλῖτ.
3159 5738 3198 5771 ¹³
3234 5740 3262 5791 6
3291 5736 3456 5807 θαυμ.
3503 5737 3680 5790 Ἀθαν.
3724 5734 3886 5791 Basil.
3923 5734 4025 5792 Gr.

781 5813 833 5859 et
866 5806 1052 5879 Steph.
1132 5809 1172 5840 ¹³
1207 5806 1711 5882 συγγράψαιῶειδίι.
1736 5806 1830 5868 Gr.
