4206 6450
215 424 321 489 985

1252 424 1843 483 ECCLESIASTICE
1870 428 2250 490 IIIS’I‘ORL‘E
2280 434 2421 494 LIB.
2456 436 2481 492 Ι

3367 445 3471 508 986

218 526 305 600 ἦν.
327 529 531 585 Τοῦτον
558 530 609 583 οἰ
630 532 731 599 τῆς
753 529 962 584 ἐκείνου
991 530 1299 600 συμμορίας
1324 529 1795 598 κατακρύψαντες,

1916 534 2207 603 :piscopus.
2236 536 2390 593 llune
2431 540 2675 609 ejusdem
2717 543 2969 603 factionis
3007 549 3257 605 homines
3287 566 3475 606 Ot‘t'ttl-

220 620 403 676 λαθεῖν
454 619 549 673 ἐπὶ
580 620 827 673 πλεῖστον
856 619 901 650 ¹⁸
938 618 1198 688 ἠξίωσαν.
1239 613 1372 671 Εἶτα
1417 621 1574 688 χεῖρα
1618 617 1797 682 δεξιάν

219 713 327 766 ἀπό
355 729 501 776 τινος
562 712 813 782 σώματος
852 712 1175 782 ἐκτεμόντες
1215 711 1434 782 νεκροῦ,
1467 712 1561 763 καὶ
1592 711 1796 780 ταύτην

220 804 276 856 ἐν
296 804 532 874 λάρνακι
566 801 749 874 ξυλίνῃ
780 802 1242 873 τεταριχευμένην
1271 802 1538 864 ἐνθέντες.
1561 802 1795 855 πάντοσε

218 896 573 967 περιέφερον,
611 894 1060 965 κατατετμῆσθαι
1101 894 1351 962 λέγοντες
1388 893 1476 945 τὸν
1500 894 1796 963 Ἀρσένιον,

220 987 314 1040 καὶ
348 987 634 1057 μιαιφόνον
666 986 1067 1048 ἀποκαλοῦντες
1101 985 1193 1038 τὸν
1220 984 1559 1038 Ἀθανάτων.
1605 984 1743 1038 Ἀλλ’
1772 985 1801 1035 6

221 1079 405 1132 πάντα
446 1077 663 1149 ἐφορῶν
708 1076 987 1147 ὀφθαλμὸς
1028 1077 1128 1129 οὐκ
1180 1076 1360 1129 εἰασεν
1410 1076 1503 1130 ἐπὶ
1553 1076 1801 1129 πλεῖστον

219 1170 409 1223 λαθεῖν
435 1172 528 1222 τὸν
555 1169 854 1241 ’Ᾱρσένιον.
889 1168 1049 1221 Ἀλλά
1082 1168 1297 1238 πρῶτον
1326 1167 1424 1236 μὲν
1451 1169 1508 1220 ἐν
1542 1166 1802 1237 Αἰγύπτῳ

221 1263 318 1316 καὶ
349 1262 586 1332 Θηϐαΐδι
608 1262 767 1331 δῆλος
797 1261 1017 1329 γέγονεν
1047 1262 1128 1313 δτι
1177 1261 1265 1331 ζῇ.
1301 1248 1530 1313 Ἔπειτα
1561 1259 1617 1312 δέ
1641 1260 1803 1313 αὑτὸν

222 1356 305 1417 εἰς
338 1355 445 1423 τὴν
480 1354 657 1423 Τύρον
694 1355 923 1423 ἤγαγεν,
976 1352 1107 1406 ἔνθα
1147 1354 1179 1421 ἡ
1215 1351 1644 1423 τραγῳδουμένη
1682 1350 1801 1421 χεὶρ

220 1447 318 1500 ἐπὶ
350 1448 464 1499 τῶν
517 1447 717 1519 κριτῶν
759 1447 1114 1517 προεφέρετο.
1144 1446 1345 1498 Τοῦτον
1388 1447 1436 1497 οἰ
1483 1444 1802 1498 Ἀθανασίου

220 1535 601 1606 θηρεύσαντες
646 1536 903 1599 σύνοικοι,
934 1536 1142 1606 ἦγαγόν
1190 1553 1269 1597 τε,
1321 1537 1414 1594 καὶ
1444 1537 1502 1587 ἐν
1536 1537 1601 1605 τῇ
1642 1551 1807 1587 κατα-

221 1632 381 1698 γωγῇ
415 1628 552 1691 τέως
601 1627 783 1681 λαθεῖν
809 1630 853 1660 ¹¹
890 1629 1228 1696 ἠνάγκασαν.
1266 1627 1437 1689 Αὐτὸς
1466 1626 1521 1679 δὲ
1563 1628 1591 1679 6
1634 1626 1806 1696 μέγας

234 1720 565 1783 ’Δθανάσιος
598 1720 703 1772 ὑπὸ
738 1719 837 1790 τὴν
877 1719 952 1772 ἐω
984 1718 1249 1773 κατέλαϐε
1276 1718 1337 1771 τὸ
1374 1719 1665 1791 συνέδριον.
1698 1717 1807 1769 Καὶ

222 1814 452 1883 πρῶτον
483 1814 581 1883 μὲν
610 1812 832 1881 γύναιον
859 1812 1154 1880 εἰσήγαγον
1190 1812 1455 1882 ἀκολασίᾳ
1489 1810 1802 1880 συνεζηκός.

1900 634 2103 689 larunt,
2142 640 2302 698 atque
2354 640 2412 685 ut
2464 634 2516 687 iu
2567 636 2792 690 latebris
2829 652 3173 706 permaneret
3219 657 3469 699 orarunt.

1900 716 2101 772 Dextra
2134 722 2332 778 deinde
2382 728 2583 779 mortui
2618 728 2855 783 hominis
2886 732 3153 800 abscissa,
3188 736 3301 790 sale
3339 754 3473 792 con-

1899 810 2091 873 ditam,
2140 830 2415 885 capsaque
2470 817 2645 888 lignea
2718 822 2987 878 inclusam
3057 842 3475 897 quaquaversus

1900 902 2315 967 circumierunt,
2369 908 2653 975 praeeisam
2704 911 2936 967 Arsenio
2987 918 3370 985 prmdicantes,
3419 932 3474 975 et

1903 994 2233 1047 homicidam
2296 996 2655 1054 Athanasium
2726 1005 3052 1061 vocitantes.
3121 1007 3323 1064 Verum
3381 1017 3475 1081 qui

1902 1086 2085 1138 omnia
2116 1096 2410 1141 contuetur
2462 1093 2658 1147 oculus
2705 1108 2814 1146 non
2849 1095 2939 1149 diu
2972 1100 3262 1153 Arsenium
3310 1102 3479 1157 latere

1903 1190 2101 1244 passus
2134 1187 2237 1232 est.
2280 1177 2386 1233 Sed
2438 1183 2671 1249 primum
2724 1186 2779 1239 in
2832 1184 3070 1257 A‘ngpto
3108 1200 3159 1244 et
3200 1190 3479 1248 Thebaide

1904 1266 2074 1335 819
2118 1280 2459 1340 compertum
2513 1284 2597 1328 cst
2652 1276 2804 1330 illum
2858 1281 3041 1333 vivere
3078 1300 3089 1334 :
3122 1282 3319 1339 deinde
3350 1301 3479 1339 vero

1908 1358 2115 1429 Tyrum
2146 1377 2269 1417 eum
2302 1364 2528 1419 deduxit
2566 1366 2778 1437 (Deus),
2815 1371 2903 1423 ubi
2937 1371 3221 1427 decantata
3250 1376 3336 1427 illa
3365 1392 3479 1429 ma—

1904 1466 2010 1506 nus
2041 1467 2226 1506 coram
2256 1454 2536 1523 judicibus
2591 1459 2991 1526 proferebatur.
3042 1462 3198 1518 llunc
3232 1480 3363 1533 ergo
3392 1468 3481 1521 de-

1907 1544 2236 1610 prehensum
2265 1547 2690 1605 contubernales
2714 1552 2999 1608 Athanasii
3028 1556 3327 1617 adducunt.
3348 1568 3401 1612 et
3425 1561 3478 1613 in

1906 1632 2206 1687 diversorio
2241 1639 2506 1705 tantisper
2540 1638 2707 1694 latere
2754 1651 2977 1709 cogunt.
3021 1645 3140 1712 Ipse
3178 1661 3307 1700 vero
3362 1664 3480 1701 ma-

1908 1739 2046 1793 gnus
2082 1726 2418 1782 Athanasius
2452 1744 2668 1782 summo
2697 1748 2857 1787 mane
2888 1736 3032 1789 venit
3064 1737 3127 1788 ad
3161 1740 3476 1795 concilium.

1907 1816 1985 1868 Ac
2012 1818 2186 1885 primo
2219 1819 2439 1887 quidem
2484 1820 2791 1875 introducta
2842 1835 2924 1878 est
2957 1826 3187 1895 impurae
3220 1831 3343 1884 vitae
3371 1848 3483 1884 mn-

235 1906 299 1958 Ἢ
327 1906 391 1959 δὲ
434 1906 662 1972 ἀναίδην
690 1905 841 1968 ἐϐόα,
872 1904 1169 1975 παρθενίαν
1211 1905 1310 1975 μὲν
1342 1904 1680 1975 ἐπηγγέλθαι
1720 1905 1805 1958 λέ-

1916 1909 2152 1972 liercula,
2186 1926 2305 1979 quae
2356 1912 2701 1981 impudenter
2765 1917 3193 1983 vocit‘erabatur,
3244 1937 3321 1984 se,
3356 1937 3479 1975 cum

223 2014 426 2064 γουσα,
455 1996 549 2049 τὸν
590 1996 649 2049 δέ
684 1995 1004 2051 Ἀθανάσιον
1050 1996 1447 2062 ἐπιξενωθέντα
1491 1996 1804 2067 βιάσασθαι,

227 2090 321 2141 καὶ
363 2089 609 2143 ἄκουσαν
643 2088 973 2158 διαφθεῖραι.
1014 2088 1231 2141 Τούτων
1267 2089 1357 2141 ὑπ’
1387 2088 1604 2158 ἐκείνης
1650 2089 1805 2159 εἰρη-

229 2180 437 2249 μένων,
484 2178 701 2250 εἰσῆλθε
757 2180 855 2249 μὲν
902 2180 930 2231 6
975 2179 1480 2250 κατηγορούμενος,
1537 2179 1699 2249 συνῆν
1750 2179 1806 2231 δὲ

227 2269 378 2341 αὐτῷ
418 2271 516 2323 καὶ
552 2269 923 2341 πρεσϐύτερος
966 2270 1280 2336 ἀξιέπαινος
1300 2288 1313 2302 ’
1344 2268 1608 2340 Τιμόθεος
1635 2268 1809 2339 τούτῳ

227 2361 403 2431 ὄνομα
440 2357 531 2431 ἦν.
559 2360 682 2414 Τῶν
702 2361 759 2415 δὲ
785 2360 1056 2414 δικαστῶν
1078 2360 1519 2431 ἀπολογήσασθαι
1547 2361 1682 2431 πρὸς
1711 2359 1809 2429 τὴν

226 2452 457 2524 γραφὴν
490 2453 938 2522 προστεταχότων
960 2452 1050 2505 τὸν
1085 2451 1421 2515 ’Δθανάσιον,
1448 2454 1475 2504 6
1507 2452 1603 2520 μὲν
1628 2450 1810 2519 ἐσίγη-

226 2560 340 2605 σεν,
376 2542 458 2605 ῶς
491 2541 654 2612 δῆθεν
698 2543 797 2595 οὐκ
855 2541 931 2596 ῶν
983 2538 1331 2605 Ἀθανάσιος·
1382 2543 1410 2593 6
1439 2541 1495 2593 δὲ
1550 2538 1812 2609 Τιμόθεος

227 2636 333 2705 ἔφη
360 2636 503 2705 πρὸς
520 2635 617 2705 τὴν
638 2637 871 2703 γυναῖκα
893 2646 909 2664 ⁸
951 2632 1093 2701 Ἐγώ
1121 2650 1224 2697 σοι,
1243 2627 1288 2686 ὧ
1308 2632 1491 2700 γύναι,
1522 2630 1810 2699 συνέτυχον

227 2725 480 2789 πώποτε,
513 2726 595 2787 εἰς
642 2724 700 2777 δὲ
753 2725 853 2795 τὴν
898 2723 995 2794 σὴν
1042 2723 1361 2793 εἰσελήλυθα
1409 2722 1622 2783 οἰκίανς
1660 2721 1723 2773 Ἦ
1753 2719 1811 2772 δὲ

226 2817 615 2886 ἀναιδέστερον
656 2816 787 2870 ἐϐόα
843 2815 922 2886 τῷ
957 2815 1207 2887 Τιμοθέῳ
1256 2814 1658 2885 διαμαχομένη,
1721 2813 1813 2866 καὶ

226 2912 331 2984 τὴν
359 2914 519 2984 χεῖρα
550 2911 869 2981 ἐξάγουσα,,
898 2911 995 2965 καὶ
1026 2910 1105 2981 τῷ
1126 2909 1379 2979 δακτύλῳ
1403 2907 1684 2973 δεικνῦσα,
1714 2905 1809 2960 καί.

228 3007 471 3074 λέγουσα
492 3023 503 3034 ·
539 3006 610 3059 Σύ
650 3022 751 3075 μου
789 3006 887 3075 τὴν
913 3003 1213 3075 παρθενίαν
1247 3004 1489 3071 ἀφείλου,
1524 2999 1587 3053 σύ
1620 3017 1684 3068 με
1714 2999 1813 3068 τῆς

233 3098 600 3168 σωφροσύνης
641 3097 1005 3167 ἐγύμνωσας,
1051 3094 1148 3148 καὶ
1202 3096 1247 3147 τ’
1299 3094 1434 3148 ἄλλα
1486 3094 1587 3146 ὅσα
1630 3091 1812 3159 λέγειν

233 3188 495 3241 εἰώθασιν
532 3188 589 3240 αἰ
627 3187 693 3240 δι’
748 3187 1044 3250 ἀκολασίας
1105 3184 1409 3255 ὑπερϐολὴν
1442 3184 1543 3237 οὐκ
1593 3183 1810 3254 ἔχουσαι

228 3281 335 3352 τὴν
379 3280 535 3335 αἰδῶ.
578 3278 737 3334 Οὕτω
782 3279 848 3349 δὴ
904 3278 1011 3330 τῶν
1067 3277 1128 3330 τὸ
1162 3276 1346 3347 δρᾶμα
1394 3275 1813 3329 συντεθεικότων

231 3371 769 3440 καταισχυνθέντων,
816 3368 1254 3440 ἐρυθριασάντων
1292 3368 1349 3421 δὲ
1393 3368 1487 3421 καὶ
1528 3368 1635 3420 τῶν
1664 3367 1815 3419 δικα-

236 3463 404 3528 στῶν,
435 3464 551 3516 ὅσοι
583 3462 898 3531 συνίστορες
932 3456 1091 3531 ἦσαν,
1132 3460 1355 3531 ἐξήγετο
1402 3460 1434 3530 ἡ
1480 3460 1637 3529 γυνή.
1681 3459 1814 3512 Τότε

231 3556 300 3627 δὴ
334 3556 365 3607 δ
398 3554 579 3625 μέγας
604 3552 923 3616 Ἀθανάσιος
952 3553 1127 3621 ἔλεγε,
1186 3554 1261 3623 μὴ
1312 3553 1511 3623 χρῆναι
1550 3554 1815 3624 ἀφεθῆναι

230 3646 295 3700 τὺ
332 3646 587 3715 γύναιον,
631 3645 745 3699 ἀλλ’
796 3646 1070 3712 ἐξετάσαι,
1138 3645 1232 3699 καὶ
1279 3644 1469 3715 μαθεῖν
1509 3645 1600 3697 τὸν
1642 3644 1816 3697 ταῦτα

236 3736 650 3791 συντεθεικότα.
693 3738 756 3790 Οἱ
790 3736 848 3789 δέ
886 3735 1089 3801 ἐϐόων,
1124 3736 1289 3806 ἕτερα
1327 3730 1467 3788 εἶναι
1510 3736 1818 3807 κατηγορή-

238 3846 390 3898 ματα
418 3828 802 3899 χαλεπῶτερα,
832 3827 1085 3898 οὐδαμῶς
1111 3828 1274 3898 τέχνῃ
1296 3826 1403 3878 τινὶ
1433 3826 1525 3878 καὶ
1552 3825 1817 3897 δεινότητι

236 3919 358 3993 [641
389 3920 710 3989 διαλυθῆναι
748 3920 1026 3990 δυνάμενα
1052 3936 1065 3950 ·
1096 3919 1221 3989 ὄψις
1252 3918 1384 3988 γὰρ,
1421 3918 1521 3971 οὐκ
1557 3918 1714 3991 ἀκοὴ,
1743 3918 1819 3971 δι-

235 4012 401 4065 κάσει
431 4010 478 4042 ’⁸
532 4013 644 4074 τοῖς
693 4010 1083 4079 δεικνυμένοις.
1137 4006 1325 4061 Ταῦτα
1380 4008 1658 4071 εἰπόντες,
1721 4006 1818 4078 τὴν

236 4101 685 4173 πολυθρύλλητον
706 4100 918 4169 ἐκείνην
952 4097 1238 4164 ὑπέδειξαν
1286 4097 1555 4168 λάρνακα,
1584 4098 1675 4151 καί
1721 4099 1819 4169 τὴν

235 4211 533 4264 τεταριχευ
541 4193 708 4264 μένην
727 4192 1052 4263 ἐγύμνωσαν
1071 4190 1373 4261 χεῖρα.Τῶν
1390 4191 1445 4243 δέ
1465 4190 1820 4260 θεασαμένων

236 4288 480 4350 ἕκαστος
509 4285 821 4355 ἀνεϐόησεν,
847 4285 1013 4354 οἱμὲν
1043 4284 1240 4354 ἀληθὲς
1274 4280 1411 4337 εἶναι
1440 4285 1501 4337 τὺ
1530 4284 1696 4354 μῦσος
1718 4286 1819 4337 ὑπ-

238 4379 552 4450 ειληφότες,
583 4378 633 4432 οἰ
654 4377 710 4429 δέ
738 4377 798 4430 τὺ
828 4377 925 4448 μὲν
962 4374 1155 4446 ψεῦδος
1179 4376 1399 4441 εἰδότες,
1428 4376 1734 4447 κεκρύφθαι
1766 4377 1822 4429 δὲ

237 4470 334 4522 τδν
379 4468 658 4539 Ἀρσένιον
706 4467 783 4521 ἔτι
823 4466 1154 4537 νομίζοντες.
1182 4467 1354 4530 Μόλις
1390 4468 1430 4498 ¹⁷
1470 4466 1527 4519 δὲ
1562 4466 1823 4538 βραχείας

1908 1997 2273 2069 virginitatem
2307 2000 2550 2069 professa
2586 2017 2752 2066 esset,
2782 2009 2799 2026 '
2826 2007 2892 2057 ah
2926 2006 3141 2076 hospite
3180 2012 3482 2067 Athanasio

1908 2091 2015 2145 vim
2041 2106 2284 2161 passam,
2317 2102 2481 2163 atque
2522 2094 2750 2150 inritant
2799 2106 3102 2167 stupratam
3158 2117 3298 2157 esse.
3353 2104 3483 2169 Quae

1909 2196 2034 2235 cum
2067 2183 2316 2247 dixisset,
2343 2185 2622 2253 ingressus
2652 2196 2733 2240 est
2761 2188 2851 2257 qui
2871 2192 3252 2257 accusabatur,
3287 2202 3481 2247 etcum

1909 2287 1975 2327 eo
2007 2272 2164 2327 laude
2201 2274 2398 2343 dignus
2432 2277 2735 2347 presbyter,
2781 2282 2869 2332 cui
2929 2296 3121 2336 nomen
3172 2283 3480 2340 Timotheo.

1910 2364 2157 2435 Cumque
2188 2366 2490 2420 Athanasio
2524 2370 2857 2437 imperarent
2899 2371 3132 2440 jmlices,
3170 2387 3228 2429 ut
3258 2392 3483 2432 accusa-

1911 2455 2043 2509 tioni
2074 2456 2448 2525 responderet,
2479 2457 2707 2511 obticuit
2736 2459 2869 2527 ipse,
2897 2462 3122 2528 perinde
3153 2478 3214 2515 ac
3243 2464 3285 2518 si
3320 2466 3484 2518 Atha-

1911 2544 2098 2598 nasius
2147 2559 2255 2597 non
2291 2555 2439 2597 esset
2480 2562 2492 2597 :
2538 2543 2860 2602 Timotheus
2906 2565 3034 2602 vero
3076 2551 3141 2603 ad
3204 2555 3484 2607 mulierem

1910 2651 2215 2691 conversus
2253 2655 2264 2689 :
2296 2637 2498 2705 Egone,
2534 2637 2731 2707 inquit.
2765 2640 2981 2706 mulier,
3009 2649 3185 2695 tecum
3235 2660 3344 2697 rem
3389 2657 3456 2700 Im

1913 2726 2027 2791 bui,
2061 2734 2156 2779 aut
2185 2726 2330 2781 aedes
2361 2736 2484 2782 tuas
2514 2745 2753 2798 unquam
2786 2747 2905 2783 sum
2945 2732 3274 2801 ingressus?
3302 2735 3371 2790 At
3398 2738 3488 2790 illa

1912 2818 2283 2889 impudentius
2318 2819 2652 2884 clamitabat,
2688 2821 3144 2892 Titnolheumqttc
3183 2826 3395 2887 adorta,
3436 2836 3490 2880 ct

1911 2926 2132 2966 manum
2149 2914 2432 2975 exserens,
2454 2926 2519 2966 ac
2543 2913 2715 2980 digito
2739 2913 3031 2984 designans
3062 2934 3073 2969 :
3102 2916 3181 2969 Tu
3213 2919 3363 2980 mihi,
3392 2923 3488 2981 ait,

1908 2999 2281 3069 virginitatem
2309 2999 2584 3069 eripuisti,
2615 3009 2669 3054 tu
2703 3005 2954 3055 castitate
3000 3021 3085 3059 me
3127 3008 3398 3075 spoliasti,
3436 3017 3492 3063 et

1911 3092 2019 3147 alia
2062 3092 2114 3147 id
2143 3108 2336 3164 genus,
2376 3108 2498 3163 qua:
2531 3093 2741 3149 effutire
2773 3096 2950 3150 solent
2983 3113 3080 3160 eae,
3114 3114 3233 3168 quae
3264 3114 3359 3168 per
3389 3101 3490 3153 im-

1913 3185 2250 3241 moderatam
2289 3178 2760 3257 intemperantiam
2795 3190 3055 3258 pudorem
3110 3189 3488 3261 proﬂigarunt.

1915 3277 1995 3331 Ad
2028 3277 2140 3331 haec
2175 3277 2408 3332 turbatis
2439 3277 2705 3334 dedecore
2744 3277 2940 3333 fabula:
2972 3282 3310 3344 auctoribus,
3344 3298 3492 3336 eru-

1916 3368 2377 3440 bescentibusque
2426 3370 2731 3439 judieibus,
2762 3381 3030 3442 quotquot
3072 3374 3278 3428 conscii
3310 3382 3490 3439 erant,

1916 3458 2143 3513 dimissa
2172 3469 2254 3513 est
2281 3459 2493 3513 mulier.
2538 3458 2676 3514 Tum
2716 3477 2946 3531 magnus
2980 3462 3317 3518 Athanasius
3342 3464 3491 3517 illam

1918 3552 2097 3607 aiebat
2123 3550 2323 3605 dimitti
2365 3566 2472 3605 non
2500 3550 2720 3615 debere,
2765 3552 2859 3607 sed
2909 3553 3259 3625 interrogari,
3305 3565 3359 3610 et
3399 3572 3493 3611 co.

1918 3645 2107 3713 gnosci
2144 3643 2270 3714 quis
2299 3644 2403 3698 ista
2436 3644 2802 3699 concinnarit.
2830 3646 3197 3702 Accusatores
3226 3663 3356 3701 vero
3387 3648 3493 3701 alia

1919 3752 1976 3791 se
2006 3735 2205 3790 habere
2236 3728 2489 3805 graviora
2523 3736 2757 3789 crimina
2805 3736 3107 3805 jactabant,
3166 3754 3288 3807 qua».
3343 3738 3493 3792 nulla

1918 3836 2034 3883 arte
2055 3828 2137 3883 vel
2170 3827 2391 3897 ingenio
2421 3826 2554 3881 dilui
2581 3836 2828 3898 possent.
2857 3827 3153 3883 Oculorum
3186 3829 3353 3893 enim,
3385 3845 3492 3883 non

1920 3922 2156 3983 aurium,
2186 3918 2303 3973 fore
2327 3919 2595 3988 judicium
2634 3920 2685 3974 in
2718 3921 2784 3975 iis
2811 3937 2929 3989 qum
2966 3920 3293 3990 proferrent.
3319 3922 3497 3991 Atque

1920 4010 2005 4065 his
2034 4010 2217 4073 dictis,
2243 4011 2617 4079 pervulgatam
2640 4011 2805 4080 820
2831 4012 2974 4063 illam
3003 4012 3283 4080 capsulam
3309 4019 3497 4064 osten-

1920 4101 2078 4167 dunt,
2113 4108 2167 4155 et
2196 4101 2474 4155 conditam
2509 4116 2728 4155 manum
2774 4102 3055 4171 detegunt.
3086 4102 3201 4167 Qua
3241 4104 3377 4167 visa,
3414 4103 3498 4154 itt-

1922 4209 2054 4265 gens
2084 4193 2327 4246 omnium
2360 4193 2568 4247 clamor
2598 4194 2829 4256 exstitit,
2878 4201 2993 4246 tum
3036 4208 3225 4248 eorum
3268 4195 3360 4262 qui
3413 4192 3498 4247 di-

1922 4299 2041 4337 rum
2074 4283 2255 4337 scelus
2283 4298 2469 4337 verum
2495 4298 2617 4337 esse
2649 4283 2934 4352 putabant,
2988 4290 3101 4336 tum
3154 4298 3345 4337 eorum
3398 4284 3493 4352 qui

1924 4371 2121 4427 falsum
2155 4372 2371 4442 quidem
2403 4380 2689 4435 noverant,
2728 4371 2820 4426 sed
2864 4373 3153 4426 Arsenium
3205 4372 3382 4426 adhuc
3422 4372 3501 4425 la-

1924 4474 2037 4519 tere
2066 4462 2383 4518 credebant.
2418 4461 2520 4517 Vix
2568 4463 2785 4517 tandem
2837 4465 2986 4518 brevi
3048 4462 3193 4517 laeto
3257 4465 3497 4529 silentio,

238 4559 547 4631 γενομένης
569 4558 746 4629 σιγῆς,
765 4558 931 4629 ἡρετο
948 4559 1070 4620 τοὺς
1090 4558 1405 4622 δικάζοντας
1426 4558 1453 4609 6
1478 4556 1812 4627 κατηγορού-

1921 4556 2134 4627 judices
2159 4562 2512 4626 percontatur
2532 4556 2886 4621 Athanasius,
2920 4570 3047 4611 num
3075 4556 3201 4623 quis
3229 4555 3369 4609 inter
3403 4569 3500 4610 eos

243 4669 435 4726 μενος,
468 4653 524 4705 εἰ
570 4668 655 4714 τις
714 4653 772 4704 ἐν
811 4650 995 4713 αὐτοῖς
1025 4650 1110 4719 εἰη
1159 4649 1250 4703 τὸν
1278 4648 1552 4720 Ἀρσένιον
1600 4649 1820 4702 ἐπιστά-

244 4760 432 4815 μενος.
488 4740 706 4795 Πολλῶν
742 4740 800 4793 δέ
848 4739 1149 4812 εἰρηκότων
1204 4740 1447 4810 ἀκριϐῶς
1486 4740 1680 4793 εἰδέναι
1731 4738 1822 4792 τὸν

242 4837 439 4908 ἄνδρα,
482 4833 743 4889 ἐκέλευσε
780 4831 969 4886 τοῦτον
1004 4833 1256 4903 ἀχθῆναι,
1300 4834 1395 4886 καὶ
1430 4832 1590 4886 πάλιν
1620 4832 1817 4902 ἤρετο,

244 4931 295 4983 εἰ
346 4922 504 4991 οὗτος
554 4928 761 4989 ἐκεῖνος
790 4924 879 4993 εἴη
939 4925 1235 4994 Ἀρσένιος,
1281 4926 1308 4977 6
1363 4926 1493 4993 παρ’
1539 4922 1670 4994 ἐμοῦ
1723 4923 1821 4993 μέν

244 5020 618 5095 ἀνῃρημένος,
648 5016 802 5089 παρά
824 5017 883 5070 δέ
910 5014 1113 5069 τούτων
1149 5014 1285 5087 μετὰ
1325 5014 1539 5086 σφαγὴν
1567 5015 1825 5087 ὑϐρισμέ-

241 5130 338 5176 νος
366 5113 435 5175 ⁸⁸,
497 5110 594 5163 καὶ
634 5110 732 5177 τῆς
784 5108 964 5172 δεξιᾶς
1011 5107 1396 5178 ἐστερημένος.
1449 5106 1824 5178 Συνομολογη-

246 5206 465 5266 σάντων
510 5201 567 5254 δὲ
613 5200 792 5254 αὐτῶν
827 5202 869 5231 ¹⁹
921 5198 1107 5252 τοῦτον
1155 5193 1327 5263 εἶναι,
1370 5198 1470 5267 τῆς
1519 5198 1826 5269 ἐφεστρίδος

247 5296 412 5350 αὑτὸν
459 5290 758 5363 γυμνώσας
800 5292 828 5344 6
877 5290 1196 5351 Ἀθανάσιος
1242 5289 1517 5355 ὑπέδειξεν
1552 5290 1717 5358 ἄμφω
1746 5288 1824 5340 τὼ

246 5389 427 5457 χεῖρε,
451 5385 549 5437 καὶ
583 5382 681 5453 τὴν
721 5380 903 5447 δεξιὰν
937 5380 1030 5433 καὶ
1065 5381 1161 5450 τὴν
1192 5378 1495 5449 εὐώνυμονο
1520 5380 1717 5449 ’Ἄλλην
1745 5379 1822 5445 δέ,

242 5479 384 5547 ἔφη,
419 5476 654 5547 ζητείτω
702 5473 923 5546 μηδείς·
956 5473 1049 5527 δύο
1088 5473 1197 5544 γάρ
1249 5472 1552 5544 ἀνθρώπων
1594 5464 1849 5535 ἕκαστος(

1922 4649 2213 4705 Arsenium
2250 4656 2456 4703 nosset.
2498 4647 2706 4702 Etcum
2746 4647 3079 4701 affirmarent
3120 4646 3294 4707 multi,
3332 4647 3501 4715 probe

1921 4747 2111 4792 notum
2134 4736 2235 4792 sibi
2263 4736 2437 4790 virum
2460 4752 2601 4799 esse,
2642 4736 2787 4791 hunc
2824 4737 2979 4805 jubet
3014 4736 3305 4798 introduci,
3338 4744 3502 4805 atque

1919 4829 2117 4883 iterum
2153 4828 2484 4893 sciscitatur,
2521 4843 2649 4881 num
2682 4828 2949 4881 Arsenius
2978 4827 3064 4880 hic
3082 4828 3171 4889 sit,
3199 4841 3357 4895 quem
3388 4826 3503 4895 ipse

1922 4919 2234 4991 peremerit,
2278 4928 2331 4973 et
2378 4934 2539 4988 quem
2590 4920 2680 4974 isti
2726 4920 3054 4973 contumelia
3111 4927 3233 4987 post
3269 4926 3501 4971 mortem

1925 5011 2221 5074 alTeeerint,
2252 5009 2552 5081 dextraque
2580 5013 2905 5065 mutilarint.
2939 5010 3260 5064 Fatentibus
3288 5010 3506 5065 cunctis

1931 5106 2106 5175 ipsum
2144 5120 2288 5167 esse,
2325 5105 2547 5158 reducto
2577 5105 2694 5173 ejus
2721 5104 2904 5172 pallio,
2942 5104 3271 5157 Athanasius
3300 5111 3506 5154 utram—

1931 5214 2035 5269 que
2072 5197 2215 5251 illius
2264 5212 2482 5250 manum
2518 5197 2771 5260 ostendit,
2815 5206 2926 5249 tum
2973 5194 3244 5256 dextram,
3286 5204 3395 5246 tum
3431 5191 3509 5245 si.

1931 5289 2178 5352 nistram,
2212 5296 2265 5342 et
2296 5290 2371 5341 ait
2428 5306 2441 5343 :
2504 5288 2674 5341 Aliam
2726 5303 2885 5339 nemo
2913 5294 3119 5355 quierat
3153 5304 3165 5337 :
3200 5285 3333 5338 duas
3363 5283 3505 5334 enim

1933 5380 2130 5449 singuli
2173 5380 2418 5434 homines
2447 5380 2513 5433 ab
2542 5378 2784 5431 omnium
2829 5376 3123 5430 tlonditore
3165 5388 3379 5435 manus,
3408 5385 3509 5424 nec

1934 5473 2117 5542 plures
2165 5480 2511 5540 acceperunt.
2566 5468 2746 5523 Rebus
2802 5470 2854 5522 in
2898 5468 3042 5521 hunc
3088 5465 3305 5521 modum
3361 5475 3508 5533 pate-

1531 5588 1764 5644 VARle
1805 5586 2203 5645 LECTIONES.

320 5751 366 5783 *δ
392 5749 597 5801 πλεῖον.
641 5747 805 5803 Basil.
837 5746 931 5800 Gr.

1025 5748 1066 5777 ¹⁸
1097 5746 1215 5799 λαθ.
1256 5745 1410 5807 τέως.
1466 5744 1628 5797 Basil.
1659 5743 1754 5797 Gr.
1814 5758 1935 5797 cum
1966 5741 2225 5812 Stephau.

2341 5740 2382 5771 ¹⁶
2409 5739 2645 5791 δικάσαι.
2688 5735 2853 5789 Idem.
2934 5735 2973 5765 ¹⁷
2997 5733 3173 5805 μόγις.
3210 5730 3373 5785 Basil.
3406 5726 3500 5785 Gr.

253 5822 295 5856 ι’
316 5819 746 5893 ἐπιζητούμενος
775 5817 870 5872 καὶ
912 5817 1046 5888 μετὰ
1075 5833 1190 5887 σφ.,
1229 5824 1330 5872 etc.
1360 5806 1522 5871 Basil.
1554 5814 1645 5870 Gr.
1676 5826 1730 5869 et
1757 5814 2017 5884 Stephan.
2064 5806 2077 5812 ⁷
2100 5814 2140 5844 ¹⁹
2176 5811 2336 5865 αὑτὸν
2377 5806 2533 5864 εἶναι.
2587 5808 2749 5862 Basil.
2777 5806 2869 5861 Gr.
