4206 6450
148 400 258 463 993

1149 389 1733 452 ECCLESIASTICIE
1761 344 2141 449 HISTORIAS
2168 390 2313 450 ιλιι.
2342 390 2399 449 ιι

3294 388 3398 453 994

164 504 229 558 Ἡ
259 504 378 556 θεία
407 502 630 571 πρόνοια
661 501 802 570 ὑμᾶς
830 498 1145 567 διαφυλάξοι
1166 500 1232 565 δ’,
1263 498 1477 567 ἀδελφοὶ
1510 501 1724 567 ἀγαπη-
1753 508 1795 560 Α

1753 508 1795 560 Α
1830 499 2076 561 rusticis,
2108 499 2385 577 nobilibus
2411 513 2565 568 teque
2589 513 2652 551 ac
2687 500 2932 569 plebeiis.
2982 498 3141 555 Solos
3182 500 3399 555 Arianae

146 595 488 650 τοί.-Μετὰ
503 592 707 646 τούτων
722 594 750 643 ὁ
769 592 909 652 θεῖος
946 590 1263 653 ’Δθανάσιος
1279 590 1325 621 ⁸⁸
1355 590 1581 656 ἀφίκετο
1614 590 1718 641 τῶν

146 686 533 758 γραμμάτων·
592 683 788 745 πάντες
827 681 884 733 δὲ
934 679 1095 732 αύτδν
1144 680 1395 748 ἀσμένως
1424 679 1715 742 ἀπέλαϐον,

146 782 242 832 καὶ
274 779 432 831 ἀστοὶ
467 777 560 829 καὶ
588 774 883 845 χωρητικοὶ
912 773 955 805 ³⁸
977 810 991 833 ,
1040 772 1135 823 καὶ
1174 771 1342 838 ὀλίγοι
1376 772 1468 823 καὶ
1514 769 1717 821 πολλοί.

146 871 365 931 Μόνους
394 869 450 921 δὲ
492 867 615 937 ἠνία
647 866 744 934 τῆς
791 864 998 934 ’Δρείου
1047 863 1238 932 μανίας
1281 862 1403 922 τοὺς
1452 860 1721 922 θιασώτας

146 957 479 1011 ἐπανελθών.
515 956 602 1008 Διὸ
652 954 717 1024 δὴ
767 954 927 1006 πάλιν
950 953 994 984 ⁸¹
1056 952 1154 1013 τὰς
1202 951 1409 1012 οίκείας
1465 950 1722 1019 ἐκίνησαν

151 1050 405 1119 μηχανάς
454 1047 710 1109 Hectore;
736 1062 793 1097 τε
827 1046 919 1097 καὶ
952 1041 1329 1109 Θεογόνιος⁸³,
1364 1042 1455 1092 καὶ
1485 1041 1596 1092 ὅσοι
1624 1043 1723 1109 τῆς

1826 589 2115 643 dementia:
2145 588 2361 643 sodales
2394 591 2480 643 hic
2504 590 2713 644 reditus
2754 594 3007 661 angebat.
3046 591 3228 656 Quare
3284 605 3398 644 ma-

1827 678 2019 732 chinas
2051 696 2181 733 suas
2214 681 2408 733 iterum
2445 681 2737 735 admovent
2766 682 3034 737 Eusebius
3062 690 3117 737 et
3150 682 3400 752 Theogo-

1830 772 1973 835 nius,
2010 783 2063 826 et
2092 782 2359 842 quotquot
2391 772 2514 827 huic
2563 774 2787 827 factioni
2834 776 3216 839 adhaerebant,
3270 789 3397 827 rur-

1830 876 2062 931 sumque
2093 879 2252 919 aures
2277 863 2515 933 junioris
2540 866 2718 920 adhuc
2753 866 3014 936 principis
3038 864 3396 935 pertundunt.

1828 953 1942 1018 Qua
1966 963 2154 1007 autem
2184 955 2231 1009 is
2272 955 2484 1010 ratione
2520 958 2586 1008 ab
2616 958 2918 1026 apostolica
2942 955 3193 1011 doctrina
3226 953 3397 1010 delle—

1830 1044 1991 1104 xerit,
2027 1042 2281 1113 deinceps
2304 1048 2765 1101 commemorabo.

145 1138 355 1191 τούτων
410 1137 653 1205 ὑπῆρχον
703 1130 1041 1201 συμμορίας,
1091 1130 1185 1182 καὶ
1257 1128 1415 1180 πάλιν
1477 1128 1575 1190 τὰς
1622 1128 1716 1179 τοῦ
1787 1128 2049 1197 βασιλέως
2095 1130 2213 1182 νέου
2262 1148 2325 1199 γε
2373 1132 2858 1205 δντοςδιὼρυττον
2898 1134 3087 1197 ἀκοάς.
3158 1132 3295 1204 Ἐρῶ
3341 1134 3399 1196 δὲ

148 1232 244 1284 καὶ⁵
275 1231 425 1291 ὅπως
459 1223 607 1287 οὗτος
650 1226 713 1277 ἐκ
752 1224 848 1291 τῆς
886 1223 994 1275 τῶν
1036 1220 1407 1274 ἀποστολικῶν
1436 1220 1721 1290 δογμάτων
1759 1222 2046 1291 εὐθύτητος
2080 1226 2425 1292 παρετράπη.

756 1315 1003 1369 ΚΕΦΑΛ.
1052 1316 1127 1367 B'.

152 1414 349 1476 Ὅπως
380 1406 794 1470 Κωγστάντιος
833 1408 865 1457 ό
906 1404 1208 1489 ,ϐασιλεὺς
1254 1402 1362 1471 τῆς
1406 1401 1587 1471 ὀρθῆς
1627 1401 1719 1453 πί-

649 1491 836 1539 στεως
864 1490 1231 1540 παρετραπη.

226 1566 584 1621 Κωνσταντία
633 1563 902 1617 Λικιννίου
925 1564 970 1594 ⁸⁵
1027 1563 1123 1632 μὲν
1183 1555 1424 1629 ἐγεγόνει
1488 1560 1721 1629 γαμετὴ,

151 1659 567 1714 Κωνσταντίνου
589 1656 645 1709 δὲ
668 1651 735 1726 ῆν
761 1655 984 1724 ἀδελφή.
1014 1654 1199 1725 Ταύτῃ
1226 1670 1309 1741 τις
1338 1651 1723 1720 πρεσϐύτερος,

2160 1311 2315 1366 CAP.
2362 1312 2423 1365 ιι.
2477 1314 2562 1386 [ιι.
2596 1314 2677 1368 St.
2717 1315 2844 1369 Chr.
2879 1314 2943 1371 v.
2976 1318 3054 1390 5.]

1923 1401 2197 1468 Quomodo
2230 1402 2575 1479 Constantius
2633 1407 2918 1479 imperator
2962 1426 2994 1462 a
3036 1422 3175 1464 recta
3206 1412 3311 1479 [ide

2291 1536 2295 1541 τ
2370 1477 2627 1527 abductus
2654 1476 2833 1543 fuerit.

1901 1561 2235 1618 Constantia:
2270 1563 2466 1618 Licinii
2493 1564 2624 1618 olim
2652 1567 2893 1634 coniugi,
2922 1570 3098 1623 sorori
3123 1569 3399 1625 Constan-

1834 1653 1955 1717 tini,
2003 1652 2288 1709 familiaris
2341 1656 2517 1709 fuerat
2572 1658 2863 1727 presbyter
2919 1659 3140 1727 quidam
3196 1662 3398 1715 Ariana

149 1750 250 1820 τὴν
290 1748 635 1819 Ἀρειανικὴν
680 1748 1055 1816 εἰσδεξάμενος
1088 1744 1298 1813 λώϐην,
1334 1742 1566 1813 συνήθης
1596 1741 1714 1809 ἐγέ·
1754 1754 1796 1807 Β

1754 1754 1796 1807 Β
1826 1741 1945 1794 labe
1973 1742 2228 1797 inlectus.
2263 1742 2326 1795 Et
2355 1758 2667 1812 quanquam
2692 1746 2739 1801 is
2772 1746 3020 1800 morbum
3063 1763 3169 1801 non
3216 1764 3401 1818 apere

151 1861 297 1906 νετο,
324 1843 422 1895 καὶ
450 1842 547 1912 τὴν
578 1842 675 1911 μὲν
711 1840 864 1893 νόσον
905 1838 968 1889 ού
1006 1834 1296 1905 προφανῶς
1325 1834 1532 1887 ἐδείκνυ
1555 1851 1567 1863 ·
1602 1848 1723 1883 συν-

152 1935 297 2004 εχῶς
331 1935 388 1987 δὲ
416 1934 554 2002 αὐτῇ
598 1929 1145 2003 προσδιαλεγόμενος,
1182 1927 1334 1994 ἔλεγε
1367 1922 1725 1991 συκοφαντίαν

154 2026 640 2097 ὑπομεμενηκέναι
684 2022 774 2076 τὸν
808 2022 1046 2092 ιἌρειον.
1078 2018 1291 2087 Ταύτην
1318 2017 1345 2069 ὁ
1375 2014 1725 2082 πανεύφημος

154 2120 587 2179 Κωνσταντίνος,
622 2114 759 2185 μετά
778 2114 876 2182 τὴν
896 2111 988 2164 τοῦ
1010 2108 1301 2171 δυσσεϐοῦς
1327 2106 1515 2177 ἀνδρὸς
1543 2106 1725 2157 τελευ-

150 2211 289 2279 τὴν,
332 2207 682 2275 παντοδαπῆς
722 2204 1050 2276 κηδεμονίας
1082 2201 1234 2272 ἠξίου
1259 2240 1274 2263 ,
1331 2199 1423 2251 καὶ
1473 2198 1579 2249 τῶν
1628 2198 1726 2264 τῆς

155 2301 392 2370 χηρείας
426 2296 666 2366 ἀνιαρῶν
710 2298 905 2365 πεῖραν
942 2294 1041 2346 ούκ
1090 2293 1178 2344 εἶα
1208 2289 1390 2341 λαϐεῖν
1411 2304 1422 2316 ·
1475 2286 1567 2339 καὶ
1599 2285 1726 2353 παρ’

155 2390 326 2460 αὐτὴν
355 2390 414 2442 δὲ
432 2388 530 2458 τὴν
552 2384 805 2455 τελευτὴν
829 2383 1008 2454 παρῆν
1037 2381 1197 2451 αὐτῇ,
1231 2380 1329 2448 τὴν
1352 2379 1727 2448 ἁρμόττουσαν

154 2482 463 2552 θεραπείαν
518 2477 861 2548 προσφέρων.
915 2474 1049 2527 Τότε
1104 2471 1168 2541 δὴ
1223 2469 1410 2523 τοῦτον
1465 2467 1727 2536 κληθῆναι

158 2572 471 2626 κελεύσασα
494 2570 584 2623 τὸν
611 2566 997 2641 πρεσϐύτερον,
1025 2564 1123 2633 τῆς
1143 2561 1238 2616 τοῦ
1266 2559 1528 2631 βασιλέως
1550 2556 1729 2623 ἀξιοῦ-

158 2666 283 2718 σθαι
347 2660 689 2734 προμηθείας
741 2658 1037 2711 ἱκέτευσεν.
1103 2655 1162 2706 ’0
1217 2653 1273 2706 δὲ
1327 2650 1729 2709 Κωνσταντῖνυς

158 2755 254 2807 καὶ
298 2749 604 2821 τηνικαῦτα
646 2746 803 2800 τοῦτο
845 2744 1094 2813 ποιήσειν
1123 2740 1417 2808 ὑπίσχετο,
1470 2736 1563 2789 καὶ
1595 2736 1749 2813 μετὰ¹

1827 1832 2102 1901 proderet,
2166 1833 2386 1887 assidue
2454 1844 2634 1889 tamen
2675 1850 2797 1889 cum
2872 1854 2934 1893 ea
3015 1839 3397 1909 colloquens,‘

1826 1922 2015 1976 Arium
2064 1922 2203 1977 falso
2269 1935 2581 1978 accusatum
2641 1925 2811 1981 fuisse
2859 1928 3179 1985 allirmabat.
3250 1930 3400 1987 Hanc

1826 2015 1973 2067 omni
2013 2014 2173 2069 laude
2202 2008 2583 2084 praedicandus
2628 2017 3047 2083 Constantinus,
3087 2033 3209 2090 post
3247 2025 3395 2093 impii

1826 2105 1929 2159 viri
1981 2115 2234 2170 mortem,
2286 2109 2433 2161 omni
2479 2108 2663 2164 studio
2709 2112 3063 2178 complexus,
3119 2115 3400 2170 viduitatis

1827 2196 2167 2251 incommoda
2227 2199 2464 2266 experiri
2506 2215 2613 2251 non
2664 2201 2910 2267 permisit
2945 2220 2957 2254 :
2990 2210 3043 2256 et
3088 2204 3192 2258 sub
3226 2203 3398 2273 ipsam

1827 2304 2043 2359 quoque
2075 2301 2302 2343 mortem
2345 2290 2420 2343 illi
2453 2290 2651 2356 adfuit,
2685 2306 3099 2362 congruensquc
3144 2296 3398 2349 solatium

1829 2378 2113 2449 impendit.
2150 2377 2287 2432 Tum
2321 2380 2410 2432 illa
2456 2382 2835 2450 presbyterum
2892 2380 3039 2435 hunc
3097 2384 3262 2436 acciri
3309 2383 3401 2451 ju-

1828 2468 1985 2532 bens,
2036 2470 2423 2540 imperatorem
2474 2479 2646 2540 rogat,
2694 2479 2753 2525 ut
2783 2488 2907 2527 eum
2959 2474 3398 2529 commendatum

1830 2558 2035 2612 habere
2108 2560 2257 2612 velit.
2336 2558 2735 2616 Constantinus
2806 2577 2933 2616 vero
3007 2570 3061 2617 et
3126 2562 3399 2619 facturum

1826 2649 1990 2718 827
2024 2664 2081 2703 se
2106 2664 2229 2703 mox
2261 2652 2491 2719 recepit,
2521 2660 2575 2704 et
2616 2653 2759 2719 quod
2796 2652 3121 2721 promiserat
3172 2668 3231 2708 re
3280 2655 3400 2724 ipsa

1830 2747 2015 2808 postea
2045 2740 2315 2809 prwslitit,
2343 2741 2824 2810 eiquelibcrtatem
2852 2743 2993 2810 apud
3025 2758 3083 2797 se
3104 2744 3399 2799 maximam

156 2844 331 2899 ταῦτα
388 2840 720 2910 πεπλήρωκε
770 2836 867 2906 τὴν
918 2833 1246 2902 ὑπόσχεσιν·
1306 2828 1574 2899 μετέδωκε
1623 2821 1751 2905 γάρί

1743 2821 1751 2905 ᾗ
1830 2830 2125 2883 concessit.
2156 2830 2406 2883 Attamen
2456 2830 2583 2884 licet
2616 2839 2767 2885 tanta
2824 2832 3207 2887 benevolentia
3250 2834 3399 2887 frue-

159 2934 310 3004 αύτῷ
340 2931 652 3002 παρρησίας
681 2928 762 2981 ὅτι
815 2926 1047 2996 μάλιστα
1095 2922 1373 2989 πλείστης.
1416 2919 1554 2972 Ἀλλ’
1582 2919 1730 2986 ὅμως

160 3032 255 3083 καὶ
298 3025 502 3094 πολλῆς
552 3020 867 3090 ἀξιούμενος
912 3014 1237 3087 θεραπείας,
1282 3014 1382 3064 οὐκ
1430 3010 1731 3079 ἐθάρσησεν

1833 2926 2001 2979 retur,
2030 2917 2279 2970 morbum
2323 2926 2507 2971 tatuen
2539 2920 2755 2988 aperire
2786 2936 3062 2991 nunquam
3093 2932 3176 2977 est
3207 2937 3396 2989 ausus,

1832 3016 2169 3061 constantem
2197 3024 2425 3064 cernens
2446 3011 2499 3063 in
2518 3010 2682 3065 rebus
2721 3011 2920 3067 divinis
2948 3015 3185 3068 animum
3230 3015 3401 3085 impe-

161 3119 513 3187 ἀποκαλύψαι
543 3116 642 3185 τὴν
671 3114 824 3165 νόσον
846 3150 861 3175 ,
898 3108 1119 3178 βεϐαίαν
1156 3105 1296 3175 ὁρῶν
1342 3104 1470 3173 περὶ
1510 3101 1578 3154 τά
1612 3101 1731 3153 θεῖα
1759 3094 1799 3150 C

1759 3094 1799 3150 C
1835 3101 2056 3153 ratoris.
2091 3098 2388 3169 Postquam
2436 3116 2562 3155 vero
2601 3102 3033 3167 Constantinus,
3072 3104 3140 3157 ad
3179 3106 3399 3159 immor-

163 3213 258 3266 τοῦ
312 3208 577 3280 βασιλέως
623 3204 722 3274 τὴν
773 3200 1018 3269 γνώμην.
1063 3194 1280 3265 Ἐπειδὴ
1334 3193 1388 3245 δὲ
1443 3194 1731 3245 Κωνσταν-

162 3309 309 3367 τίνος
359 3304 440 3362 είς
492 3300 591 3370 τήν
646 3292 948 3362 ἀνώλεθρον
1009 3287 1399 3360 μεθιστάμενος
1432 3284 1730 3354 βασιλείαν,

162 3394 281 3452 10E;
307 3388 499 3440 παισὶν
524 3386 583 3436 ἐν
614 3382 897 3450 διαθήκαις
923 3378 1022 3447 τὴν
1055 3377 1317 3446 ἐπίκηρον
1349 3374 1549 3442 ταύτην
1584 3372 1734 3440 βασι-

164 3482 317 3534 λείαν
380 3478 683 3545 διένειμεν,
735 3470 907 3530 οὐδεὶς
976 3469 1032 3520 δέ
1082 3466 1284 3519 τούτων
1308 3465 1352 3495 "
1415 3462 1731 3515 τελευτῶντι

165 3574 372 3641 παρῆν,
404 3567 576 3636 τούτῳ
618 3563 762 3634 μόνῳ
804 3560 881 3630 τῷ
936 3556 1289 3629 πρεσϐυτέρῳ
1337 3555 1435 3618 τὰς
1468 3553 1731 3622 διαθήκας

164 3662 477 3719 ἐπίστευσε,
527 3651 885 3719 Κωνσταντίῳ
912 3648 1115 3711 ταύτας
1167 3647 1385 3715 δοθῆναι
1444 3646 1727 3707 κελεύσας.

166 3746 338 3813 Οὗτος
378 3748 486 3817 γὰρ
535 3745 641 3798 τῶν
679 3741 793 3814 [71]
827 3741 999 3795 ἄλλων
1042 3738 1429 3810 πλησιέστερος
1468 3737 1575 3799 ῶν,
1628 3736 1733 3806 προ

163 3844 275 3897 τῶν
320 3840 497 3894 ἄλλων
547 3835 838 3904 ἀφικέσθαι
895 3831 1255 3903 προσδόκιμος
1309 3826 1394 3901 ἦν.
1456 3829 1732 3882 Ἐντεῦθεν

164 3930 320 3994 οὗτος
347 3928 428 3998 τῷ
454 3924 813 3994 Κωνσταντίῳ
840 3923 1129 3992 γενόμενος
1157 3919 1451 3991 γνώριμος,
1486 3920 1731 3973 ἀπέδωκε

165 4025 278 4095 γὰρ
312 4022 411 4084 τὰς
440 4018 701 4088 διαθήκας
730 4016 806 4078 ὼς
837 4013 1205 4084 προσετάχθη,
1241 4012 1476 4083 συνήθης
1499 4012 1729 4077 ἐγένετο,

169 4117 266 4167 καὶ
320 4111 472 4181 θαμὰ
489 4108 533 4140 ³⁸
583 4108 771 4177 φοιτᾷν
802 4106 929 4173 παρ’
968 4103 1127 4156 αὑτὸν
1158 4101 1457 4155 ἐκελεύετο.
1489 4100 1733 4154 Κατιδὼν

165 4206 223 4259 δὲ
268 4202 495 4273 εὔριπον
514 4200 557 4232 ⁵⁷
598 4197 690 4251 τοῦ
721 4188 1099 4249 Κωνσταντίου
1146 4194 1243 4262 τὴν
1276 4192 1500 4261 γνώμην
1528 4231 1542 4254 ,
1602 4192 1734 4245 καθ-

168 4298 317 4365 άπερ
336 4296 383 4325 “
410 4291 672 4360 καλάμοις
702 4288 792 4340 ὑπ’
828 4286 1041 4356 ἀνέμων
1080 4285 1335 4337 ἐναντίων
1360 4282 1483 4354 τῇδε
1514 4284 1733 4335 κάκεῖσε

168 4383 511 4449 κλινομένοις
561 4380 972 4448 προσεοικυῖαν.
1016 4374 1287 4445 ἐθάρρησε
1333 4374 1423 4426 τὸν
1456 4372 1596 4426 κατά
1626 4374 1734 4425 τῶν

589 4431 873 4537 δογμάτων
924 4431 1281 4527 ἀλιαδέξάὧαι
1332 4462 1583 4532 πόλεμον.
1628 4464 1735 4516 Καὶ
1768 4431 1810 4484 D

168 4566 280 4618 τῶν
345 4558 683 4630 Ἐκκλησιῶν
722 4556 882 4626 δῆθεν
934 4554 1032 4625 τὴν
1096 4554 1264 4625 ζάλην
1321 4554 1734 4623 ὀλοφυρόμενος,

171 4655 380 4715 αἰτίους
408 4651 557 4717 Ελεγε
581 4649 707 4711 τοὺς
743 4647 841 4716 τὴν
878 4645 1122 4714 ἄγραφον
1165 4643 1259 4697 τοῦ
1302 4643 1583 4713 ὀμοουσίου
1625 4661 1735 4712 φω-

171 4749 272 4817 νὴν
311 4742 681 4804 ἐντεθεικότας
727 4742 793 4810 τῇ
840 4736 1153 4807 διδασκαλίᾳ
1198 4735 1296 4804 τῆς
1341 4736 1606 4797 πίστεως’
1639 4735 1735 4787 καὶ

172 4833 336 4886 τοῦτο
382 4829 476 4883 καὶ
507 4830 620 4891 τοῖς
669 4825 1008 4897 ίερωμένοις,
1060 4822 1292 4883 καὶτοῖς
1329 4821 1542 4885 πολλοῖς
1572 4822 1735 4892 ἐργά-

172 4922 367 4987 ζεσθαι
416 4921 516 4989 τὴν
565 4917 863 4970 διάστασιν.
930 4911 1208 4967 Ἐντεῦθεν
1268 4910 1584 4964 Ἀθανασίου
1640 4912 1735 4964 καί⁵

170 5006 282 5059 τῶν
332 5006 401 5057 τά
454 5008 540 5058 ῐσα
589 5001 925 5073 φρονούντων
974 4999 1331 5070 κατηγορῶν,
1384 5000 1482 5064 τὰς
1503 5001 1549 5032 ⁸⁸
1591 5002 1731 5053 κατά

172 5098 381 5149 τούτων
429 5094 713 5157 ἐπιϐουλάς
762 5090 1113 5145 ἐτεκταίνετο.
1151 5090 1335 5161 Τούτῳ
1369 5091 1612 5161 συνεργῷ
1644 5109 1733 5145 κε-

1833 3191 1938 3244 tale
1965 3191 2204 3261 migrans
2246 3208 2492 3260 regnum,
2545 3195 2812 3249 caducum
2852 3196 2954 3250 hoc
2998 3211 3222 3267 regnum
3259 3196 3403 3251 inter

1834 3281 1973 3335 ﬁlios
2029 3290 2357 3337 testamento
2415 3284 2618 3350 divisit,
2685 3302 2805 3340 cum
2874 3287 3092 3341 illorum
3148 3288 3400 3344 morienti

1834 3374 2049 3427 adesset
2079 3374 2279 3437 nullus,
2316 3378 2630 3430 testamenti
2687 3378 2901 3433 tabulas
2955 3379 3083 3432 huic
3139 3380 3229 3433 uni
3285 3396 3402 3449 pre-

1834 3465 2052 3534 sbytero
2084 3467 2382 3530 commisit,
2424 3468 2618 3535 iubens
2644 3478 2701 3521 ut
2744 3470 3065 3522 Constantio
3115 3471 3401 3525 traderen-

1833 3563 1940 3610 tur.
1976 3556 2074 3611 llic
2102 3560 2270 3625 enim,
2302 3562 2426 3629 quia
2451 3562 2663 3615 caeteris
2695 3561 2924 3615 vicinior
2947 3572 3085 3624 erat,
3116 3574 3239 3617 ante
3262 3564 3401 3619 alios

1835 3657 2096 3705 venturus
2127 3652 2476 3709 credebatur.
2528 3652 2665 3707 llinc
2698 3653 3025 3707 Constantio
3068 3668 3192 3706 cum
3246 3655 3396 3708 inno-

1835 3742 2031 3795 lulSScl
2097 3742 2401 3812 presbyter,
2460 3744 2642 3797 oblato
2706 3752 3032 3798 testamento
3104 3754 3162 3798 ut
3223 3742 3402 3801 fuerat

1836 3836 2184 3905 imperatum,
2219 3835 2506 3889 l‘aniiliaris
2536 3834 2708 3889 eidem
2742 3834 2918 3889 factus
2952 3844 3057 3902 est,
3105 3836 3402 3906 jussusque

1834 3926 2014 3994 ipsum
2064 3926 2431 3994 frequentare.
2483 3926 2586 3991 Qui
2644 3927 3025 3981 animadversa
3094 3928 3399 3982 Constantii

1836 4016 2138 4071 nobilitate
2170 4018 2357 4079 animi,
2384 4018 2585 4086 quippe
2627 4017 2721 4085 qui
2764 4016 3114 4080 arundinum,
3146 4034 3266 4087 qua:
3296 4019 3402 4072 huc

1836 4109 2073 4177 illucque
2146 4108 2439 4162 contrariis
2498 4108 2676 4164 ventis
2739 4107 3134 4177 impelluntur,
3202 4109 3401 4185 similis

1833 4205 1999 4260 esset,
2024 4198 2088 4251 ad
2119 4197 2319 4252 bellum
2346 4206 2539 4252 contra
2579 4198 2894 4267 evangelica
2927 4197 3178 4267 dogmata
3228 4198 3401 4252 susci-

1836 4288 2093 4357 piendum
2138 4288 2352 4342 animos
2376 4288 2569 4342 erexit.
2619 4288 2804 4357 Itaque
2860 4296 3237 4357 tempestatem
3292 4305 3403 4357 qua

1840 4378 2095 4433 Ecclesiae
2153 4378 2504 4446 iactabantur
2567 4378 2883 4448 deplorans,
2916 4392 3137 4433 causam
3177 4378 3231 4431 in
3279 4378 3401 4432 illos

1838 4466 2173 4534 conferebat,
2204 4468 2295 4538 qui
2346 4468 2815 4522 consubstantialis
2868 4483 3056 4523 vocem
3103 4467 3402 4537 Scriptum

1832 4574 1998 4614 sacra:
2054 4558 2371 4613 inusitatam
2440 4558 2775 4614 confessioni
2838 4558 2959 4613 ﬁdei
3017 4558 3397 4627 adjecissent:

1832 4656 1993 4717 atque
2058 4648 2161 4701 hoc
2215 4663 2380 4702 unum
2432 4648 2612 4701 aiebat
2666 4648 2808 4702 inter
2858 4646 3111 4711 clericos,
3153 4646 3403 4715 interque

1831 4737 2002 4791 laicus
2047 4736 2340 4791 dissidium
2388 4752 2699 4806 procreare.
2747 4736 2950 4790 Deinde
3002 4734 3401 4796 Athanasium,

1830 4836 1885 4881 et
1908 4840 2002 4878 eos
2034 4825 2126 4892 qui
2156 4840 2278 4878 cum
2303 4841 2368 4879 eo
2409 4826 2717 4879 sentiebant
2752 4825 3037 4886 incusans,
3082 4822 3150 4875 ad
3180 4830 3401 4876 struen-

1830 4920 1929 4971 das
1958 4916 2065 4969 illis
2099 4916 2331 4970 insidias
2363 4932 2420 4971 se
2454 4916 2831 4985 comparabat.
2866 4914 2977 4967 Hoc
3012 4913 3265 4980 adiutore
3315 4912 3401 4965 usi

1840 5005 2110 5059 Eusebius
2142 5014 2197 5058 et
2238 5005 2606 5075 Theogonius,
2642 5020 2705 5058 ac
2740 5003 3059 5059 Theodorus
3090 5001 3402 5057 Perinthius

1845 5096 2074 5165 (eximia:
2130 5098 2391 5153 doctrinae
2444 5098 2611 5168 828
2669 5098 2751 5152 vir
2796 5097 2896 5152 fuit
2933 5097 3021 5151 hic
3051 5095 3399 5157 Theodorus,

1550 5247 1780 5301 VARIA'J
1820 5248 2221 5306 LECTIONES.

246 5408 294 5440 ⁴⁹
325 5405 663 5470 διαφυλάξαι.
691 5403 950 5457 Albanas.
981 5404 1175 5457 editus.
1205 5400 1525 5470 Διαφυλάξει
1564 5402 1724 5456 codd.
1760 5404 2020 5457 Atlianas.
2083 5412 2134 5457 ct
2197 5404 2318 5459 Bas.
2372 5404 2544 5459 Grmc.
2620 5406 2665 5436 '°
2704 5402 2881 5458 Ἀθαν.
2905 5403 3163 5458 omissum
3196 5404 3249 5456 in
3279 5402 3398 5457 Bas.

176 5477 356 5531 (unae.
428 5476 472 5506 ⁵¹
510 5474 803 5545 χωρητικοί
848 5474 1097 5545 displicet
1145 5472 1358 5545 Valesio
1393 5474 1518 5545 (nisi
1549 5473 2091 5545 sit_xuipqttxb;_pro
2121 5476 2343 5545 χωρίτῃ.
2384 5486 2442 5527 ιιι
2467 5475 2721 5545 ναυτικὸς
2747 5474 2886 5545 idem
2919 5488 2982 5545 ac
3005 5472 3401 5545 youtq;),_ma-

178 5550 293 5599 vult
330 5546 494 5613 igitur
532 5543 817 5613 χωρικούς.

182 5694 354 5743 recte,

923 5543 967 5573 ⁶¹
997 5543 1156 5594 πάλιν
1201 5544 1354 5597 abest
1385 5556 1413 5593 a
1448 5543 1572 5593 Bas.
1611 5541 1785 5595 Graec.

182 5618 326 5669 Scal.
354 5609 409 5667 et
438 5609 674 5666 Casau'h.
751 5611 796 5643 ‘l’
829 5610 1088 5664 Λικινίου.
1141 5611 1259 5663 Bas.
1285 5609 1455 5663 Graec.
1524 5610 1575 5679 ξ’
1600 5611 1793 5679 τούτῳ.
1822 5610 2008 5679 Steph.
2049 5614 2097 5663 1.

402 5682 665 5751 probante
688 5750 691 5751 ν
716 5680 950 5751 V_alcsio.
970 5681 1089 5751 _Sed
1114 5680 1407 5751 Basil._Gr.
1439 5678 1859 5751 ct_Steph._&iu.

1894 5543 1938 5573 ⁵³
1961 5541 2224 5608 Θεόγνιος.
2261 5541 2381 5596 Has.
2414 5544 2587 5598 Graec.
2619 5554 2670 5596 et
2694 5542 2879 5610 Steph.
2914 5544 2963 5595 1.
2995 5541 3215 5608 Θεόγνις
3248 5541 3399 5601 Chr.,

1894 5612 2008 5668 eph.
2049 5614 2097 5663 1.
2199 5615 2243 5643 ⁵⁸
2276 5613 2365 5665 Sic
2394 5613 2594 5667 etcod.
2636 5612 2775 5668 Pini.
2800 5611 3137 5668 Christonh..
3196 5610 3398 5668 Scalig.

1934 5622 2008 5664 )u.
2049 5622 2097 5663 1.
2199 5622 2243 5643 ’⁵
2276 5622 2365 5665 διο
2394 5622 2447 5666 et
2471 5622 2594 5667 cod.
2636 5622 2775 5675 Pini,
2800 5622 3137 5679 ulirtstOpu.,
3196 5622 3398 5678 scalis.

1934 5680 1977 5711 ⁸⁷
2008 5680 2316 5749 εύρίπιστον
2360 5683 2663 5738 secundum
2694 5684 2936 5737 codicem
2971 5682 3149 5735 Allatii
3189 5678 3403 5749 praefert

184 5747 455 5808 Valesius.
528 5751 573 5783 "
602 5750 714 5804 καί.
745 5749 908 5805 Basil.
957 5748 1050 5803 Gr.
1140 5750 1186 5782 ”
1217 5749 1311 5801 καὶ
1340 5750 1458 5810 τάς.
1496 5747 1660 5804 Basil.
1697 5747 1791 5804 or.
1823 5757 1873 5805 et
1903 5747 2086 5819 Steph.
