4206 6450
752 396 855 457 999

1726 391 2215 453 THEODORETI
2263 394 2601 455 EI’ISCOPI
2648 394 3014 456 CYRENSIS

3886 393 4028 460 1000

742 508 945 587 Iccllus,
976 506 1205 576 Ancyrae
1246 502 1570 573 metropolis
1612 500 1861 567 Galatiae,
1886 504 2000 573 jam
2029 512 2143 559 tum
2172 505 2335 559 etiam

2439 508 2530 559 καὶ
2567 506 2885 577 Μάρκελλος
2915 508 2944 559 ό
2979 505 3250 576 Ἀγκύρας
3265 505 3309 539 ⁷⁸
3344 506 3442 578 τῆς
3468 507 3723 563 Γαλατῶν
3754 512 4032 581 μητροπό-

754 612 875 652 cum
925 610 1124 665 magna
1158 594 1403 664 synodus
1434 594 1619 648 habita
1671 602 1779 659 est,
1821 595 2134 665 episcopus.
2168 594 2339 650 Veue-

752 699 878 743 runt
915 697 969 740 ct
998 690 1191 741 horum
1220 694 1597 745 accusatores,
1630 682 1960 769 Ariaiizeque
1991 695 2153 740 secta:
2188 685 2338 756 prin-

752 781 921 846 cipes,
958 778 1050 846 qui
1083 777 1149 831 de
1189 775 1491 829 Athanasio
1535 773 1741 851 pridem
1774 775 2045 841 judicium
2075 792 2338 831 exercue-

752 878 892 923 rant.
964 869 1169 924 Verum
1234 869 1309 929 hi,
1360 882 1503 923 .cum
1581 867 1775 937 synodi
1849 863 2237 933 constantiam,
2287 874 2340 922 et

753 963 1127 1029 incorruptam
1165 962 1477 1016 divinorum
1504 962 1831 1032 .dogmatuin
1880 960 2171 1014 sanitatem
2214 974 2337 1029 per-

751 1061 997 1119 spectam
1035 1052 1318 1115 haberent,
1340 1048 1431 1108 ‘ne
1476 1054 1651 1107 vocati
1680 1052 1898 1131 quidem
1930 1051 1984 1103 in
2017 1065 2339 1115 consessum

755 1141 962 1210 ingredi
1000 1144 1316 1210 voluerunt,
1355 1145 1447 1199 sed
1497 1144 1622 1213 fuga
1657 1158 1717 1198 se
1745 1158 1871 1197 cum
1906 1143 2112 1212 iniquis
2142 1142 2341 1212 judici-

753 1234 856 1287 biis
891 1242 1249 1289 accusatores
1281 1234 1684 1293 subduxerunt.
1719 1233 1877 1298 Quod
1911 1233 2134 1302 quidem
2170 1233 2341 1286 multo

751 1324 952 1377 melius
986 1324 1180 1392 synodi
1212 1324 1386 1392 ipsius
1424 1324 1621 1378 litterae
1638 1325 1865 1387 docent,
1895 1338 2130 1392 quarum
2157 1338 2341 1377 exem-

752 1416 899 1484 plum
931 1415 1215 1469 evidentia:
1250 1416 1423 1486 gratia
1456 1417 1545 1469 hic
1576 1417 1836 1469 attexain.

749 1528 913 1597 332
938 1527 1023 1599 [Β.
1050 1526 1113 1580 ν.
1148 1526 1228 1599 8.]
1259 1500 1523 1597 Syiiodica
1551 1534 1618 1599 ου
1651 1501 1907 1596 episcopis
1934 1528 2023 1597 qui
2062 1496 2179 1580 illic
2217 1544 2341 1581 cou-

930 1597 1175 1651 iieiierimt
1197 1597 1264 1649 (id
1286 1598 1447 1651 totius
1479 1597 1618 1651 orbis
1646 1599 1916 1666 episcopos
1941 1599 2160 1662 scripta.
2203 1641 2215 1654 .
2284 1637 2290 1643 ι

827 1751 1029 1825 Sancta
1052 1750 1297 1820 synodus
1338 1766 1436 1820 per
1499 1710 1589 1805 Dci
1655 1749 1885 1820 gratiam
1934 1747 2181 1804 Sarilicze
2210 1765 2342 1803 cono
2400 1762 2440 1791 -’

755 1851 997 1914 gregata,
1050 1842 1118 1897 ab
1158 1843 1294 1898 urbe
1351 1841 1544 1905 Roma,
1576 1841 1877 1914 Ilispania,.
1915 1840 2113 1908 Gallia,
2161 1842 2336 1906 Italia,

753 1935 1069 2004 Campania,
1118 1934 1392 2002 Calabria,
1433 1934 1641 1999 Africa,
1692 1934 1968 2000 Sardinia,
2021 1934 2330 2000 Pannonia,

751 2028 962 2092 Moesia,
1003 2028 1186 2091 Dacia,
1246 2028 1537 2092 Dardania,
1568 2029 1732 2081 Dacia
1768 2028 1962 2092 altera,
1994 2027 2347 2102 Macedonia,

748 2119 1053 2183 Thessalia,
1085 2118 1311 2179 Achaia,
1341 2116 1541 2185 Epiris,
1579 2117 1838 2181 Thracia,
1870 2115 2152 2184 Rhodope,
2180 2114 2330 2181 Asia,

746 2209 934 2274 Caria,
959 2208 1231 2277 Bithynia,
1258 2205 1633 2275 Hellesponto,
1661 2204 1916 2275 Phrygia,
1947 2204 2171 2269 Pisidia,
2193 2206 2333 2276 Cap-

748 2301 998 2369 padocia,
1033 2299 1225 2357 Ponto.
1255 2288 1489 2367 Phrygia
1524 2297 1713 2362 altera,
1744 2297 1957 2359 Cilicia,
1986 2295 2329 2368 Pamphylia,

747 2392 937 2463 Lydia,
979 2391 1176 2445 insulis
1226 2390 1575 2459 Cycladibus,
1611 2387 1870 2459 Egypto,
1907 2387 2206 2457 Thebaide,
2240 2388 2333 2443 Li-

752 2481 879 2552 bya,
913 2479 1150 2543 Galatia,
1220 2479 1532 2541 Palaestina,
1563 2478 1781 2543 Arabia,
1831 2479 2089 2533 omnibus
2129 2481 2332 2551 ubique
2362 2523 2373 2541 κ

746 2573 1040 2644 episcopis,
1090 2580 1144 2625 et
1191 2571 1593 2626 comministris
1641 2572 1923 2626 catholicae
1952 2574 1967 2590 ’
2002 2580 2056 2627 et
2111 2584 2332 2642 aposto-

747 2665 868 2719 licae
930 2665 1213 2732 Ecclesiae,
1270 2664 1487 2719 dilectis
1541 2662 1804 2719 fratribus
1840 2663 1913 2739 in
1962 2660 2191 2719 Domino
2249 2678 2333 2719 sa-

750 2759 942 2813 lutcm.

820 2958 924 3031 [ει.
956 2957 1055 3013 Ch.
1087 2956 1166 3028 8.]
1195 2956 1360 3009 Multa
1390 2955 1609 3026 quidem
1641 2963 1694 3008 et
1730 2953 2044 3024 frequenter
2061 2927 2178 3011 ausi
2204 2965 2330 3011 sunt

747 3051 940 3106 Ariani
995 3051 1231 3104 haeretici
1288 3048 1557 3102 adversus
1601 3061 1790 3102 servos
1842 3046 1957 3112 Dei,
1999 3048 2091 3117 qui
2123 3054 2327 3103 rectam

749 3144 908 3197 Iidem
954 3140 1295 3196 custodiunt.
1339 3138 1661 3213 Adulterina
1708 3138 1852 3191 enim
1901 3140 2186 3208 supposita
2232 3139 2331 3193 do-

2441 598 2596 661 λεως,
2627 599 2687 662 ὃς
2719 598 2816 651 καὶ
2849 599 2997 652 tiri."
3026 601 3125 669 τῆς
3170 598 3411 670 μεγάλης
3462 600 3680 654 συνόδου
3728 602 4031 668 ἐπίσκοπος

2438 684 2529 759 ἦν.
2573 690 2856 759 Ἀφίκοντο
2886 689 3058 744 δὲκαὶ
3091 691 3139 743 οἱ
3161 690 3365 743 τούτων
3394 691 3709 763 κατήγοροι,
3742 694 3837 747 καὶ
3859 695 3910 747 οἱ
3929 695 4029 765 τῆς

2411 779 2721 855 ,αἱρετικῆς
2738 780 2784 811 ⁸ο
2815 780 3273 851 προστατεύοντες
3306 782 3604 850 φάλαγγος,
3629 784 3678 836 οί
3723 785 3893 838 πάλαι
3922 786 4029 841 τῶν

2441 871 2569 942 περὶ
2600 874 2691 923 τὸν
2745 872 3061 948 Ἀθανάσιον
3101 873 3383 943 γενόμενοι
3427 875 3696 931 δικασταί.
3741 876 3902 931 Ἀλλά
3932 878 4027 948 τῆς

2441 963 2661 1017 συνόδου
2713 965 3091 1036 μεμαθηκότες
3136 966 3194 1019 τὺ
3227 967 3443 1030 άκλινὲς
3467 1008 3483 1032 ,
3514 969 3610 1020 ita).
3658 968 3757 1039 τὴν
3814 971 3873 1023 ἐν
3916 974 4030 1033 τοῖς

2441 1054 2605 1119 θείοις
2634 1056 2954 1125 δόγμασιν⁸¹
2988 1047 3176 1125 ὑγείαν
3198 1098 3212 1123 ,
3248 1058 3371 1112 οὐδὲ
3425 1057 3716 1130 κληθέντες
3778 1060 4033 1131 εἰσῆλθον

2441 1146 2521 1206 εἰς
2581 1145 2642 1198 τὸ
2698 1144 2994 1215 συνέδριον,
3053 1144 3167 1199 ἀλλ’
3223 1146 3538 1217 ἀπέδρασαν
3599 1145 3696 1198 σὺν
3752 1147 3865 1209 τοῖς
3914 1144 4033 1217 [74]

2443 1236 2647 1299 ἀδίκοις
2673 1236 2952 1306 δικασταῖς
2982 1239 3077 1291 καὶ
3106 1238 3154 1291 οἱ
3187 1239 3501 1308 κατήγοροι.
3534 1237 3642 1293 Καὶ
3682 1236 3840 1291 τοῦτο
3867 1238 4035 1308 ἀμει-

2442 1344 2531 1380 νον
2574 1327 2813 1380 διδάσκει
2852 1328 2949 1396 τῆς
2998 1330 3216 1382 συνόδου
3255 1328 3324 1382 τὰ
3369 1328 3767 1400 γράμματα,ἆ
3820 1329 4034 1400 σαφοῦς

2442 1418 2604 1472 ἕνεκα
2628 1420 2975 1484 διδασκαλίας
3004 1408 3310 1491 ἐνθήσωλτῇ
3343 1423 3657 1491 συγγραφῇ.

2440 1529 2775 1583 Συνοδικύν
2815 1531 2934 1585 ὑπὸ
2976 1532 3096 1585 τῶν
3122 1531 3327 1585 αὐτόθι
3366 1532 3874 1598 συνεληλυθότων
3902 1533 4033 1586 ἐπι-

2446 1629 2455 1635 ·
2511 1600 2759 1652 σκόπων
2782 1601 2932 1667 πρὸς
2970 1602 3111 1668 τοὺς
3162 1604 3311 1655 κατὰ
3352 1601 3468 1669 τὴν
3505 1601 3867 1670 οἰκουμένην
3895 1602 4030 1655 ἐπι-

2514 1670 2789 1736 σκόπους
2826 1670 3073 1739 γραφέν.

2521 1760 2585 1812 Ἡ
2614 1760 2749 1828 ἁγία
2774 1761 2988 1851 σύνοδος
3019 1762 3071 1832 η’
3093 1760 3247 1815 κατά
3291 1760 3426 1814 Θεοῦ
3476 1762 3638 1833 χάριν
3682 1764 3739 1816 ἐν
3783 1763 4029 1834 Σαρδικῇ

2445 1850 2771 1921 συναχθεῖσα
2795 1893 2808 1917 ,
2835 1850 2941 1906 ἀπό
2981 1870 3039 1905 τε
3082 1850 3514 1925 Ῥώμηςθξηκαὶ
3562 1852 3899 1919 Σπανίας,⁸⁸,
3933 1855 4027 1906 καὶ

2370 1899 2688 2015 Brevi“,
2749 1899 2999 2015 Ἰταλίας,
3050 1899 3401 2013 Καμπανίας,
3442 1899 3813 2015 Καλαϐρίαςῗ
3837 1899 4029 2015 ’ἐφρι-

2438 2037 2537 2107 κῆς
2566 2074 2581 2100 ,
2623 2005 2920 2105 Σαρδανίαέ
2944 2005 3008 2068 ’ᾖ
3040 2022 3081 2102 ,”
3120 2005 3414 2100 Παννονίας
3456 2078 3471 2103 ,
3504 2005 3716 2100 Μυσίας
3738 2005 4022 2101 Ithaci-01g,

2434 2127 2753 2199 Δαρδανίας,
2795 2128 2961 2199 ἄλλης
3011 2128 3215 2192 Δακίας
3238 2170 3253 2193 ,
3287 2128 3627 2192 Μακεδονίας
3650 2169 3664 2192 ,
3693 2127 4021 2191 Θεσσαλίας,

2447 2221 2667 2291 Ἀχαΐας
2689 2262 2704 2287 ,
2728 2214 2742 2231 ⁸
2776 2222 3049 2292 Ἦπείρων
3077 2261 3091 2285 ,
3136 2208 3356 2293 Θρᾴκης
3384 2262 3397 2285 ,
3457 2221 3740 2292 Ῥοδόπης,
3812 2220 4021 2286 Ἀσίας,

2432 2311 2648 2384 Καρίας
2675 2357 2689 2379 ,
2745 2312 2994 2376 Βιθυνίας
3023 2354 3038 2379 ,
3077 2312 3468 2382 Ἑλλησπόντου
3489 2354 3503 2377 ,
3540 2314 3777 2384 Φρυγίας
3797 2352 3812 2376 ,
3861 2314 4024 2366 Πισι-

2432 2403 2581 2469 δίας,
2635 2403 3050 2468 Καππαδοκίας,
3104 2406 3348 2468 Πόντου,
3391 2404 3629 2474 Φρυγίας
3674 2404 3858 2473 ἄλλης,
3914 2405 4022 2457 Κι-

2431 2493 2609 2558 λικίας
2631 2536 2645 2561 ,
2683 2496 3023 2568 Παμφυλίας,
3078 2496 3310 2563 Λυδίας,
3336 2499 3513 2568 νήσων
3559 2496 3853 2550 Κυκλάδων
3877 2539 3893 2563 ,
3922 2496 4023 2551 Αί-

2431 2585 2636 2655 γύπτου
2662 2627 2677 2652 ,
2708 2564 2991 2659 Θηϐάῖδος,
3036 2587 3262 2660 Λιϐύης,
3302 2564 3567 2651 Γαλατίας
3586 2628 3601 2653 ,
3632 2589 4019 2660 Παλαιστίνης,

2446 2679 2737 2748 Ἀραϐίας,
2779 2683 2891 2742 τοῖς
2944 2668 3219 2753 πανταχοῦ
3270 2682 3622 2745 ἐπισκόποις,
3655 2681 3749 2732 καὶ
3805 2680 4015 2734 συλλει-

2431 2775 2678 2842 νεουργοῖς
2707 2772 2813 2842 τῆς
2837 2771 3128 2854 καθολικῇς
3161 2775 3252 2826 καὶ
3281 2774 3643 2845 ἀποστολικῆς
3687 2773 4021 2845 Ἐκκλησίας

2432 2863 2737 2935 ἀγαπητοῖς
2759 2858 3008 2934 ἀδελφοῖς
3037 2865 3095 2918 ἐν
3137 2866 3327 2937 Κυρίῳ
3356 2866 3587 2936 χαίρειν.

2502 2955 2677 3008 Πολλὰ
2710 2956 2809 3025 μὲν
2841 2957 2937 3009 καὶ
2968 2938 3242 3019 ’,πολλάκις
3288 2956 3596 3027 ἐτόλμησαν
3640 2958 3690 3010 οί
3729 2957 4019 3029 ’Δρειομα-

2432 3048 2572 3099 νῖται
2595 3047 2640 3077 ⁸⁸
2671 3046 2812 3101 κατὰ
2839 3046 2948 3101 τῶν
2993 3047 3192 3102 δούλων
3222 3046 3314 3100 τοῦ
3341 3047 3475 3100 Θεοῦ
3496 3089 3512 3112 ,
3536 3047 3644 3101 τῶν
3682 3048 3781 3119 τὴν
3825 3048 4015 3102 πίστιν

2432 3138 2808 3209 φυλαττόντων
2853 3140 2975 3213 τῆν’
2998 3139 3185 3210 ὀρθήν.
3217 3140 3391 3193 Νόθον
3428 3139 3534 3210 γάρ
3577 3139 3944 3201 ὑποϐαλόντες
3969 3140 4017 3175 ⁸⁸

747 3237 949 3298 ctrina,
993 3233 1329 3287 ortliodoxos
1359 3225 1634 3301 expellere
1683 3236 1985 3284 tentarunt.
2018 3231 2072 3284 In
2120 3237 2329 3285 tantum

2433 3230 2805 3295 διδασκαλίαν,
2834 3232 2961 3295 τοὺς
2989 3231 3301 3303 όρθοδόξους
3330 3230 3575 3285 ἐλαύνειν
3613 3218 4015 3303 ἐπειράθησαν.

747 3335 935 3381 autem
955 3329 1387 3380 exsurrexerunt
1430 3330 1623 3375 contra
1667 3320 1850 3384 ﬁdem,
1890 3328 1951 3373 ut
1981 3321 2331 3389 religiosissi-

749 3434 964 3473 niorum
998 3418 1388 3485 imperatorum
1428 3428 1595 3481 aures
1634 3427 1745 3465 non
1777 3412 1989 3466 lateret.
2019 3412 2205 3481 Itaque
2235 3412 2329 3466 Dei

746 3494 1043 3578 adjiivante
1076 3506 1271 3577 gratia,
1309 3504 1472 3559 iidem
1524 3504 1882 3572 imperatores
1926 3497 2326 3572 religiosissimi

746 3616 811 3654 ex
837 3600 1074 3653 diversis
1100 3614 1199 3652 nos
1230 3596 1533 3666 provinciis
1571 3604 1627 3649 et
1674 3595 1992 3649 civitatibus
2023 3610 2324 3665 congrega-

746 3698 896 3755 runt,
928 3700 981 3743 et
1008 3700 1251 3744 sanctam
1294 3686 1458 3757 833
1512 3688 1652 3740 hanc
1708 3686 1979 3756 synodum
2029 3684 2082 3738 in
2136 3686 2325 3740 Sardi-

745 3782 993 3835 censiuin
1055 3779 1192 3833 urbe
1243 3778 1508 3831 celebrari
1583 3777 1971 3846 permiserunt,
2030 3786 2088 3830 ut
2146 3766 2325 3831 omnis

744 3867 1023 3924 dissensio
1074 3875 1406 3936 amputetur,
1464 3879 1738 3934 pravaque
1792 3863 2045 3917 doctrina
2102 3864 2323 3935 penitus

743 3963 939 4030 ejecta,
965 3960 1138 4031 pictas
1172 3960 1225 4011 in
1250 3958 1533 4011 Christum
1563 3956 1678 4011 sola
1703 3956 1847 4025 apud
1882 3971 2073 4011 omnes
2094 3971 2321 4011 conser-

742 4060 921 4105 vetur.
953 4047 1235 4102 Venerunt
1273 4047 1422 4101 enim
1455 4045 1702 4115 episcOpi
1729 4042 2066 4109 abOriente,
2094 4060 2317 4099 eorum-

742 4144 865 4197 dein
891 4139 1428 4211 rcligiosissimorum
1456 4136 1766 4206 principum
1797 4136 2055 4205 impulsu,
2081 4137 2320 4190 maxime

743 4236 815 4288 ob
865 4248 928 4287 ea
986 4248 1106 4302 qua}
1156 4231 1469 4299 frequenter
1509 4228 1795 4297 iactabant
1828 4227 1896 4281 de
1944 4227 2320 4281 dilectissimis

743 4324 1007 4377 fratribus
1079 4330 1133 4375 et
1202 4318 1688 4375 consacerdotibus
1742 4317 1967 4384 nostris,
2018 4317 2319 4373 Athanasio

739 4415 1002 4484 episcopo
1035 4412 1396 4477 Alexandriae,
1434 4419 1487 4466 et
1513 4409 1769 4464 Marcello
1802 4409 2061 4479 episcopo
2088 4408 2318 4479 Ancyra:

739 4506 984 4571 Calatiae,
1017 4514 1069 4560 et
1115 4506 1348 4575 Asclepa
1376 4505 1553 4561 Gazaa.
1590 4504 1724 4559 Nam
1755 4506 1823 4559 ad
1853 4519 1953 4559 vos
1990 4505 2156 4560 etiam
2198 4504 2313 4557 for-

2432 3318 2695 3371 Τοσοῦτον
2722 3318 2779 3372 δὲ
2829 3320 3013 3373 λοιπὸν
3043 3321 3523 3390 κατεπανέστησαν
3544 3321 3646 3391 ,τῆς
3674 3321 3720 3352 ⁸⁷
3750 3321 4014 3387 πίστεως,

2430 3409 2507 3471 ὡς
2562 3409 2695 3479 μηδέ
2748 3411 2847 3487 τὴν
2899 3400 3069 3483 ἀκοὴν
3118 3414 3226 3466 τῶν
3265 3414 3693 3484 θεοφιλεστάτων
3745 3416 4016 3486 βασιλέων

2428 3499 2629 3552 λαθεῖν.
2660 3500 2960 3578 Τοιγαροῦν
3008 3504 3109 3574 τῆς
3157 3505 3383 3574 χάριτος
3420 3506 3511 3559 τοῦ
3551 3504 3683 3557 Θεοῦ
3725 3508 4017 3576 συνεργού-

2431 3607 2550 3661 σης,
2591 3594 2685 3646 καὶ
2724 3594 2879 3646 αὐτοὶ
2906 3594 2955 3646 οί
2984 3593 3385 3673 θεοφιλέστατοι
3417 3596 3656 3666 βασιλεῖς
3698 3599 4013 3667 συνήγαγον

2425 3682 2573 3751 ἡμᾶς
2604 3686 2667 3735 ἐκ
2711 3684 2986 3755 διαφόρων
3034 3686 3313 3755 ἐπαρχιῶν
3362 3689 3455 3740 καὶ
3508 3688 3733 3754 πόλεων,
3780 3688 3879 3742 καὶ
3910 3688 4012 3759 τὴν

2426 3772 2586 3837 ἁγίαν
2615 3772 2818 3842 ταύτην
2875 3774 3089 3827 σύνοδον
3120 3775 3212 3826 ἐπὶ
3255 3776 3352 3845 τὴν
3383 3777 3629 3848 Σάρδεων
3654 3778 3700 3810 ⁸⁸
3730 3778 3888 3831 πόλιν
3918 3795 4012 3847 γε-

2424 3863 2608 3917 νέσθαι
2631 3864 2927 3919 δεδώκασιν
2952 3881 2964 3894 ·
2994 3866 3078 3919 ἵνα
3099 3869 3247 3919 πᾶσα
3274 3868 3371 3936 μὲν
3396 3868 3631 3938 διχόνοια
3655 3870 4004 3941 περιαιρεθῇ,

2422 3955 2602 4025 πάσης
2629 3956 2683 4009 δὲ
2713 3956 3069 4020 κακοπιστίας
3098 3956 3459 4029 ἐξελαθείσης,
3489 3960 3522 4030 ἡ
3552 3960 3633 4023 είς
3656 3960 3747 4013 τὸν
3766 3961 4007 4030 Χριστὸν

2420 4046 2668 4100 εὐσέϐεια
2697 4047 2830 4119 μόνη
2875 4046 3026 4119 παρὰ
3071 4049 3203 4102 πᾶσι
3235 4035 3611 4120 φυλάττηται.
3646 4046 3855 4104 Ἦλθον
3894 4052 4005 4125 γὰρ

2418 4136 2526 4189 ἀπὸ
2554 4136 2654 4206 τῆς
2711 4136 2885 4208 Ἐῴας
2918 4140 3233 4204 ἐπίσκοποι,
3280 4141 3683 4215 προτραπέντες
3727 4142 3822 4195 καὶ
3849 4144 4004 4196 αὐτοὶ

2418 4228 2569 4298 παρὰ
2597 4218 2706 4280 τῶν
2739 4229 3145 4283 εὐσεϐεστάτων
3178 4230 3464 4300 βασιλέων,
3487 4232 3719 4303 μάλιστα
3745 4232 3938 4305 διόπερ
3957 4235 4002 4266 ⁸⁸

2396 4318 2711 4388 ηέθρύλλουν
2762 4320 3022 4383 πολλάκις
3075 4324 3201 4392 περὶ
3238 4322 3348 4374 τῶν
3395 4322 3697 4393 ἀγαπητῶν
3752 4324 4002 4394 ἀδελφῶν

2416 4411 2512 4464 καὶ
2538 4410 2960 4482 συλλειτουργῶν
3015 4414 3169 4483 ἡμῶν
3187 4414 3253 4477 ⁸ο,
3300 4414 3613 4469 Ἀθανασίου
3646 4415 3739 4468 τοῦ
3770 4418 3999 4469 ἐπισκό-

2417 4520 2521 4555 που
2541 4504 2639 4573 τῆς
2664 4502 3088 4573 Ἀλεξανδρείας,
3103 4504 3198 4556 καὶ
3218 4504 3538 4576 Μαρκέλλου
3568 4505 3661 4559 τοῦ
3690 4507 3998 4560 ἐπισκόπου

739 4610 889 4653 tasse
934 4599 1151 4651 illorum
1194 4597 1481 4651 calumniae
1539 4603 1928 4665 pervenerunt,
1971 4602 2026 4648 et
2081 4592 2312 4649 fortasse

2428 4594 2516 4663 τῆς
2582 4571 3075 4663 Ἄγκυρογαλατίας
3099 4633 3114 4655 ,
3152 4595 3246 4646 καὶ
3315 4571 3596 4667 Ἃσκληπᾶ
3645 4594 3741 4649 τοῦ
3792 4596 3995 4666 Γάζης.

739 4703 902 4741 aures
936 4694 1144 4740 vestras
1190 4700 1540 4740 commovere
1571 4690 1878 4746 tentarunt,
1934 4689 1993 4735 ut
2047 4682 2318 4738 adversus-

741 4780 1060 4833 innocentes
1092 4777 1327 4832 crcdatis
1362 4793 1483 4846 quae
1506 4777 1716 4837 dicunt.
1746 4784 1800 4831 et
1823 4775 2104 4829 scelerata:
2133 4774 2309 4829 luere-

739 4870 818 4925 sis
851 4886 964 4925 sua:
1012 4870 1379 4939 suspicionem
1412 4879 1617 4941 tegant.
1653 4868 1759 4923 Sed
1808 4882 1915 4921 non
1961 4866 2170 4922 diutius
2193 4866 2309 4922 haec

2423 4685 2583 4747 Ἴσως
2616 4684 2725 4754 γὰρ
2771 4684 2864 4737 καὶ
2916 4685 2995 4747 είς
3032 4684 3179 4755 ὑμᾶς
3201 4685 3243 4717 ⁹¹
3276 4687 3473 4751 αὐτοὺς
3502 4687 3742 4758 ἔφθασαν
3786 4689 3849 4743 αἱ
3882 4689 4002 4743 δια-

2418 4774 2592 4841 ϐολαὶ,
2624 4776 2717 4830 καὶ
2756 4775 2885 4838 ἴσως
2932 4776 3025 4829 καὶ
3075 4777 3176 4841 τὰς
3194 4777 3240 4808 ’⁸
3273 4778 3543 4849 ὑμετέρας
3579 4778 3750 4842 ἀκοάς
3778 4780 4001 4850 ἐπεχεί-

2419 4884 2591 4938 ρησαν
2640 4865 3083 4938 παρασαλεῦσαι·
3120 4869 3208 4923 ῐνα
3236 4868 3376 4923 κατά
3426 4869 3525 4939 μὲν
3578 4868 3688 4923 τῶν
3731 4868 3935 4923 ἀθώων
3961 4869 4000 4925 ἃ.

2044 5024 2277 5081 VARI/Ii
2309 5025 2715 5083 LECTIONES.

809 5190 855 5221 τε
898 5190 1051 5257 ’Δγκ.
1075 5190 1171 5256 τῆς
1202 5158 1468 5259 Γαλατίας
1497 5206 1662 5259 μητρ.
1686 5189 1853 5243 Basil.
1879 5186 1999 5249 Gr.,
2024 5188 2289 5259 Stephan.
2365 5189 2409 5259 [⁸
2439 5188 2496 5251 ὃς
2518 5189 2610 5241 ἐπὶ
2632 5188 2688 5242 τ.
2724 5188 3099 5259 συνόδουᾼτῆςμ
3126 5186 3369 5259 μεγάλης
3416 5188 3612 5259 ἐπισκ.
3660 5183 3748 5259 ἦν.
3794 5188 3993 5248 Iidem.

736 5259 784 5291 ⁸ο
810 5260 1089 5329 αἱρέσεως.
1142 5259 1305 5313 Basil.
1334 5257 1428 5313 Ci‘.

736 5329 827 5383 Im
860 5327 1064 5398 Iittcrm
1088 5339 1305 5383 exstant
1331 5329 1394 5382 T.
1424 5331 1464 5385 1.
1488 5327 1548 5398 Ρ,
1584 5345 1620 5389 ι,

1521 5255 1569 5292 ⁸¹⁷
1598 5255 2055 5329 προστάγμασιν.
2092 5255 2233 5329 Idem
2276 5267 2329 5329 et
2361 5255 2550 5328 Steph.
2584 5260 2632 5312 I.

1661 5347 1712 5399 p.
1750 5324 1863 5400 I28’
1882 5344 1964 5400 sq.
1995 5328 2081 5400 ed.
2110 5324 2677 5400 Benediciinfpariier
2700 5335 2758 5382 ut
2782 5328 2833 5382 in
2866 5324 3057 5381 Hilarii
3078 5324 3505 5400 Fragmentisiex
3532 5324 3694 5395 opere
3723 5324 3999 5400 historico
4038 5356 4043 5359 η

2738 5260 2794 5330 ⁸ιῄ
2818 5256 2974 5330 Apud
3012 5256 3381 5330 ntbanasium
3404 5256 3482 5327 (in
3524 5256 3695 5325 cujiis'
3717 5258 3997 5330 Apologia

735 5396 867 5453 cilit.‘
896 5400 1195 5455 Veronens.
1241 5408 1372 5455 toni.
1408 5398 1472 5454 II.
1494 5395 1544 5467 p.
1570 5395 1675 5452 (Εἴ
1704 5413 1799 5467 seq
1828 5399 1844 5460 )
1880 5395 2090 5459 singula
2124 5398 2236 5451 hare
2267 5395 2493 5451 nomina
2522 5414 2642 5468 qiire
2670 5399 2757 5452 hic
2789 5406 3115 5467 sequuntur,
3158 5397 3529 5468 praetermissa
3582 5395 3868 5468 suntLSed
3913 5401 3999 5454 Ie-

736 5472 973 5523 ciionnin
996 5470 1438 5533 discrepantiam,
1469 5465 1560 5523 ubi
1594 5469 1740 5521 nulla
1770 5465 1930 5523 estin
1964 5468 2288 5522 Theodoreti
2323 5469 2507 5525 codd..
2540 5465 2647 5522 non
2679 5465 3192 5522 commemoramus.
3232 5465 3576 5519 ‹⁸³Σπανίων
3601 5467 3693 5519 καὶ
3722 5466 3995 5524 Γαλλίων.

736 5538 897 5610 Basil.
924 5539 1043 5610 Lat.
1153 5540 1200 5610 'f
1244 5539 1494 5610 Σαρδίας.
1528 5538 1798 5610 b1teph._2.

1902 5536 2453 5608 sl'Alpgiavopavi‘tat.
2485 5537 2651 5591 Basil.
2685 5537 2801 5591 Lat.

2907 5537 2953 5568 ⁸⁸
2983 5535 3390 5596 ὑποϐάλλοντες.
3437 5534 3600 5587 Basil.
3642 5534 3738 5588 Gr.
3782 5538 3997 5593 Athan.

735 5608 779 5640 ⁸⁷
813 5609 950 5661 κατᾶ
970 5610 1064 5678 τῆς
1083 5626 1141 5665 π.
1165 5602 1444 5664 Βοείιξϐν.
1465 5615 1519 5663 et
1544 5602 1687 5669 Lat,
1717 5602 2059 5678 Christbphi,
2084 5602 2280 5661 Athan.
2331 5608 2376 5638 ⁸⁸
2393 5608 2627 5729 Σαρδῶν.
2656 5608 2854 5661 Athan.
2874 5605 3265 5677 Σαρδικησίων,
3296 5604 3459 5658 Basil.
3485 5602 3580 5658 Gr.
3611 5614 3663 5658 et
3684 5604 3829 5671 Lat.,
3860 5623 3998 5674 pro-

736 5678 898 5729 hante
928 5677 1160 5729 Valesio.
1189 5678 1582 5729 Sardicmisium
1597 5677 1834 5729 Hilarius
1851 5686 1902 5729 et
1926 5678 2121 5729 Eninh.
2151 5675 2288 5729 Hist.
2310 5678 2438 5729 trin.
2494 5676 2559 5729 ν.
2587 5677 2677 5729 24.
2755 5677 2801 5708 "
2816 5678 2880 5729 δι’
2898 5677 3032 5729 ὅπερ
3053 5673 3217 5727 Basil.
3238 5675 3332 5728 Gr.
3366 5674 3587 5729 Pronter
3611 5675 3688 5729 id.
3712 5674 3993 5729 Hilarius.

736 5678 898 5731 hante
928 5675 1160 5732 Val'esio.
1189 5678 1582 5732 Sardicriisium
1597 5677 1834 5732 Hilarius
1851 5686 1902 5731 et
1926 5675 2121 5746 Epipli.
2151 5675 2288 5747 Hist.
2310 5678 2438 5747 trip.

735 5748 803 5798 δι’
836 5748 1206 5818 ἆπερΑιΙιηη.
1316 5749 1361 5782 '°
1401 5749 1556 5817 ἡμῶν
1598 5749 1753 5802 abest
1788 5764 1816 5800 a
1849 5747 2012 5801 Basil.
2040 5746 2326 5818 et_At‘han.

2534 5718 2559 5739 ,,
2587 5677 2677 5730 24.
2702 5746 2723 5747 ί
2755 5677 2880 5747 ⁸’δι’
2898 5673 3032 5747 ᾇπερ
3053 5673 3217 5747 [Basil.
3238 5675 3332 5747 Gr.
3359 5674 3690 5747 Propterid,
3712 5673 3993 5747 Hilarius.

2428 5718 2438 5728 .
2469 5676 2559 5739 IV,
2587 5677 2677 5730 24.
2755 5677 2801 5708 "
2816 5678 2880 5729 δι’
2898 5676 3032 5747 ὅπερ
3053 5676 3217 5727 Basil.
3238 5676 3332 5728 Gr.
3366 5676 3587 5742 Propter
3611 5676 3688 5737 id,
3712 5676 3993 5732 Hilarius.

2422 5747 2463 5777 "
2496 5749 2663 5816 ήμᾶςι
2686 5746 2867 5816 Basil.
2897 5745 3017 5807 Gr.,
3055 5745 3244 5816 Steph.
3276 5744 3489 5816 vitiose.
3591 5745 3635 5816 ’ξ
3661 5742 3994 5816 ὡς-καὶ-τάς

735 5812 960 5889 ὑμετέρ.
994 5817 1155 5874 Basil.
1192 5818 1283 5873 Gr.
1309 5828 1361 5874 et
1390 5812 1532 5883 Lat.,
1569 5819 1830 5887 Steplian.
1865 5818 2051 5883 Allat.,
2083 5816 2372 5887 Epiphan.,
2403 5812 2671 5886 probante
2719 5815 2957 5872 Valesio.
3008 5814 3101 5868 καὶ
3130 5812 3259 5879 ἴσως
3314 5829 3420 5869 non
3468 5813 3655 5871 habuit
3710 5812 3988 5872 Hilarius;
