4206 6450
783 391 916 455 1015

1735 395 2224 456 TIIEODORETI
2264 392 2601 454 EPISCOPI
2639 393 3003 453 CYBENSIS

3886 387 4019 457 f016

777 519 973 559 omnes
1010 504 1456 572 itnprobavimus.
1484 501 1621 569 Quia
1647 504 1791 559 sicut
1813 506 2071 560 mortales
2099 505 2346 558 homines
2377 506 2407 560 Α

2456 501 2636 572 Πατὴρ
2667 501 2723 554 ἓν
2754 504 2942 571 ἐσμεν,
2984 522 3001 551 ι
3037 499 3122 553 διὰ
3155 499 3253 569 τὴν
3282 498 3593 570 συμφωνίαν
3628 499 3720 552 καὶ
3761 499 3860 570 τὴν
3885 501 4017 568 ὀμό-

780 597 995 661 solent,
1030 610 1153 649 cum
1193 596 1445 649 altercari
1500 597 1803 667 emperint,
1859 598 2095 654 infensis
2149 599 2347 672 animis

778 688 1066 751 dissidere,
1100 702 1163 741 ac
1189 698 1375 757 postea
1410 689 1751 744 reconciliari
1786 707 1800 744 :
1843 691 1924 746 sic
1959 690 2247 745 dissidium
2284 705 2348 743 ac

778 773 1178 830 dissensionem
1222 776 1364 832 inter
1388 777 1600 832 Patrem
1646 778 1813 834 Deum
1841 782 2269 850 omnipotentem
2297 780 2350 834 οἱ

780 862 974 919 Filium
1016 866 1263 923 incidere
1309 884 1470 938 posse
1516 870 1729 936 dicunt,
1760 871 1907 939 quod
1944 872 2027 925 vel
2075 871 2349 941 suSplcari

779 963 866 1007 aut
903 955 1089 1011 animo
1122 955 1325 1026 fingere
1356 966 1440 1012 est
1486 958 1962 1013 absurdissimum.
1998 958 2109 1014 Nos
2138 975 2267 1015 vero
2298 969 2350 1014 et

775 1044 941 1117 847
964 1046 1238 1102 credimus
1262 1054 1317 1102 et
1354 1049 1777 1113 amrmamus,et
1808 1051 2179 1119 intelligimus,
2212 1051 2351 1105 divi-

781 1149 904 1188 nam
933 1135 1070 1189 lianc
1098 1151 1286 1191 vocem
1315 1157 1328 1191 :
1357 1157 1375 1189 ‹
1416 1138 1523 1207 Ego
1543 1147 1595 1193 et
1632 1139 1787 1194 Pater
1812 1155 1977 1194 unum
2018 1156 2208 1197 sumus
2239 1143 2284 1202 ε,
2327 1160 2343 1191 ι

776 1225 845 1280 de
877 1225 1079 1281 unitate
1108 1228 1450 1293 substantiae,
1481 1234 1493 1249 ⁶
1520 1246 1640 1300 qua:
1667 1231 1720 1285 in
1758 1231 1916 1289 Patre
1949 1245 2001 1287 et
2020 1233 2158 1287 Filio
2190 1234 2351 1288 unica

776 1326 883 1381 est,
909 1320 1229 1389 capiendam
1257 1336 1400 1377 esse.
1419 1320 1707 1379 Credimus
1737 1325 1922 1390 etiam,
1942 1326 2090 1380 hunc
2114 1341 2350 1394 semper,

777 1422 843 1459 ac
875 1408 995 1464 sine
1050 1409 1243 1475 initio,
1296 1418 1351 1464 et
1400 1412 1520 1467 sine
1564 1412 1671 1467 line
1724 1428 1952 1482 regnare
2001 1429 2123 1467 cum
2172 1412 2350 1477 Patre,

783 1512 1121 1569 regnumque
1148 1498 1269 1570 ejus
1302 1516 1401 1555 nec
1427 1510 1639 1569 tempus
1675 1501 1873 1555 habere
1898 1516 2006 1571 quo
2039 1492 2349 1567 definiatur,

783 1604 881 1644 nec
916 1605 1154 1661 unquam
1200 1592 1450 1647 desinere
1483 1611 1496 1646 :
1529 1593 1658 1663 quia
1693 1593 1834 1663 quod
1877 1609 2091 1663 semper
2118 1603 2222 1660 est,
2252 1610 2353 1649 nec

784 1695 1025 1750 unquam
1055 1680 1222 1753 cmpit
1248 1700 1391 1745 esse,
1426 1699 1523 1739 nec
1555 1683 1806 1740 desinere
1845 1693 2041 1755 potest.
2064 1684 2352 1741 Credimus

780 1781 831 1825 et
869 1780 1052 1828 mente
1085 1774 1501 1842 complectimur
1553 1775 1887 1844 paracletum
1921 1774 2181 1840 Spiritum
2223 1789 2352 1829 san-

2449 608 2615 647 νοιαν.
2640 594 3004 660 Κατέγνωμεν
3022 591 3078 643 δὲ
3110 591 3306 654 πάντες
3333 593 3381 644 οί
3405 589 3677 644 καθολικοὶ
3702 594 3797 661 τῆς
3830 593 4022 660 μωροῖς

2448 683 2542 734 καὶ
2570 683 2792 749 οἰκτρᾶς
2833 680 3011 735 αὐτῶν
3052 680 3311 743 διανοίας.
3362 680 3469 733 Kal
3496 680 3685 750 ὥσπερ
3708 685 3816 751 γάρ
3842 682 3894 732 οἱ
3927 682 4025 735 άν-

2451 774 2656 844 θρωποι
2690 772 2890 842 θνητοὶ.
2925 772 3112 843 ἐπειδὴ
3138 772 3483 843 διαφέρεσθαι
3514 771 3764 844 ἧρξαντο,
3788 789 4027 842 προσκε-

2452 865 2747 934 κρουκότες
2790 864 3109 933 διχονοοῦσι,
3146 868 3241 918 καὶ
3270 866 3349 927 είς
3384 863 3674 934 διαλλαγὴν
3718 864 4023 926 ἐπάνεισιν,

2449 954 2622 1018 οὕτως
2668 954 2944 1018 διάστασις
2992 955 3083 1009 καὶ
3112 955 3344 1025 διχόνοια
3389 953 3589 1024 μεταξὺ
3640 954 3851 1025 [ἰατρὸς
3883 953 4024 1007 Θεοῦ

2451 1047 2889 1117 παντοκράτορος
2929 1045 3024 1099 καὶ
3057 1045 3151 1099 τοῦ
3180 1044 3310 1099 Υἱοῦ
3352 1042 3495 1100 εἶναι
3520 1045 3738 1100 δύναται
3761 1046 3807 1078 ⁷⁸
3833 1046 4019 1113 λέγου-

2454 1156 2558 1201 σιν,
2602 1140 2738 1209 ὅπερ
2781 1137 3125 1191 ἀτοπώτατον
3184 1138 3279 1191 καὶ
3330 1137 3622 1207 ὑπονοῆσαι
3678 1140 3770 1190 καὶ
3821 1137 4028 1190 ὑπολα-

2452 1228 2565 1281 δεῖν
2587 1229 2652 1281 ⁷⁵.
2692 1228 2883 1297 Ἡμεῖς
2928 1227 2984 1280 δὲ
3021 1227 3115 1282 καὶ
3153 1226 3479 1298 πιστεύομεν
3532 1226 3627 1279 καὶ
3683 1224 4029 1281 διαϐεϐαιού-

2455 1321 2615 1391 μεθα.
2646 1320 2736 1374 καὶ
2763 1319 2906 1373 οὓτω
2947 1320 3193 1389 νοοῦμεν,
3227 1320 3308 1373 ὅτι
3336 1320 3369 1390 ή
3399 1318 3519 1389 ἱερά
3550 1318 3699 1387 φωνὴ
3729 1317 4023 1387 ἐλάλησεν·

2460 1431 2477 1462 ι
2528 1411 2669 1479 Ἐγὼ
2723 1411 2816 1463 καὶ⁵
2864 1412 2893 1464 ὁ
2926 1410 3115 1482 Πατὴρ
3162 1410 3220 1463 ἐν
3252 1413 3438 1479 ἐσμεν,
3471 1429 3489 1460 ι
3543 1411 3635 1462 καὶ
3675 1409 3761 1461 διὰ
3792 1409 3892 1478 τὴν
3923 1407 4029 1475 τῆς

2455 1503 2800 1566 ὑποστάσεως
2832 1503 3078 1573 ἑνότητα,
3102 1503 3221 1572 ἧτις
3248 1503 3364 1555 ἐστὶ
3394 1504 3492 1572 μία
3539 1503 3632 1555 τοῦ
3666 1502 3898 1571 Πατρδς,
3930 1501 4030 1552 καὶ

2457 1597 2553 1665 μία
2595 1594 2689 1648 τοῦ
2740 1594 2889 1648 Υἱοῦ.
2946 1596 3055 1648 Kal
3088 1595 3247 1647 τοῦτο
3285 1594 3341 1648 δὲ
3378 1595 3723 1664 πιστεύομεν,
3767 1593 4025 1653 πάντοτε,

2453 1687 2720 1757 ἁνάρχως,
2761 1687 2854 1739 καὶ
2884 1686 3253 1757 ἁτελευτήτως
3290 1685 3476 1738 τοῦτον
3514 1686 3649 1755 μετά
3677 1684 3769 1736 τοῦ
3810 1683 4029 1754 Πατρδς

2456 1778 2781 1848 βασιλεύειν,
2834 1780 2926 1831 καὶ
2973 1780 3045 1849 μὴ
3092 1778 3235 1847 ἔχειν
3286 1778 3420 1848 μήτε
3471 1778 3660 1847 χρόνον
3699 1776 4025 1846 διορίζοντα.

784 1870 950 1927 ctum,
970 1878 1130 1933 quem
1153 1864 1311 1921 nobis
1334 1864 1448 1933 ipse
1472 1842 1732 1920 Dominus
1752 1872 1805 1920 et
1823 1865 2071 1934 promisit
2086 1874 2138 1919 et
2164 1865 2307 1920 misit
2332 1883 2345 1918 :
2382 1842 2407 1894 ί

2456 1870 2593 1937 μήτε
2623 1868 2895 1922 ἐκλείπειν
2926 1868 3088 1921 αὑτοῦ
3131 1869 3231 1937 τὴν
3279 1868 3553 1938 βασιλείαν
3574 1884 3587 1897 °
3626 1868 3705 1919 ὅτι
3735 1867 3764 1919 ὃ
3791 1865 4029 1919 πάντοτέ

782 1962 837 2005 (ιι
856 1953 1001 2008 hunc
1023 1954 1300 2011 credimus
1326 1956 1571 2010 missum.
1589 1954 1692 2009 Sed
1718 1956 1761 2011 is
1793 1971 1986 2026 passus
2010 1968 2238 2023 nonest,
2255 1955 2349 2012 sed

785 2045 967 2110 homo,
999 2062 1163 2114 quem
1192 2048 1387 2111 induit,
1414 2062 1573 2116 quem
1610 2048 1909 2117 assumpsit
1934 2064 2000 2102 ex
2033 2047 2203 2103 Maria
2232 2048 2353 2103 Vir-

785 2138 929 2205 gine,
949 2136 1221 2193 hominem
1255 2139 1347 2208 qui
1380 2140 1487 2207 pati
1518 2147 1722 2208 posset,
1742 2140 1869 2209 quia
1901 2140 2060 2194 homo
2082 2141 2349 2206 mortalis,

789 2228 930 2283 Deus
968 2244 1091 2283 vero
1137 2229 1484 2283 immortalis.
1516 2230 1799 2285 Credimus
1847 2230 2006 2283 tertia
2034 2230 2122 2284 die
2165 2245 2351 2285 resur-

785 2319 995 2373 rexisse
1031 2338 1044 2373 :
1077 2321 1379 2375 resurrexit
1425 2331 1624 2383 autem,
1655 2334 1759 2373 non
1810 2319 1952 2375 Deus
1993 2322 2047 2375 in
2108 2322 2349 2387 homine,

785 2410 879 2464 sed
929 2409 1093 2464 homo
1132 2410 1186 2466 in
1221 2412 1349 2478 Deo,
1382 2428 1542 2483 quem
1592 2422 1644 2468 et
1684 2412 1827 2467 Patri
1862 2429 1963 2468 suo
2008 2414 2209 2469 donum
2249 2416 2350 2470 ob-

788 2501 934 2569 tulit,
1006 2517 1281 2574 quemque
1325 2518 1355 2557 a
1398 2512 1623 2574 peccato
1677 2514 1731 2560 et
1789 2507 2009 2559 interitu
2082 2508 2349 2563 liberavit.

787 2593 1072 2649 tlredimus
1118 2596 1311 2659 etiam,
1375 2604 1682 2665 Opportune
1730 2612 1793 2650 ac
1846 2597 2069 2651 dclinito
2114 2607 2356 2669 tempore

783 2707 975 2748 omnes
994 2700 1048 2747 et
1080 2692 1147 2747 de
1171 2693 1425 2747 omnibus
1460 2692 1855 2761 jndicaturum.
1887 2691 2057 2746 Tanta
2088 2695 2354 2763 siquidem

784 2801 971 2839 eorum
1002 2794 1087 2840 est
1132 2786 1387 2847 stultitia,
1415 2796 1468 2838 et
1500 2798 1606 2838 tam
1659 2785 1847 2840 densis
1876 2784 2116 2840 tenebris
2163 2800 2353 2838 eorum

787 2890 941 2930 mens
984 2876 1257 2930 obcaecata
1286 2918 1299 2941 ,
1340 2883 1399 2929 ut
1451 2875 1625 2929 lucem
1688 2875 1937 2931 veritatis
1983 2890 2207 2931 cernere
2262 2890 2355 2930 nc-

784 2973 1009 3033 queant.
1057 2964 1175 3021 Non
1230 2966 1578 3037 intelligunt,
1627 2982 1738 3037 quo
1787 2982 1952 3022 sensu
1992 2967 2195 3021 dictum
2232 2967 2352 3021 sit:

791 3077 808 3107 ι
852 3054 922 3110 Ut
949 3062 1002 3111 et
1036 3056 1140 3126 ipsi
1181 3059 1235 3111 in
1270 3058 1429 3113 nobis
1462 3072 1630 3112 unum
1668 3057 1799 3112 sint.
1836 3076 1854 3109 ι
1891 3058 2073 3112 Palam
2101 3059 2244 3113 enim
2271 3067 2356 3114 est

786 3162 885 3200 cur
925 3164 1086 3201 unum
1131 3164 1149 3201 :
1193 3149 1322 3219 quia
1375 3148 1628 3204 videlicet
1673 3150 1907 3218 apostoli
1957 3156 2207 3204 sanctum
2258 3148 2349 3205 Dei
2380 3174 2422 3231 ε

790 3240 1057 3310 Spiritum
1106 3248 1457 3310 acceperunt,
1490 3248 1544 3295 ct
1584 3249 1765 3295 tamen
1803 3240 1905 3310 ipsi
1957 3239 2196 3311 Spiritus
2245 3258 2352 3296 non
2389 3254 2393 3259 '

784 3338 961 3397 erant,
989 3346 1088 3387 nec
1120 3333 1265 3386 ullus
1291 3346 1477 3386 eorum
1510 3340 1603 3385 aut
1644 3330 1903 3393 Verbum,
1941 3340 2035 3385 aut
2063 3334 2352 3403 sapientia,

786 3429 881 3475 aut
924 3423 1118 3488 virtus,
1171 3423 1255 3478 vel
1311 3421 1638 3492 Unigenitus
1681 3432 1816 3477 erat.
1874 3441 1893 3474 ι
1930 3423 2087 3477 Sicut
2120 3441 2240 3494 ego,
2273 3426 2354 3479 in-

786 3513 925 3580 quit,
949 3521 1004 3568 et
1032 3523 1088 3571 tu
1126 3530 1291 3567 unum
1321 3529 1533 3574 sumus,
1560 3514 1640 3567 sic
1679 3524 1731 3566 ct
1762 3515 1863 3583 ipsi
1902 3516 1953 3567 in
1996 3516 2156 3570 nobis
2187 3532 2351 3569 unum

788 3604 899 3657 sint
921 3606 971 3658 Β.
1011 3623 1030 3656 ι
1066 3602 1171 3658 Sed
1196 3612 1250 3658 et
1273 3614 1525 3658 accurate
1558 3619 1655 3657 vox
1677 3604 1857 3658 divina
1885 3605 2353 3676 sasdistinxit:

788 3695 854 3747 In
900 3694 1069 3759 nobis,
1112 3695 1311 3764 inquit,
1350 3711 1513 3748 unum
1560 3697 1687 3749 sint.
1735 3694 1851 3749 Non
1903 3698 2001 3759 ait,
2052 3697 2205 3754 Sicut
2258 3714 2359 3753 nos

789 3803 957 3840 unum
1009 3801 1225 3850 sumus,
1258 3801 1357 3857 ego
1402 3796 1455 3840 et
1504 3785 1665 3839 Pater
1711 3788 1845 3841 :sed
1896 3798 1953 3841 ut
2000 3789 2253 3859 discipuli
2306 3790 2358 3842 in

787 3877 1099 3947 semetipsis
1137 3878 1417 3947 conjuncti
1449 3885 1500 3930 et
1532 3876 1768 3945 copulati
1797 3893 1962 3931 unum
2006 3878 2115 3933 sint
2157 3879 2259 3933 ﬁde
2308 3890 2361 3934 et

2453 1965 2620 2027 ἐστιν,
2667 1960 2786 2015 ούδὲ
2823 1977 2950 2013 ποτε
3000 1962 3094 2014 τοῦ
3144 1953 3281 2012 εἶναι
3311 1958 3533 2029 ἤρξατο,
3582 1958 3701 2011 οὐδὲ
3750 1956 4027 2010 ἐκλείπειν

2452 2053 2691 2106 δύναται.
2726 2051 3061 2121 Πιστεύομεν
3101 2050 3158 2103 δὲ
3206 2051 3300 2104 καὶ
3346 2048 3824 2120 περιλαμϐάνομεν
3846 2049 3891 2079 ⁸ο
3932 2046 4027 2099 τὸν

2454 2144 2802 2215 παράκλητον
2840 2144 2901 2197 τὸ
2949 2144 3103 2212 ἆγιον
3150 2141 3396 2212 Πνεῦμα,
3446 2143 3581 2212 ὅπερ
3628 2144 3757 2212 ἡμῖν
3790 2142 3956 2202 αύτδς
3998 2140 4027 2191 ὁ

2455 2237 2658 2306 Κύριος
2690 2236 2785 2289 καὶ
2814 2233 3177 2306 ἐπηγγείλατο
3207 2234 3301 2287 καί
3332 2233 3563 2304 ἔπεμψε,
3606 2233 3700 2286 καλ⁵
3740 2232 3899 2285 τοῦτο
3933 2249 4027 2283 πι-

2458 2330 2717 2401 στεύομεν
2750 2329 3019 2401 πεμφθὲν.
3059 2330 3167 2384 Kal
3209 2328 3366 2383 τοῦτο
3418 2328 3479 2382 οὐ
3521 2327 3806 2393 πέπονθεν,
3852 2326 3969 2381 ἀλλ’
3999 2330 4030 2380 ὁ

2454 2424 2735 2494 ἅνθρωπος
2763 2423 2821 2477 ὃν
2866 2421 3173 2487 ἐνεδύσατο,
3198 2421 3256 2474 δν
3281 2419 3537 2475 ἀνέλαϐεν
3570 2421 3634 2473 ἐκ
3675 2420 3895 2489 Μαρίας
3927 2418 4030 2488 τῆς

2457 2516 2756 2586 Παρθένου,
2804 2514 2895 2567 τὸν
2926 2513 3211 2585 ἄνθρωπον
3239 2514 3329 2565 τὸν
3369 2512 3557 2566 παθεῖν
3593 2511 3910 2581 δυνάμενον,
3945 2512 4031 2564 ὅτι

2456 2604 2740 2675 ἄνθρωπος
2794 2602 3006 2672 θνητὸς,
3058 2600 3189 2665 Θεὸς
3220 2601 3278 2656 δὲ
3332 2600 3616 2663 ἀθάνατος.
3667 2600 4029 2668 Πιστεύομεν,

2455 2700 2536 2752 ὅτι
2581 2700 2648 2769 τῇ
2700 2695 2855 2768 τρίτῃ
2903 2696 3084 2767 ἡμέρᾳ
3115 2696 3335 2766 ἀνέστη,
3367 2695 3463 2765 οὐχ
3505 2697 3535 2747 6
3562 2692 3693 2757 Θεδς
3722 2694 3779 2746 ἒν
3804 2692 3883 2763 τῷ
3932 2694 4033 2746 ἀν-

2458 2783 2679 2854 θρώπῳ,
2726 2783 2841 2837 ἀλλ’
2874 2785 2902 2836 ὀ
2930 2782 3211 2853 ἄνθρωπος
3255 2784 3311 2836 ὲν
3339 2782 3415 2852 τῷ
3451 2783 3571 2853 Θεῷ
3598 2782 3820 2851 ἀνέστη,
3846 2784 4035 2837 ὅντινα

2457 2876 2553 2930 καὶ
2586 2876 2925 2947 προσήνεγκε
2957 2874 3032 2944 τῷ
3063 2874 3235 2944 Πατρὶ
3267 2874 3456 2927 ἑαυτοῦ
3486 2874 3676 2944 δῶρον,
3709 2874 3767 2926 ὃν
3798 2874 4033 2944 ἡλευθέτ

2461 2982 2631 3036 ρωσεν
2662 2969 2725 3019 ὲκ
2756 2968 2853 3035 τῆς
2883 2966 3157 3036 ἁμαρτίας
3188 2964 3280 3017 καὶ
3306 2964 3403 3034 τῆς
3436 2964 3659 3034 ᾳθοράς.
3690 2964 4035 3034 Πιστεύομεν

2457 3061 2513 3114 δὲ
2538 3061 2620 3113 ὅτι
2654 3058 2856 3129 εὐθέτῳ
2884 3059 3058 3130 καιρῷ
3083 3058 3178 3111 καὶ
3208 3057 3496 3128 ὡρισμένῳ
3526 3057 3729 3120 πάντας
3777 3058 3873 3111 καὶ
3902 3061 4037 3129 περὶ

2458 3150 2672 3205 πάντων
2718 3150 2879 3213 αὐτὸς
2928 3153 3116 3220 κρινεῖ.
3154 3149 3403 3220 Τοσαύτη
3454 3150 3508 3203 δὲ
3560 3151 3740 3205 αὐτῶν
3795 3151 3948 3203 ἐστιν
3996 3154 4032 3220 ἡ

2456 3243 2632 3303 ἄνοια,
2661 3243 2753 3294 καὶ
2781 3240 2922 3294 οῦτω
2948 3244 3111 3310 παχεί
3145 3242 3323 3293 σκύτει
3362 3242 3395 3312 ἡ
3430 3240 3636 3293 διάνοια
3666 3240 3845 3293 αὐτῶν
3875 3242 4036 3295 ἐκτε-

2457 3333 2756 3403 τύφλωται,
2807 3335 2893 3387 ἵνα
2928 3334 3003 3403 μὴ
3032 3333 3330 3400 δυνηθῶσιν
3364 3334 3491 3386 ἰδεῖν
3525 3333 3580 3386 τὸ
3614 3333 3728 3401 φῶς
3758 3332 3859 3401 τῆς
3895 3333 4036 3401 ἀλη-

2459 3428 2626 3489 θείας.
2673 3428 2747 3479 Ού
2798 3426 3039 3478 συνιᾶσιν
3064 3426 3103 3457 ⁸¹
3137 3418 3179 3493 ᾧ
3228 3425 3368 3495 λόγῳ
3427 3426 3667 3495 εἴρηται·
3717 3442 3735 3473 ι
3774 3424 3891 3475 ’Ίνα
3941 3423 4038 3474 καὶ

2458 3523 2609 3576 αὐτοὶ
2638 3522 2694 3573 ἐν
2722 3522 2852 3589 ἡμῖν
2886 3520 2942 3572 ἒν
2970 3513 3090 3572 ὦσι.
3132 3506 3160 3569 ι’
3187 3517 3360 3584 Σαφές
3389 3518 3503 3569 ἐστι
3543 3517 3631 3569 διὰ
3661 3515 3710 3569 τί
3738 3515 3835 3568 ἓν·
3872 3516 3957 3568 ὅτι
3985 3516 4037 3566 οί

2458 3611 2741 3665 ἀπόστολοι
2775 3608 2995 3679 Πνεῦμα
3024 3608 3175 3677 ἅγιον
3216 3607 3308 3660 τοῦ
3340 3607 3472 3660 Θεοῦ
3504 3606 3715 3672 ἔλαϐον,
3744 3606 3859 3658 ἀλλ’
3885 3606 4037 3674 ὅμως

2457 3701 2609 3754 αὐτοὶ
2637 3701 2734 3753 ούκ
2773 3696 2911 3769 ἦσαν
2951 3698 3197 3767 Πνεῦμα,
3230 3698 3350 3750 ούδὲ
3376 3714 3457 3760 τις
3486 3697 3663 3750 αύτῶν
3694 3696 3726 3765 ἢ
3766 3697 3940 3761 Λόγος
3965 3696 4037 3759 ⁸²,

2459 3792 2491 3862 ἢ
2541 3791 2721 3859 σοφία,
2767 3790 2799 3859 ἦ
2850 3791 3074 3859 δύναμις
3120 3784 3209 3859 ἦν,
3266 3788 3388 3841 οὐδὲ
3437 3789 3744 3857 Μονογενὴς
3773 3786 3893 3857 [85]
3945 3782 4038 3854 ἦν.

2467 3899 2483 3931 t
2522 3881 2731 3949 Ὥσπερ
2758 3878 2888 3946 ἐγὼ,
2936 3881 3119 3949 φησιν,
3162 3880 3257 3931 καὶ
3309 3879 3373 3931 σὺ
3414 3879 3471 3932 ἓν
3511 3880 3698 3949 ἐσμεν,
3733 3880 3909 3941 οὕτως
3943 3890 4041 3930 και

786 3967 1155 4032 confessione,
1187 3968 1240 4021 in
1274 3968 1446 4037 gratia
1480 3968 1606 4021 item
1640 3976 1693 4021 et
1724 3967 1922 4037 pietate
1954 3967 2043 4023 Dei
2071 3968 2271 4034 Patris,
2304 3981 2360 4025 et

2458 3974 2612 4027 αὐτοὶ
2642 3974 2697 4028 ὲν
2724 3976 2853 4044 ἡμῖν
2885 3972 2941 4025 ἓν
2967 3969 3117 4025 ὦσιν.
3141 3991 3160 4025 ι
3195 3970 3356 4023 Ἀλλά
3384 3972 3476 4023 καὶ
3507 3970 3745 4041 ἀκριϐῶς
3775 3969 4039 4021 διέστειλε

790 4057 1002 4112 Domini
1051 4073 1113 4111 ac
1145 4056 1453 4113 Servatoris
1487 4059 1659 4115 nostri
1695 4061 2050 4115 concessione
2081 4070 2135 4116 et
2168 4063 2353 4116 cbari-

2462 4066 2495 4133 ἡ
2551 4064 2669 4117 Θεία
2726 4065 2917 4133 φωνήο
2983 4065 3077 4116 Ἐν
3138 4062 3283 4131 ἡμῖν
3355 4061 3425 4115 ἐν
3472 4056 3608 4124 ὦσι,
3664 4061 3850 4130 φησίν.
3923 4060 4041 4113 Οὐκ

790 4156 897 4203 tate
934 4164 1100 4203 unum
1140 4163 1261 4203 esse
1298 4150 1529 4218 possint.

2466 4153 2637 4220 εἶπεν,
2687 4156 2895 4226 Ὠσπερ
2946 4156 3108 4225 ἡμεῖς
3144 4155 3202 4207 ἓν
3224 4155 3412 4223 ἐσμεν,
3451 4152 3562 4221 ἐγὼ
3596 4153 3690 4206 καὶ
3737 4154 3766 4205 ὁ
3806 4152 4036 4221 Πατήρ·

786 4241 900 4293 ἀλλ’
933 4238 1018 4293 ἴνα
1039 4239 1085 4271 ⁸³
1115 4240 1164 4293 οἱ
1197 4240 1435 4311 μαθηταὶ
1464 4244 1519 4295 ἐν
1544 4242 1724 4305 αὐτοῖς
1764 4241 1984 4310 σύζυγοι
2019 4243 2110 4295 καὶ
2140 4243 2401 4312 ἡνωμένοι
2433 4247 2490 4299 ἓν
2519 4241 2618 4299 ὦσι
2651 4248 2715 4316 τῇ
2756 4244 2934 4297 πίστει
2964 4246 3054 4297 καὶ
3088 4242 3348 4315 ὁμολογία
3371 4283 3384 4305 ,
3417 4244 3511 4296 καὶ
3545 4244 3603 4295 ἐν
3627 4244 3693 4312 τῇ
3724 4243 3910 4311 χάριτι
3942 4236 4040 4293 καὶ

787 4333 1041 4403 εὐσεϐείᾳ
1068 4336 1135 4405 τῇ
1165 4332 1257 4385 τοῦ
1302 4332 1435 4384 Θεοῦ
1493 4332 1723 4403 Πατρὸς,
1758 4333 1853 4387 καὶ
1919 4336 1987 4403 τῇ
2046 4334 2139 4386 τοῦ
2198 4336 2401 4408 Κυρίου
2434 4338 2524 4392 καὶ
2562 4332 2826 4406 ’Σωτῆρος
2864 4334 3020 4406 ἡμῶν
3050 4334 3396 4406 συγχωρήσει
3444 4334 3537 4388 καὶ
3565 4332 3755 4402 ἀγάπῃ
3799 4331 3858 4385 ἒν
3894 4326 4039 4391 εἶναι

786 4424 1105 4495 δυνηθῶσιν.

857 4520 937 4575 Ex
976 4520 1092 4575 hac
1143 4519 1373 4589 epistola
1416 4530 1472 4575 et
1524 4528 1905 4575 accusatorum
1964 4522 2264 4587 calumnia,
2307 4528 2407 4583 etl

2548 4526 2642 4578 Ἐκ
2681 4523 2845 4578 τῶνδε
2880 4523 2987 4576 τῶν
3008 4520 3349 4593 γραμμάτων
3394 4520 3509 4572 ἔστι
3542 4519 3752 4590 μαθεῖν,
3796 4519 3907 4572 τῶν
3940 4521 4039 4591 μὲν

786 4612 1033 4684 priorum
1075 4611 1319 4681 judicum
1354 4611 1634 4681 iniquitas,
1662 4624 1715 4666 et
1747 4613 2059 4683 dogmatum
2098 4621 2359 4682 praeterea

2464 4618 2781 4687 κατηγόρων
2808 4616 2905 4686 τὴν
2951 4613 3334 4684 συκοφαντίαν,
3360 4612 3466 4665 τῶν
3490 4612 3545 4665 δὲ
3582 4612 3749 4665 πάλαι
3777 4612 4041 4665 δικασάνο

787 4705 994 4760 sanitas
1027 4702 1357 4773 deprehendi
1402 4713 1600 4774 potest.
1644 4703 1761 4759 Non
1795 4707 1971 4759 solum
2000 4706 2144 4761 enim
2182 4706 2248 4760 de
2276 4707 2369 4759 di—

2461 4726 2568 4761 των
2615 4709 2713 4777 τὴν
2763 4707 2998 4769 ἀδικίαν,
3033 4707 3125 4758 καὶ
3158 4706 3294 4777 πρὸς
3322 4704 3552 4767 τούτοις,
3602 4703 3709 4753 τῶν
3748 4703 4041 4771 δογμάτων

786 4797 911 4849 vina
953 4809 1055 4850 nos
1102 4803 1295 4848 natura
1349 4795 1489 4849 beati
1524 4797 1600 4850 illi
1655 4795 1847 4852 Patres
1892 4796 2219 4860 docuerunt,
2262 4798 2356 4853 sed

2457 4801 2556 4869 τὴν
2598 4800 2805 4866 ὑγείαν,
2858 4799 2932 4851 Οὐ
2968 4797 3075 4869 γάρ
3109 4796 3269 4867 μόνον
3300 4795 3367 4851 τὰ
3404 4795 3533 4865 ιιτερλ⁵
3562 4797 3659 4864 τῆς
3698 4793 3850 4855 θείας
3890 4796 4041 4865 ἡμᾶς

788 4885 1188 4940 incarnationis
1243 4900 1461 4955 quoque
1496 4889 1817 4958 mysterium
1851 4890 2217 4957 explicarunt.
2261 4888 2356 4943 llis

2456 4889 2695 4955 ἐδίδαξαν
2722 4890 2938 4959 φύσεως
2967 4891 3014 4942 οἱ
3048 4888 3306 4959 μακάριοι
3342 4888 3582 4959 Πατέρες
3604 4904 3617 4917 °
3652 4886 3787 4939 ἀλλὰ
3814 4888 3913 4939 καὶ
3938 4886 4041 4957 τὴν

784 4977 1043 5049 cognitis.
1070 4977 1360 5043 Constans,
1393 4988 1447 5033 ct
1472 4978 1654 5033 fratris
1676 4980 1760 5034 sui
1793 4980 2067 5035 levitatem
2091 4996 2344 5046 cernens,

2459 4982 2699 5051 περὶτῆς
2717 4980 3027 5051 οἰκονομίας
3048 4976 3395 5033 διδασκαλίαν
3417 4978 3821 5049 προσήνεγκαν.
3846 4980 4043 5033 Ταῦτα

782 5086 924 5137 a-gre
972 5069 1116 5133 tulit,
1163 5080 1215 5123 et
1248 5070 1300 5124 iu
1340 5086 1435 5126 eos
1476 5072 1816 5139 stu-censuit,
1864 5072 1959 5141 qui
2016 5072 2129 5125 haec
2178 5072 2350 5125 moliti

2456 5074 2485 5123 ὁ
2516 5071 2774 5135 Κώνστας
2823 5069 3175 5143 μεμαθηκὼς,
3222 5067 3469 5139 ἠθύμησε
3524 5069 3623 5139 μὲν
3667 5072 3760 5123 τοῦ
3799 5069 4042 5141 ἀδελςροῦ

860 5234 883 5271 ε
908 5230 1064 5286 Joan.
1100 5250 1154 5299 ι,
1190 5234 1276 5289 50.
1352 5233 1379 5272 δ
1411 5231 1568 5285 Joan.
1597 5244 1731 5293 πει-ιι,
1756 5228 1846 5280 2..

2091 5369 2324 5427 VABIzE
2360 5367 2758 5424 LECTIONES.

880 5492 924 5523 ⁷⁸
954 5490 1275 5563 Sirmondus
1316 5493 1879 5563 Cltristopliorsonum
1924 5493 2210 5563 sequitur,
2257 5497 2350 5563 aut
2404 5486 2665 5563 Stepliaﬂn.
2724 5487 2781 5563 β.
2849 5487 2916 5563 ἧι
2963 5494 3190 5563 uterque
3216 5481 3387 5563 μυξη.
3422 5490 3476 5535 et
3498 5480 3783 5563 _Stepli.nl
3828 5482 4033 5563 habent

784 5562 1011 5615 δυνατὸν
1044 5557 1201 5631 εἶναι.
1290 5566 1333 5597 ⁷⁸
1362 5550 1670 5617 ὑποϐαλεῖν.
1719 5563 1881 5617 Basil.
1924 5550 2018 5617 Gr:
2059 5570 2113 5618 et
2145 5550 2261 5615 Lat.
2306 5550 2543 5631 itetnqu'e
2591 5557 2807 5631 Stcpli.“
2873 5556 2919 5631 ξ’
2942 5550 3660 5631 παροιλαμὸἀνομενεὶθιιξίι.
3693 5550 3787 5631 Gr.
3817 5550 4036 5631 et_Lat-

786 5633 828 5663 "
860 5633 920 5684 οὐ
954 5629 1212 5687 συνίασιν.
1246 5634 1527 5703 διθριιἎΞ.
1603 5633 1649 5664 ⁸⁸
1683 5633 1715 5698 ἢ
1745 5634 1901 5701 λόγος
1934 5635 2090 5687 abest
2119 5634 2187 5703 ab
2206 5620 2468 5703 qutroqne'
2492 5628 2658 5703 Basil.
2685 5620 2882 5703 _"_'__i.'va:
2907 5620 3061 5703 abest
3086 5620 3416 5703 ali'ntroque
3452 5620 3614 5703 Dasil.
3647 5621 4035 5703 εξβψξιῑιαμ..

786 5717 851 5755 ac
881 5704 1042 5769 paulo
1066 5711 1193 5773 post
1221 5719 1317 5773 pro
1345 5692 1402 5755 ἓν
1429 5698 1531 5757 ὦσι
1564 5721 1613 5756 τ.
1652 5692 1919 5756 πίστ.’κα“ι
1950 5704 2100 5772 ὁμολ.
2130 5701 2333 5773 habent
2365 5692 2527 5773 iidem
2559 5692 2809 5752 υοιΙιΙζὲν
2840 5700 2944 5751 εἰσι
2978 5699 3041 5768 τῇ
3070 5696 3248 5748 πίστει
3272 5696 3342 5764 τῇ
3374 5692 3652 5765 ὁμολογίᾳ.
3690 5693 4047 5763 Epiphanius

793 5774 997 5828 omisso
1022 5771 1097 5844 τῷ
1126 5770 1397 5829 ἴναύηιιυι
1430 5777 1531 5830 sint
1568 5774 1730 5845 (forte
1758 5776 1899 5843 sum)
1938 5770 2130 5842 etﬁdei
2165 5770 2508 5839 ranfraaianc,
2537 5776 2640 5823 etc.
