4206 6450
220 378 355 443 1017

1203 385 1783 446 ΕρειΕδΙΑεΤιεΑε
1818 388 2197 449 HlSTOlUJS
2234 391 2372 447 LIB.
2404 389 2480 447 ιι.

3325 390 3458 450 1018

218 492 321 560 τὴν
362 490 613 544 εὐκολίαν
647 493 825 561 δρῶν·
883 493 1182 563 ἐχαλέπηνε
1212 494 1267 547 δὲ
1298 496 1437 549 κατὰ
1474 496 1582 549 τῶν
1627 496 1794 550 ταῦτα
1826 502 1851 554 Α

1896 508 2119 561 essent,
2190 498 2641 567 imperatorisque
2715 497 2961 550 facilitati
3048 496 3455 565 imposuissent.

218 581 642 650 τετυρευκότων,
696 583 790 636 καὶ
835 585 934 653 τὴν
974 584 1235 654 βασιλέως
1291 586 1651 656 ἡπατηκότων
1697 586 1789 639 εὑ-

219 669 463 740 χέρειαν.
498 672 602 725 Δύο
644 672 706 741 δὴ
732 668 824 727 οὖν
851 674 956 728 τῶν
982 677 1062 738 είς
1085 675 1185 743 τὴν
1210 675 1473 747 Σαρδικὴν
1498 676 1542 709 ⁸⁸
1566 677 1787 744 συνελη-

221 761 466 814 λυθότων
512 763 872 835 ἐκλεξάμενος
926 766 1276 830 ἐπισκόπους,
1305 768 1438 835 πρὸς
1458 768 1548 819 τὸν
1568 767 1791 835 ἀδελφὺν

224 853 362 919 μετά
384 854 726 923 γραμμάτων
759 856 1042 909 ἀπέστειλε
1067 874 1081 887 ·
1117 857 1497 911 συναπέστειλε
1526 858 1579 910 δὲ
1608 860 1792 920 αὐτοῖς

220 943 313 994 καὶ
338 944 661 1014 στρατηγὸν,
686 945 940 1009 Σαλιανδς
962 947 1019 999 δὲ
1050 946 1224 1017 τούτῳ
1252 947 1419 1017 ὄνομα
1458 943 1546 1019 ἦν,
1595 948 1653 1010 ὃς
1704 948 1792 1002 εύλ

222 1031 411 1102 οεϐείᾳ
452 1050 510 1085 τε
538 1036 631 1086 καὶ
660 1034 969 1105 δικαιοσύνῃ
998 1036 1276 1107 διέλαμπε.
1306 1038 1385 1089 Τά
1406 1037 1463 1089 δὲ
1490 1036 1791 1107 γράμματα

223 1124 284 1174 ού
340 1127 668 1195 παραίνεσιν
722 1128 881 1197 μόνον
915 1129 961 1160 ⁸⁸
1011 1124 1122 1198 εἶχε
1168 1130 1261 1182 καὶ⁵
1298 1128 1626 1199 συμϐουλὴν,
1657 1128 1791 1182 ἀλλὰ

225 1214 318 1264 καὶ
344 1213 572 1285 ἀπειλὴν
599 1216 812 1269 εὐσεϐεῖ
838 1218 1149 1287 πρέπουσαν
1181 1217 1406 1288 βασιλεῖ.
1444 1218 1663 1288 Πρῶτον
1694 1219 1790 1288 μὲν

220 1302 329 1373 γὰρ
358 1305 633 1360 ἐπέστειλε
664 1308 743 1378 τῷ
773 1309 1005 1377 ἀδελφῷ,
1033 1311 1145 1372 τοῖς
1169 1310 1479 1371 ἐπισκόποις
1501 1309 1597 1371 τὰς
1623 1308 1791 1371 ἀκοὰς

221 1394 501 1463 ὑποσχεῖν,
539 1399 633 1450 καὶ
661 1400 759 1463 τάς
786 1400 889 1452 ὑπὸ
913 1400 1183 1466 Στεφάνου
1210 1400 1301 1454 καὶ
1330 1399 1438 1452 τῶν
1466 1399 1639 1452 ἄλλων
1670 1399 1787 1451 τολ-

224 1486 487 1554 μωμένας
523 1491 867 1561 παρανομίας
914 1492 1135 1559 μαθεῖν·
1169 1493 1262 1545 καὶ
1294 1492 1474 1561 μέντοι
1506 1492 1596 1544 καὶ
1637 1491 1791 1545 Ἀθα-

219 1577 405 1630 νάσιον
427 1579 716 1633 ἀποδοῦναι
742 1584 810 1651 τῇ
842 1582 1065 1653 ποίμνῃ,
1092 1582 1255 1653 δήλης
1283 1582 1378 1635 καὶ
1400 1582 1501 1651 τῆς
1526 1599 1792 1649 συκοφαν-

218 1668 340 1730 τίας
381 1670 774 1739 γεγενημένης,
814 1672 906 1725 καὶ
947 1673 1043 1742 τῆς
1085 1673 1192 1725 τῶν
1240 1672 1407 1726 πάλαι
1446 1672 1781 1727 δικασάντων

1899 588 2041 642 Duos
2087 599 2265 643 autem
2313 606 2378 643 ex
2418 590 2484 644 iis
2516 589 2609 657 qui
2646 587 2923 641 Sardicam
2958 596 3331 641 convenerant
3363 587 3457 640 d'e-

1897 678 2066 733 lcctos
2088 681 2374 748 cpisc0pos
2401 694 2525 733 cum
2553 678 2754 733 litteris
2786 677 2933 731 misit
2964 678 3029 730 ad
3062 677 3308 739 fratrem,
3329 678 3347 695 '
3375 690 3454 754 at—

1895 786 2001 839 que
2067 786 2169 823 una
2224 771 2503 823 Salianum
2567 771 2884 840 magistrum
2952 770 3219 834 militum,
3279 771 3454 822 virum

1896 862 2097 928 pietate
2154 874 2216 914 ac
2265 861 2479 928 justitia
2529 861 2818 931 insignem.
2871 860 3089 914 Littera:
3129 876 3289 929 porro
3346 876 3453 913 non

1896 950 2328 1004 adhortationem
2369 953 2526 1007 modo
2579 961 2631 1006 ct
2677 953 2986 1016 consilium,
3023 951 3115 1005 sed
3157 952 3455 1004 commina-

1895 1046 2096 1099 tionem
2149 1046 2312 1100 etiam
2372 1046 2462 1114 pio
2520 1048 2764 1116 print-ipe
2807 1046 3025 1115 dignam
3078 1045 3452 1100 continebant.

1874 1135 2134 1189 Primum
2182 1137 2328 1190 enim
2371 1135 2522 1189 fratri
2578 1138 2820 1207 scripsit,
2876 1152 2934 1189 ut
2980 1138 3256 1206 episcopis
3292 1150 3452 1190 aures

1893 1227 2179 1296 praeberet,
2227 1226 2596 1296 Stephanique
2628 1237 2682 1281 et
2714 1228 2943 1281 aliorum
2986 1227 3168 1295 iniqua
3211 1226 3452 1279 facinora

1892 1326 2284 1387 cognosceret:
2313 1318 2508 1373 deinde
2545 1327 2603 1371 ut
2642 1319 2997 1373 Athanasium
3046 1318 3191 1388 gregi
3235 1332 3335 1371 suo
3365 1333 3456 1373 re-

1893 1411 2161 1471 atitueret,
2204 1424 2328 1461 cum
2373 1410 2640 1478 patefacta
2699 1408 2809 1478 jam
2860 1418 3005 1463 esset
3058 1406 3351 1470 calumnia,
3389 1419 3448 1468 et,

1896 1499 2136 1568 priorum
2179 1498 2426 1569 judicum
2465 1500 2730 1570 iniquitas
2757 1509 2810 1554 et
2848 1497 3240 1553 malevolentia.
3276 1495 3453 1549 Adde-

1894 1588 2094 1654 batque
2134 1604 2214 1653 se,
2256 1589 2357 1643 nisi
2398 1590 2709 1658 persuaderi
2758 1588 2860 1642 sibi
2897 1596 3171 1656 pateretur
3222 1596 3272 1640 et
3306 1584 3460 1655 quod

1892 1678 2056 1748 81.9
2088 1694 2302 1749 aequum
2336 1687 2456 1734 erat
2488 1678 2709 1743 faceret,
2740 1676 3121 1732 Alexandriam
3179 1676 3452 1746 profectu-

218 1760 571 1830 παρανομίας
596 1762 689 1814 καὶ
706 1762 1047 1833 δυσμενείας.
1076 1767 1432 1837 Προστέθεικε
1449 1767 1526 1833 δὲ,
1544 1768 1619 1831 ὡς
1643 1770 1690 1820 εί
1713 1766 1789 1837 μὴ

1896 1781 2038 1830 rum,
2091 1777 2145 1822 et
2198 1768 2555 1823 Athanasium
2604 1769 2979 1838 cxpetentibus
3033 1768 3228 1822 Ovibus
3276 1766 3455 1820 reddi-

219 1850 492 1920 πεισθείη,
518 1853 614 1906 καὶ
642 1854 710 1906 τά
733 1854 915 1910 δίκαια
949 1857 1176 1927 πράξοι,
1206 1858 1368 1920 αὐτὸς
1401 1859 1500 1928 τὴν
1542 1857 1789 1922 Ἀλεξάν-
1818 1848 1851 1902 Ε

1895 1866 2101 1921 turum,
2133 1859 2587 1929 inimicorumque
2612 1870 2856 1915 catervas
2897 1861 3272 1929 expulsorum.
3306 1856 3455 1923 Quas

217 1941 407 2011 δρειαν
459 1944 854 2015 καταλήψεται,
888 1948 983 2001 καὶ⁵
1020 1947 1111 2001 τὸν
1162 1949 1472 2003 Ἀθανάσιον
1521 1947 1788 2001 ἀποδώσει

1892 1947 2101 2000 litteras
2141 1948 2461 2013 Antiochiae,
2495 1949 2584 2003 ubi
2626 1957 2739 2003 tum
2772 1948 3020 2019 degebat,
3056 1964 3179 2003 eum
3208 1949 3453 2017 accepis-

215 2037 332 2098 τοῖς
360 2036 585 2090 ποθοῦσι
626 2038 938 2109 προϐάτοις,
973 2040 1195 2093 καὶτῶν
1227 2040 1504 2110 δυσμενῶν
1541 2040 1784 2105 ἐξελάσει

1891 2047 1973 2093 set
2004 2038 2380 2106 Constantius,
2418 2039 2689 2096 facturum
2738 2056 2797 2095 se
2856 2039 3057 2109 recepit
3084 2038 3227 2109 quod
3283 2037 3454 2092 frater

214 2125 276 2177 τὺ
329 2128 539 2197 στίφος.
596 2130 813 2201 Ταύτην
857 2132 1149 2200 δεξάμενος
1195 2133 1225 2185 ό
1270 2132 1641 2196 Κωνστάντιος
1687 2132 1786 2203 τὴν

1878 2128 2233 2209 significant.
2861 2185 2871 2193 ,

215 2217 531 2288 ἐπιστολὴν,
582 2220 639 2273 ἐν
696 2220 994 2294 Ἀντιοχείᾳ
1048 2223 1105 2277 δὲ
1142 2222 1441 2293 τηνικαῦτα
1493 2223 1782 2293 ἐτύγχανεν
1813 2222 1908 2287 ὢν,
1966 2220 2231 2290 ὑπέσχετο
2261 2219 2479 2291 δράσειν
2529 2220 2662 2291 ὅπερ
2685 2219 2782 2274 "6
2840 2218 2947 2272 τῶν
3008 2218 3210 2272 ὠδίνων
3285 2221 3455 2290 ἐτι-τιγ-

215 2313 364 2377 γειλε
394 2313 667 2377 κοινωνός.

750 2405 865 2478 [84]
895 2408 1145 2463 ΚΕΦΑΛ.
1185 2409 1258 2461 Ζο.

220 2492 297 2546 Τὰ
328 2493 486 2548 κατὰ
526 2493 843 2563 Εὐφρατᾶν
884 2497 981 2550 καί
1036 2496 1341 2551 Βικέντιον
1372 2497 1512 2561 τοὺς
1542 2498 1785 2551 ἐπισκό-

283 2578 446 2637 πους
480 2566 576 2617 καί
608 2567 722 2629 τὴν
759 2566 1194 2637 ἑνβΑντιοχείᾳ
1235 2567 1361 2621 κατ’
1406 2566 1602 2622 αὐτῶν
1630 2584 1785 2637 γεγε-

283 2634 561 2703 νημένην
582 2634 915 2701 συσκευιὶν.

295 2745 441 2798 Ἀλλ’
472 2747 565 2799 επὶ
599 2748 808 2812 τούτοις
845 2748 1177 2819 ἀλγήσαντες
1204 2751 1254 2804 οἱ
1283 2754 1349 2823 τῇ
1375 2751 1603 2822 ἀληθείᾳ
1632 2750 1789 2805 πολε-

218 2838 340 2906 μεῖν
392 2836 668 2901 εἰωθότες,
719 2839 781 2893 τὸ
827 2841 1145 2913 παμμίαρον
1197 2844 1373 2896 ἐκεῖνο
1404 2843 1498 2896 καὶ
1534 2841 1788 2905 δυσσεϐὲς

2508 2397 2657 2452 CAP.
2712 2397 2824 2457 Vll.

1887 2487 1959 2543 De
1998 2487 2272 2557 Euphrati:
2319 2497 2367 2541 et
2400 2486 2710 2559 γνὶιιτεηιὶο,
2746 2497 2793 2559 «τι
2853 2486 3039 2541 dolosa
3086 2488 3139 2542 in
3186 2505 3272 2545 eos
3314 2492 3454 2559 apud

2284 2558 2612 2613 Antiochiam
2649 2558 3052 2613 machinatione.

1956 2736 2061 2793 Sed
2092 2753 2218 2792 cum
2246 2737 2363 2793 hate
2395 2737 2537 2793 male
2566 2736 2689 2791 illos
2718 2735 2984 2791 baberent
3032 2737 3125 2807 qui
3173 2737 3451 2793 veritatem

1917 2845 2193 2901 ppugnare
2226 2838 2643 2893 consueverant,
2676 2827 3075 2884 exsecrandum
3127 2839 3182 2884 et
3221 2829 3451 2901 impium

215 2928 633 2982 κατεσκεύασαν
665 2929 871 3001 δρᾶμα.
902 2933 1159 3004 Κατήχθη
1191 2935 1286 3003 μὲν
1318 2935 1422 3003 γάρ
1450 2935 1596 3003 παρά
1628 2932 1723 3003 τὴν
1739 2932 1785 2964 ⁸⁷

1881 2924 2062 2979 scelus
2106 2921 2402 2976 machinati
2440 2930 2591 2978 sunt.
2626 2919 2930 2976 Diverterat
2979 2922 3125 2975 enim
3176 2936 3273 2992 par
3318 2921 3452 2975 illud

215 3017 501 3087 ὑπώρειαν
519 3018 628 3070 τῶν
659 3020 958 3090 ἀρχιερέων
984 3021 1018 3090 ή
1051 3020 1298 3092 ξυνωρὶς,
1333 3025 1359 3075 ό
1388 3022 1441 3075 δὲ
1486 3022 1787 3093 στρατηγὸς

1880 3014 2265 3085 episcoporum
2300 3011 2364 3065 ad
2401 3009 2621 3065 domum
2655 3011 2760 3067 sub
2797 3011 2937 3065 clivo
2984 3012 3167 3077 sitam,
3193 3012 3454 3082 magister

215 3108 551 3178 καταγωγὴν
581 3110 775 3181 ἑτέραν
801 3110 913 3182 είλή
924 3128 1031 3181 φει.

1882 3104 2110 3159 militum
2146 3102 2275 3157 alibi
2308 3101 2665 3158 diversorium
2701 3109 3004 3172 acceperat.

282 3218 565 3289 Στέφανος
585 3220 663 3285 δὲ,
693 3222 853 3285 αὐτὸς
875 3222 982 3294 γάρ
1003 3223 1046 3256 ³⁸
1074 3224 1173 3294 τῆς
1210 3224 1521 3295 Ἀντιοχέων
1561 3224 1786 3296 Ἐκκλη-
1811 3205 1851 3267 C

1957 3214 2267 3286 Stephanus
2297 3213 2380 3287 [Β.
2433 3214 2514 3269 St.
2550 3216 2649 3271 Ch.
2682 3213 2745 3270 ν.
2776 3214 2853 3288 9.]
2900 3224 3102 3279 autem,
3133 3217 3225 3287 qui
3257 3217 3452 3272 Antio-

215 3310 337 3375 σίας
396 3314 646 3383 κατέχων
691 3316 817 3378 τοὺς
875 3315 1069 3379 οίακας
1118 3316 1447 3387 ὑποϐρύχιον
1500 3318 1669 3369 ἐποίει
1724 3316 1785 3369 τὸ

214 3402 445 3470 σκάφος,
474 3399 587 3473 εἶχε
624 3404 723 3473 μὲν
751 3406 844 3459 καὶ
885 3406 1073 3469 ἀλλους
1100 3408 1208 3459 τῶν
1235 3407 1568 3477 τυραννικῶν
1594 3425 1782 3477 συνερ-

212 3494 341 3560 γοὺς
363 3490 849 3564 τολμημάτων,οἷς
878 3497 1154 3567 χρώμενος
1182 3498 1304 3561 τοὺς
1322 3498 1429 3550 τῶν
1458 3497 1633 3568 ὀρθῶν
1661 3499 1787 3551 ἀντ-

212 3586 510 3655 εχομένους
551 3586 835 3657 δογμάτων
892 3589 1256 3651 παντοδαπαῖς
1296 3589 1612 3659 περιέϐαλλε
1650 3606 1785 3659 συμ-

211 3681 440 3749 ιροραῖς·
470 3680 652 3750 ἠγεῖτο
678 3680 734 3733 δέ
761 3680 962 3735 τούτων
981 3680 1095 3744 νέος
1114 3699 1219 3745 τις,
1247 3680 1543 3753 θρασύτητι
1575 3682 1671 3751 μὲν
1692 3698 1783 3733 συ-

210 3771 338 3835 ζῶν,
366 3770 461 3823 τὸν
480 3771 538 3822 δέ
561 3772 871 3842 παράνομον
899 3773 1273 3836 ἀσπαζόμενος
1298 3773 1429 3843 βίον,
1456 3772 1513 3836 ὃς
1537 3774 1597 3825 ού
1625 3773 1782 3841 μόνον

208 3864 336 3926 τοὺς
374 3864 441 3914 ὲκ
481 3863 580 3932 τῆς
620 3863 823 3933 ἀγοράς
852 3864 1031 3933 ἀπῆγε
1065 3863 1486 3934 προπηλακίζων
1517 3863 1608 3916 καὶ
1639 3866 1784 3916 αἰκι-

210 3955 468 4025 ζόμενος·
522 3954 654 4007 ἀλλά
703 3956 797 4007 καὶ
848 3957 968 4017 ταῖς
1015 3956 1212 4017 οἰκίαις
1263 3955 1454 4018 ἐπιὼν,
1513 3954 1705 4023 ἀνέδην
1735 3954 1779 3987 ⁸³

208 4047 303 4099 καὶ
334 4045 541 4115 ἄνδρας
569 4046 727 4116 ἐξῆγε
783 4047 877 4100 καὶ⁵
922 4049 1186 4114 γυναῖκας
1227 4045 1509 4116 σεμνότητι
1553 4063 1783 4116 κοσμου-

211 4134 408 4204 μένας.
455 4135 563 4187 Καὶ
598 4135 687 4189 ⁴ιῖνα
721 4135 795 4207 μὴ
836 4135 1037 4207 σφόδρα
1072 4136 1296 4207 μηκύνω
1324 4138 1423 4207 τὴν
1470 4136 1657 4189 τούτου
1701 4137 1780 4190 δι-

214 4224 527 4295 ηγούμενος
572 4227 851 4296 πονηρίαν,
886 4226 947 4280 τὸ
973 4229 1113 4281 κατά
1153 4228 1262 4280 τῶν
1293 4228 1530 4298 ἀρίστων
1578 4228 1781 4299 ἀνδρῶν

208 4314 483 4384 τολμηθὲν
517 4315 878 4386 διηγήσομαι·
922 4318 1137 4388 ἀπόχρη
1179 4317 1286 4387 γὰρ
1313 4318 1781 4388 τεκμηριῶσαιτά

208 4405 351 4458 κατά
369 4404 475 4459 τῶν
498 4405 734 4461 ἀστῶνΙθθ
757 4407 847 4459 ὑπ’
870 4407 1077 4460 ἐκείνου
1100 4407 1426 4478 παρανόμως
1451 4408 1778 4480 πραχθέντα.

210 4489 383 4559 οὗτος
433 4496 567 4565 πρός
604 4512 725 4548 τινα
751 4495 1103 4568 χαμαιτύπην
1130 4496 1588 4566 παραγενόμενος,
1614 4496 1779 4567 ἔφησε

208 4587 395 4653 ξένους
438 4585 666 4656 ἔναγχος
712 4587 1034 4658 ἐληλυθότας
1082 4588 1289 4641 δεῖσθαι
1322 4588 1536 4659 νύκτωρ
1586 4590 1775 4661 αὐτῆς.
1808 4567 1851 4623 D

206 4673 341 4732 Εἶτα
364 4678 757 4732 πεντεκαίδεκα
787 4678 1088 4744 στασιώτας
1114 4680 1311 4744 λαϐὼν,
1347 4681 1441 4733 καὶ
1474 4680 1694 4744 τούτους
1717 4683 1775 4736 ὲν

201 4773 327 4834 ταῖς
347 4772 489 4825 κατά
509 4769 608 4841 τὴν
638 4769 914 4843 ὑπώρειαν
935 4772 1215 4840 αἱμασιαῖς
1241 4770 1612 4842 κατακρύψας,
1643 4767 1776 4842 ἧκεν

202 4861 355 4930 ἄγων
390 4861 487 4931 τὴν
508 4860 882 4931 χαμαιτύπην,
910 4863 1004 4914 καὶ
1036 4861 1095 4913 τὸ
1126 4863 1478 4931 συγκείμενον
1511 4864 1774 4930 ἐπιφθεγ-

202 4950 442 5021 ξάμενος
474 4952 742 5022 σύνθημα,
784 4952 877 5005 καὶ
927 4952 1111 5022 μαθὼν
1152 4952 1227 5015 ὼς
1258 4953 1477 5023 πάρεισι
1518 4954 1610 5007 τοῦ
1643 4955 1773 5024 δρά-

203 5060 376 5113 ματος
403 5046 454 5098 oi
482 5044 809 5116 συνίστορες,
833 5039 936 5116 ἧκε
966 5045 1115 5116 παρά
1139 5046 1237 5115 τὴν
1266 5043 1447 5097 αὔλιον
1478 5046 1645 5117 θύραν
1673 5048 1773 5114 τῆς

1886 3320 2069 3362 cuenm
2118 3308 2371 3363 Ecclesia:
2445 3310 2660 3362 clavum
2722 3319 2852 3363 tunc
2914 3325 3109 3379 regens
3161 3310 3452 3376 naufragio

1883 3400 2130 3469 cymbam
2201 3399 2578 3469 pracparabat,
2625 3416 2749 3454 cum
2820 3399 2956 3456 alios
3038 3402 3449 3471 tyrannicarum

1885 3500 2100 3545 actuum
2141 3507 2367 3545 suorntn
2403 3491 2679 3561 adjutores
2712 3492 2922 3554 habuit,
2950 3492 3148 3562 quibus
3178 3508 3451 3558 usus,eos

1882 3583 1974 3651 qui
2019 3591 2193 3637 rectas
2236 3583 2513 3637 doctrinas
2542 3585 2915 3653 sequebantur
2964 3586 3129 3641 variis
3170 3588 3452 3642 calamita-

1882 3676 2026 3730 tibus
2053 3674 2266 3739 affecit;
2291 3684 2402 3728 tum
2439 3676 2627 3728 horum
2658 3676 2849 3730 ducem
2881 3678 3130 3747 juvenem
3159 3680 3447 3749 quemdam

1884 3769 2138 3839 projects:
2198 3769 2438 3822 audaciae
2476 3782 2529 3823 et
2577 3768 2696 3822 vitae
2744 3768 3084 3832 facinorosae,
3130 3770 3221 3839 qui
3266 3787 3370 3824 non
3420 3789 3450 3826 e

1886 3860 2005 3914 foro
2035 3860 2209 3914 solum
2260 3860 2512 3915 homines
2561 3859 2831 3915 abducere
2871 3876 2995 3915 cum
3037 3863 3351 3917 verberibus
3396 3870 3449 3917 et

1881 3953 2245 4018 contumelia,
2289 3953 2383 4009 sed
2429 3953 2594 4007 etiam
2644 3954 2696 4007 in
2746 3952 2936 4007 domos
2990 3952 3331 4021 impudenter
3374 3952 3449 4005 ir-

1882 4064 2068 4109 ruens,
2097 4048 2245 4103 viros
2298 4058 2352 4103 et
2393 4048 2649 4102 mulieres
2681 4047 3097 4102 honestissimas
3130 4046 3446 4101 abstrahere

1881 4138 2113 4194 solebat.
2135 4141 2209 4193 Ac
2244 4154 2311 4194 ne
2339 4138 2996 4205 commemorandolmjns
3017 4138 3307 4207 ne-juitiam
3329 4137 3446 4190 lon-

1881 4232 1998 4302 gior
2026 4233 2151 4295 sim,
2182 4230 2314 4301 quid
2354 4232 2618 4285 adversus
2647 4230 3124 4301 prmstaiit'ssimos
3149 4229 3291 4283 viros
3325 4244 3444 4297 ges-

1882 4324 2015 4378 serit
2058 4337 2348 4393 exponain,
2387 4338 2453 4377 ex
2502 4337 2610 4391 quo
2646 4321 2711 4375 de
2746 4321 2958 4375 cmteris
2987 4320 3151 4391 850
3180 4320 3247 4374 ab
3274 4334 3339 4374 eo
3390 4320 3441 4373 in

1881 4414 2026 4469 cives
2056 4413 2245 4482 inique
2293 4412 2450 4467 factis
2479 4421 2627 4467 eerta
2668 4411 2739 4466 sit
2773 4412 3105 4479 conjectura.
3137 4410 3183 4462 Is
3236 4410 3301 4463 ad
3336 4410 3443 4462 for-

1882 4506 2139 4561 nicariam
2176 4505 2464 4574 quamdam
2498 4504 2767 4559 accedens
2792 4543 2806 4566 ,
2854 4505 2925 4558 ait
2971 4504 3233 4572 quosdam
3285 4501 3442 4555 modo

1881 4598 2094 4653 venisse
2126 4596 2464 4667 peregrinos,
2497 4596 2590 4666 qui
2640 4596 2759 4664 ejus
2794 4610 3013 4664 operam
3064 4601 3227 4648 noctu
3261 4594 3442 4663 requi-

1880 4694 2024 4741 rant.
2065 4685 2266 4741 Deinde
2309 4686 2551 4741 cotlecvis
2600 4685 2909 4752 quindecim
2966 4683 3206 4739 factiosis
3242 4684 3443 4738 satelli-

1883 4779 2046 4840 tibus,
2077 4786 2133 4834 et
2184 4778 2327 4833 inter
2374 4794 2529 4847 sepes
2563 4777 2629 4831 ad
2686 4778 2882 4831 clivum
2933 4776 3242 4839 occultatis,
3278 4791 3343 4828 eo
3389 4793 3446 4830 se

1880 4865 2088 4921 confert
2109 4882 2232 4919 cum
2258 4867 2502 4931 muliere,
2524 4867 2787 4943 signoque
2818 4870 2913 4920 ut‘
2939 4874 3270 4919 convenerat
3296 4865 3441 4928 dato,

1884 4959 1975 5013 ubi
2030 4957 2224 5012 fabulae
2274 4959 2524 5013 conscios
2571 4959 2762 5014 adesse
2816 4961 3100 5030 cognovit,
3146 4958 3319 5027 pergit
3375 4958 3439 5009 ad

1882 5050 2175 5105 atriensem
2211 5050 2433 5119 januam
2479 5048 2793 5115 diversorii,
2825 5050 2881 5104 in
2933 5065 3043 5120 quo
3076 5050 3184 5105 duo
3213 5050 3289 5104 illi
3328 5051 3430 5121 epi-

1505 5210 1733 5264 V’Alil.£
1770 5210 2166 5267 LECTIONES.

270 5302 321 5333 "'
344 5299 725 5370 Safroni-3110.
765 5301 886 5358 Pini
917 5305 1107 5358 codex.

1198 5306 1241 5336 ⁸⁸
1275 5304 1460 5374 μόνην.
1502 5304 1668 5360 Basil.
1704 5305 1797 5361 (ΞΓ.

1894 5310 1939 5340 ⁸⁸
1972 5308 2132 5377 ἅπερ.
2173 5306 2334 5360 liasil.
2367 5305 2462 5377 Gr.
2539 5305 2584 5337 ‘"
2616 5308 2719 5377 ὑπὸ
2740 5306 2839 5374 τὴν
2878 5308 3052 5377 ύπωρ.
3094 5305 3280 5377 Steph.
3312 5305 3346 5357 2
3373 5314 3423 5357 et

196 5358 445 5446 Casaub'.
521 5358 573 5403 ἐ’
593 5367 662 5441 ἦν
687 5374 1001 5441 interponit.
1030 5376 1192 5446 Basil.
1222 5358 1314 5446 ei.
1390 5358 1434 5406 δ’
1454 5358 1694 5445 ἀναίδην.
1722 5358 1885 5431 Basil.
1908 5358 2003 5432 cf.
2029 5358 2099 5431 etr
2118 5358 2333 5446 Steph."
2367 5358 2514 5429 “illa
2534 5386 2585 5429 et
2606 5358 3024 5446 Savilii'eodex'.
3044 5358 3435 5446 iValcsioireete

200 5442 491 5511 probante,
526 5451 714 5511 contra
743 5459 906 5510 quem
956 5445 1140 5498 nescio
1166 5444 1296 5511 quid
1346 5446 1471 5498 velit
1499 5446 1585 5498 ille
1610 5442 1663 5499 in
1704 5448 1996 5502 Observatt.
2032 5442 2251 5500 ηιὶπσείί.
2286 5448 2406 5500 crit.
2438 5455 2570 5499 tom.
2605 5444 2693 5505 IX.

2731 5462 2782 5514 p.
2821 5446 2907 5507 18,
2943 5461 3065 5498 cum
3098 5445 3233 5514 dicat
3270 5461 3283 5496 :
3330 5443 3435 5495 En-

198 5510 542 5584 pbratam‘et
575 5510 917 5584 Vincentium
964 5529 1069 5566 non
1126 5510 1293 5569 fuisse
1329 5516 1464 5569 cives
1510 5517 1897 5571 Antioche-nos.
1943 5517 2125 5584 Neque
2152 5518 2295 5570 enim
2333 5518 2435 5570 hoc
2476 5516 2637 5569 infert.
2667 5510 2754 5567 illa
2785 5516 2944 5568 lectio
2979 5513 3178 5574 ἀστῶν,
3208 5515 3299 5567 sed
3334 5516 3433 5565 hec

199 5578 381 5655 dieit_:
415 5578 472 5632 Si
517 5580 569 5631 in
619 5581 742 5655 i_||os
792 5584 1104 5655 peregrinos
1134 5585 1213 5637 sic
1248 5586 1436 5647 egerit,
1466 5585 1698 5651 jmlicari
1752 5603 1930 5655 posse,
1972 5578 2243 5653 quomodo
2276 5589 2407 5640 cit-es
2441 5586 2773 5651 tractaverit,
2810 5600 3040 5655 quorum
3093 5584 3251 5655 paulo
3310 5592 3434 5655 ante.

200 5650 409 5722 mentio
434 5658 584 5722 esset
623 5650 789 5722 facta.
826 5651 1011 5722 Steph.
1043 5654 1078 5704 2
1115 5657 1337 5722 vestigia
1362 5655 1604 5721 ejusdem
1635 5650 1885 5711 let-tionis
1914 5650 2090 5717 Omtl‘l,
2126 5658 2283 5712 habet
2318 5657 2458 5715 enim
2495 5657 2685 5711 vitiose
2719 5674 2731 5711 :
2762 5650 2907 5707 κατὰ
2932 5652 3037 5707 τῶν
3069 5650 3277 5707 εθιστών.
3321 5651 3428 5707 Sed

200 5715 391 5785 Steph.
428 5718 448 5770 l
486 5734 608 5773 eum
640 5718 800 5775 Basil.
840 5715 938 5775 ϐτί
966 5723 1220 5794 ἀρίστων,
1254 5715 1453 5794 ἧιιυιίρ
1482 5726 1746 5794 superiori
1777 5728 1913 5781 linea
1954 5728 2186 5795 irrepsit.
