4206 6450
728 372 861 436 1035

1676 363 2163 425 THEODORETI
2198 359 2536 420 EPlSCOPl
2565 359 2931 420 CYBENSIS

3843 358 3980 425 1036

725 500 808 544 tra
840 489 991 542 illum
1032 494 1181 552 gesta
1216 481 1553 535 conficerent
1582 497 1594 532 :
1627 492 1862 547 quorum
1894 475 2003 529 duo
2032 477 2139 527 vita
2176 473 2297 524 fun-

2421 472 2679 542 ιλλότριος
2706 472 2806 541 τῆς
2849 470 3143 541 καθολικῆς
3178 471 3414 534 πίστεως
3456 471 3776 544 ἀπεδείχθη.
3815 474 3981 528 At“-

725 584 798 637 CIl
841 587 990 636 sunt.
1028 575 1379 643 Theogonius
1428 581 1481 626 et
1520 567 1868 628 Theodorus,
1894 571 1909 586 °
1948 566 2144 633 reliqui
2188 571 2301 617 tres

730 675 938 731 vivunt,
976 668 1173 731 Mares,
1217 664 1414 719 Valens
1450 671 1504 716 et
1534 659 1817 715 Ursacins.
1858 658 1937 710 Ab
1970 657 2124 710 hisce
2168 655 2302 709 mis-

730 764 807 816 sis
842 759 985 827 apud
1021 756 1308 810 Sardirain
1344 757 1444 806 hac
1483 750 1552 805 de
1587 765 1645 803 re
1674 747 1945 803 sententia
1978 743 2307 814 exquireba-

730 863 840 905 tur.
874 852 978 916 Qui
1009 848 1220 919 synodo
1256 845 1470 899 libellos
1513 842 1831 895 obtulerunt
1868 838 2082 890 veniam
2119 846 2303 906 postu-

676 1000 677 1003 η
732 946 930 1003 lantes,
968 939 1113 1010 quod
1146 940 1196 991 in
1260 936 1499 989 Marcote
1532 949 1625 1003 per
1672 930 2083 1000 sycophantiam
2145 928 2307 982 unius

735 1036 909 1105 partis
941 1042 1092 1101 gesta
1122 1031 1177 1083 in
1217 1028 1574 1082 Athanasium
1614 1022 1970 1078 confecerint.
2027 1021 2177 1085 Quos
2210 1035 2275 1071 eo

736 1142 856 1181 rum
912 1125 1125 1177 libellos
1178 1136 1288 1191 prae
1326 1119 1579 1173 manibus
1611 1130 1759 1169 nunc
1816 1114 2100 1168 habemus.
2156 1110 2307 1165 Utris

744 1218 965 1280 borum,
1002 1202 1317 1282 imperator,
1347 1210 1547 1264 adduci
1580 1224 1679 1263 nos
1711 1207 1966 1261 convenit
1991 1214 2308 1259 utcomuiu-

738 1309 1011 1366 nicemus.
1033 1307 1171 1359 iisne
1200 1304 1293 1372 qui
1323 1302 1498 1372 primo
1523 1316 1618 1355 eos
1643 1300 1993 1361 damnarant,
2014 1305 2067 1350 et
2096 1295 2307 1349 veniam

742 1411 933 1471 postea
971 1400 1269 1468 petierunt,
1303 1413 1370 1449 an
1398 1396 1519 1451 istis
1546 1395 1637 1462 qui
1663 1394 1783 1445 illos
1808 1405 1955 1443 nunc
1980 1387 2313 1443 condemna-

745 1493 913 1548 runt?
938 1491 1205 1561 Epictetus
1232 1489 1502 1556 cpiscopus
1532 1485 1702 1536 dixit:
1724 1481 1841 1535 Non
1861 1480 1983 1533 fidei
2010 1493 2197 1540 causa,
2222 1476 2314 1528 im-

744 1592 983 1653 peratur,
1024 1581 1189 1652 867
1224 1595 1399 1647 neque
1435 1575 1769 1645 judiciorum
1812 1570 2312 1627 ecclesiasticarum

743 1678 946 1739 studio,
978 1674 1227 1726 Liberius
1251 1673 1397 1723 hunc
1425 1668 1587 1722 hodie
1604 1680 1907 1720 sermonem
1933 1663 2189 1723 instituit,
2221 1660 2315 1715 sed

746 1776 803 1819 ut
836 1766 977 1835 apud
1011 1772 1296 1817 senatores
1322 1759 1599 1812 Romanos
1624 1757 1827 1807 victum
1860 1769 1887 1805 a
1923 1768 1981 1805 se
2010 1750 2317 1804 rationibus

745 1859 1042 1928 principem
1072 1855 1356 1926 glorietur.
1386 1851 1680 1919 Imperator
1699 1846 1907 1899 Liberio
1934 1845 2069 1898 dixit
2096 1859 2113 1895 :
2142 1843 2317 1907 Quota

748 1964 873 2018 pars
905 1946 1057 2000 orbis
1082 1961 1181 2007 es,
1236 1942 1439 2005 Liberi,
1483 1948 1542 1992 ut
1586 1940 1737 1993 solus
1776 1936 2004 2004 impium
2045 1932 2319 1985 hominem

746 2036 994 2090 vindices
1020 2076 1032 2095 .
1076 2044 1129 2087 et
1178 2047 1365 2099 pacein
1398 2030 1551 2084 orbis
1586 2043 1648 2081 ac
1688 2026 1875 2079 mundi
1920 2024 2093 2077 totius
2118 2023 2323 2076 dissol-

746 2128 891 2181 vas?
953 2126 1193 2178 Liberius
1240 2139 1258 2175 :
1313 2120 1429 2175 Non
1487 2136 1555 2176 eo
1603 2118 1751 2188 quod
1825 2118 1977 2173 solus
2034 2131 2153 2170 sum
2205 2116 2328 2169 lidci

745 2233 909 2271 causa
946 2217 1225 2268 minuitur.
1260 2213 1391 2267 Nam
1421 2223 1471 2267 et
1502 2222 1614 2266 tres
1636 2212 1761 2263 olim
1802 2210 1902 2263 soli
1929 2217 2055 2263 sunt
2090 2210 2326 2275 reperti,

746 2309 840 2376 qui
908 2308 1163 2361 mandato
1215 2307 1357 2374 regis
1432 2305 1770 2358 resisterent.
1844 2300 2102 2353 Eusebius
2170 2315 2330 2353 eunu-

748 2403 875 2452 rlius
915 2400 1049 2451 dixit
1089 2414 1108 2449 :
1144 2398 1533 2465 Imperatorem
1578 2403 1829 2447 nostrum
1880 2389 2325 2445 Nabuchodono-

749 2505 927 2544 sorein
986 2489 1140 2543 facis.
1212 2487 1456 2541 Liberius
1514 2503 1532 2540 :
1589 2485 2062 2556 Haudquaquam;
2119 2486 2215 2540 sed
2268 2494 2327 2538 tu

750 2600 859 2638 non
903 2583 1083 2635 minus
1130 2588 1337 2634 temere
1383 2578 1660 2633 hominem
1694 2577 2059 2643 condeumas,
2112 2578 2180 2632 de
2218 2592 2328 2646 quo

754 2677 962 2730 nullum
998 2673 1199 2727 factum
1224 2680 1307 2726 est
1338 2672 1629 2741 judicium.
1671 2672 1737 2724 At
1771 2686 1872 2741 ego
1897 2672 2133 2739 primum
2163 2684 2330 2739 gene-

756 2770 923 2820 ralem
967 2766 1080 2817 lieri
1126 2777 1296 2832 posco
1326 2762 1785 2830 subscriptionem
1814 2802 1827 2825 ,
1861 2777 1967 2830 qua
2013 2762 2146 2816 lides
2182 2762 2324 2831 apud

756 2858 992 2913 Nicaeam
1031 2856 1279 2924 exposita
1311 2853 1691 2910 conﬁrmetur.
1718 2852 1922 2907 Deinde
1966 2859 2023 2906 ut
2053 2852 2327 2907 revocatis

754 2952 824 3008 al)
856 2951 1053 3006 exsilio
1082 2990 1095 3012 ,
1130 2956 1294 3019 atque
1327 2948 1383 3001 in
1414 2946 1573 3002 sedes
1598 2961 1728 3002 suas
1755 2945 2026 3002 restitutis
2060 2945 2327 3000 fratribus

2398 580 2559 631 ριος·
2596 564 2763 616 Πέντε
2808 564 2999 631 μόνοι⁸
3042 563 3337 632 ἐπέκριναν
3365 563 3474 617 τῶν
3515 564 3981 633 συμπλευσάντων

2406 656 2553 725 αὑτῷ
2594 656 2651 707 ἐν
2684 655 2761 725 τῷ
2806 655 3098 727 Μαρεώτῃ,
3144 655 3237 717 οὒς
3290 654 3661 708 ἀπέστειλαν⁶
3697 657 3843 709 κατὰ
3884 658 3981 709 τοῦ

2408 746 2810 817 ὲγκαλουμένου
2838 746 3206 815 συστήσασθαι
3235 748 3352 799 κατ’
3386 746 3553 799 αὑτοῦ
3587 749 3979 816 ὑπομνήματα.

2421 838 2552 890 Ἀπὸ
2578 837 2782 889 τούτων
2813 838 3033 893 τοίνυνῗ
3076 840 3125 890 οί
3166 838 3259 891 δύο
3300 838 3617 906 τεθνήκασι,
3658 838 3983 907 Θεογόνιος⁶

2410 929 2503 980 καὶ
2532 928 2825 997 Θεόδωρος,
2861 930 2907 981 οἱ
2928 929 2981 981 δὲ
3009 928 3187 981 λοιποὶ
3219 934 3363 998 τρεῖς
3402 930 3556 994 ζῶσι,
3593 930 3788 999 Μάρης
3810 932 3853 992 ⁸,
3890 930 3986 981 καὶ

2411 1019 2646 1088 Οὐάλης,
2690 1020 2783 1072 καὶ
2822 1020 3149 1090 Οὑρσάκιος.
3191 1020 3325 1073 Ἀπὸ
3355 1021 3559 1074 τούτων
3595 1022 3638 1052 ⁸⁸
3693 1024 3801 1074 τῶν
3852 1023 3988 1073 ἁπο-

2415 1110 2717 1164 σταλέντων
2776 1110 2917 1164 κατὰ
2965 1112 3233 1182 Σαρδικὴν
3284 1112 3379 1164 τοῦ
3432 1113 3755 1183 πράγματος
3792 1112 3987 1163 τούτου

2415 1202 2579 1255 ’ἑνεκα
2628 1203 2999 1273 συνεκροτεῖτο
3038 1202 3235 1273 ψῆφος,
3278 1204 3327 1255 οἳ
3370 1205 3428 1255 ὲν
3458 1207 3523 1273 τῇ
3562 1204 3767 1272 συνόδῳ
3804 1203 3990 1272 βιϐλία

2414 1293 2786 1358 ἐπιδεδώκασι,
2849 1282 3177 1365 συγγνώμην
3222 1295 3496 1358 αἰτοῦντες
3540 1298 3624 1365 ἐφ’
3676 1292 3756 1357 οἷς
3802 1300 3862 1349 ὲν
3914 1294 3993 1364 τῷ

2414 1386 2687 1458 Μαρεώτῃ
2720 1385 2862 1439 κατὰ
2897 1386 3257 1454 συκοφαντίαν
3286 1389 3348 1440 ἐκ
3372 1387 3704 1458 μονομεροῦς
3728 1388 3995 1453 συνεστή-

2418 1495 2579 1531 σαντο
2604 1480 2642 1508 ¹¹
2670 1478 2810 1530 κατὰ.
2845 1477 3159 1530 Ἀθανασίου
3184 1479 3577 1548 ὑπομνήματα·
3621 1479 3777 1531 ἅτινα
3810 1478 3997 1547 βιϐλία

2417 1567 2596 1621 αὐτῶν
2624 1567 2717 1618 νῦν
2739 1569 2934 1637 ἔχομεν
2954 1568 3092 1638 μετὰ
3110 1570 3316 1639 χεῖρας.
3341 1568 3459 1620 Τίνι
3485 1569 3566 1620 δεῖ
3583 1567 3784 1620 τούτων
3811 1568 3999 1619 πείθε-

2422 1660 2540 1712 σθαι
2564 1662 2729 1729 ἡμᾶς,
2750 1660 2987 1729 βασιλεῦ,
3011 1663 3307 1725 κοινωνεῖν,
3324 1662 3435 1723 τοῖς
3462 1661 3723 1730 πρότερον
3747 1661 4000 1729 καταψη-

2421 1752 2758 1821 φισαμένοις,
2790 1753 2883 1805 καὶ
2916 1753 2979 1804 ἐκ
2999 1752 3250 1821 δευτέρου
3278 1752 3605 1821 συγγνώμην
3629 1754 3944 1819 αἰτήσασιν,
3965 1752 3999 1822 ἢ

2420 1844 2533 1902 τοῖς
2586 1842 2681 1895 νῦν
2741 1843 2947 1895 τούτων
3016 1843 3585 1914 καταψηφισαμένοις;
3653 1844 4001 1909 Ἐπίκτητος

2418 1932 2753 1999 ἐπίσκοπος
2785 1931 2942 1987 εἷπε·
2985 1934 3239 1998 Βασιλεῡ,
3285 1936 3346 1987 οὐ
3385 1935 3623 1998 πίστεως
3666 1936 3853 1987 ἕνεκεν
3905 1938 4004 2004 σή-

2424 2043 2609 2097 μερον,
2640 2027 2758 2079 οὐδὲ
2788 2027 3069 2097 χριμάτων
3100 2027 3568 2094 ὲκκλησιαστικῶν
3610 2026 4003 2095 ἀντιποιούμε-

2422 2135 2512 2181 νυς
2548 2119 2856 2189 Λιῦἐριος¹³
2880 2120 2969 2171 τὸν
3005 2118 3159 2186 λόγον
3219 2122 3471 2182 ποιεῖται,
3506 2119 3618 2171 ἀλλ’
3661 2120 3745 2171 ἵνα
3798 2122 3916 2179 τοῖς
3948 2121 4003 2170 ἐν

2436 2208 2619 2279 Ῥώμῃ
2666 2210 3049 2279 συγκλητικοῖς
3103 2210 3464 2279 καυχήσηται,
3496 2210 3570 2272 ὡς
3606 2210 4006 2279 συλλογισάμε-

2427 2300 2578 2363 νος¹³
2604 2299 2693 2352 τὸν
2718 2300 2957 2369 βασιλέα.
3001 2301 3063 2352 '0
3078 2300 3379 2365 βασιλεὺς
3410 2298 3541 2354 εἷπε
3580 2304 3841 2369 Λαϐερίῳ·
3883 2301 4007 2374 [θα]

2435 2392 2605 2445 Πόσον
2639 2388 2691 2445 εἴ
2706 2392 2869 2462 μέρος
2894 2392 2992 2461 τῆς
3025 2393 3371 2461 οἰκουμένης,
3390 2394 3469 2445 ὅτι
3509 2394 3572 2445 σὺ
3594 2394 3750 2463 μόνος
3770 2395 4007 2463 awang

2427 2482 2699 2553 ἀνθρώπῳ
2758 2484 2978 2553 ἀνοσίῳ,
3014 2486 3108 2537 καὶ
3154 2485 3247 2554 τῆς
3277 2485 3603 2556 οἰκουμένης
3631 2485 3729 2555 τὴν
3776 2488 4009 2557 εἰρήνην

2429 2574 2524 2627 καὶ
2575 2574 2697 2627 ὅλου
2746 2574 2842 2626 τοῦ
2901 2576 3107 2644 κόσμου
3156 2575 3336 2638 λύεις;
3370 2577 3672 2643 Λιϐἐριος·
3704 2578 3779 2632 Οὐ
3817 2577 3911 2629 διὰ
3948 2575 4010 2629 τὸ

2430 2667 2590 2737 ὲμὲίδ
2624 2667 2782 2737 μόνον
2815 2664 2953 2720 εἷναι
2992 2670 3021 2720 ό
3057 2667 3157 2737 τῆς
3202 2669 3437 2733 πίστεως
3475 2668 3787 2722 ἐλαττοῦται
3820 2669 4008 2735 λόγος.

2432 2759 2541 2811 Καὶ
2570 2758 2678 2828 γὰρ
2719 2759 2859 2811 κατὰ
2886 2759 2946 2811 τὸ
2976 2759 3224 2821 παλαιὸν,
3275 2764 3425 2829 τρεῖς
3464 2762 3616 2831 μόνοι
3661 2762 4011 2830 εὑρίσκονται

2430 2852 2778 2915 ἀντιστάντες
2833 2851 3147 2923 προστάξει.
3195 2852 3485 2917 Εὐσέϐιος
3542 2854 3649 2906 ό¹⁸
3704 2852 4013 2920 εὐνοῦχος

2434 2939 2564 2998 εἷπε
2585 2958 2597 2973 ⁸
2626 2944 2731 2997 Τὸν
2761 2942 2982 3014 βασιλέα
3013 2941 3171 3012 ἡμῶν
3214 2943 3685 3014 Νασουχοδονόσορ
3716 2944 4012 3013 ἐποίησας.

2070 3151 2307 3209 VARUS
2347 3151 2756 3209 LECTIONES.

759 3326 1075 3381 eunuchum
1112 3333 1269 3394 putat
1308 3320 1511 3377 Nicaeni
1547 3322 1767 3394 concilii
1800 3319 2021 3394 nomine
2051 3319 2395 3394 signiﬁcasse
2426 3320 2695 3394 synodum
2751 3318 3351 3394 Sa_ri_lieensem,__more
3392 3318 3759 3394 l}_omanorum
3796 3321 4013 3387 pontiﬁ-

760 3413 905 3460 cum,
934 3410 1073 3465 quos
1104 3387 1236 3449 satis
1260 3410 1289 3447 e
1326 3394 1534 3465 Δζοτιιιιιί
1570 3392 1627 3445 Ρ.
1668 3391 1730 3465 ll.
1766 3392 2013 3458 exemplo
2030 3387 2244 3465 e_ons_tat_
2286 3392 2431 3465 illam
2461 3387 2768 3465 synodum,
2816 3388 3089 3443 Nicmuam
3135 3390 3360 3443 dixisse.
3407 3387 3554 3465 lbec.
3594 3390 3841 3465 inquam,
3876 3406 4013 3465 sen-

761 3459 932 3520 tentia
953 3459 1068 3519 'non
1094 3466 1288 3534 placet.
1325 3462 1605 3534 Namjante
1642 3464 1734 3534 illa
1766 3470 2007 3534 tempora
2044 3459 2269 3534 Zosimi,
2300 3462 2393 3529 qui
2428 3461 2532 3534 tale
2580 3475 2775 3534 nomen
2805 3468 3150 3534 commentus
3186 3467 3440 3534 e_st,_n_on
3474 3461 3840 3534 itasynoduni
3874 3460 4013 3513 Sar-

762 3538 1039 3590 dicensem
1075 3527 1397 3603 appellatam
1428 3532 1606 3603 video.
1638 3532 1745 3584 Nec
1773 3527 2069 3603 Eunuchus
2100 3530 2282 3603 dicere
2306 3527 2593 3603 potuisset,
2624 3530 2677 3582 in
2717 3527 3030 3603 Sardicensi
3058 3527 3651 3603 synodoAtbanasiuin
3680 3530 4011 3603 damnatum

765 3608 959 3660 fuisse.
999 3599 1233 3657 Arianos
1277 3619 1322 3656 s.
1346 3600 1652 3655 Orientales
1685 3602 1899 3653 venisse
1926 3600 2207 3653 Sardieam
2244 3599 2480 3669 indeque
2526 3599 2853 3653 discessisse
2882 3602 3019 3662 scio,
3073 3600 3165 3653 sed
3213 3600 3285 3651 ibi
3332 3601 3725 3653 condemnasse
3755 3602 4011 3652 Albana-

764 3678 929 3739 sium,
953 3674 1075 3741 ejus
1106 3675 1185 3726 rei
1222 3687 1395 3739 neque
1419 3671 1971 3741 apudAthanasium.
1996 3684 2172 3737 neque
2226 3668 2368 3736 apud
2392 3668 2590 3721 ’alium
2635 3669 2741 3723 ﬁde
2798 3670 3024 3741 dignum
3066 3670 3401 3741 scriptorem
3432 3670 3731 3741 quidquam
3766 3674 4009 3741 reperio.

764 3736 1046 3798 Nam'etsi
1082 3736 1416 3795 Sozomenus
1445 3740 1513 3794 II.
1541 3738 1599 3792 E.
1634 3738 1720 3801 lll,
1778 3738 1835 3792 Η
1904 3740 2006 3791 hoc
2054 3736 2262 3803 narrat,
2313 3748 2493 3792 tamen
2559 3740 2671 3800 ille,
2702 3754 2824 3806 quae
2854 3739 3217 3809 Philippopoli
3260 3739 3328 3809 ab
3369 3736 3743 3809 Orientalibus
3780 3736 4010 3793 decreta

767 3822 917 3876 sunt,
956 3812 1164 3882 synodo
1194 3810 1725 3882 eorum_Sa_rdicens_i
1755 3809 1967 3882 tr_i_buit,
2006 3810 2142 3862 l'orte
2171 3809 2693 3882 decepti_is_epistola
2728 3806 3015 3879 synodica,
3040 3806 3162 3882 qua;
3190 3818 3276 3882 est
3302 3806 3489 3861 Latine
3529 3806 4013 3882 in_Hilar_ii9pere

767 3877 1030 3937 historico
1059 3884 1343 3949 fragment.
1376 3879 1429 3933 '5.
1455 3878 1592 3948 Opp.
1629 3878 1760 3932 edit.
1794 3877 1997 3949 Veron.
2029 3886 2159 3931 tom.
2196 3878 2261 3943 ll.
2288 3877 2343 3949 p.
2366 3879 2471 3933 657
2495 3895 2635 3948 seq.,
2668 3877 2830 3949 quam
2864 3878 3321 3949 commentitium
3344 3892 3538 3932 nomen
3572 3878 3775 3931 decreti
3810 3877 4011 3931 Sardi-

768 3956 952 4007 censis
973 3967 1082 4019 prae
1110 3948 1167 4003 se
1196 3949 1354 4012 ferre,
1382 3964 1503 4001 cum
1536 3964 1564 4000 a
1605 3949 1812 4018 synodo
1837 3948 2198 4019 Philippopol.
2227 3948 2469 4017 proiecta
2527 3951 2619 4014 sit,
2676 3948 2999 4017 jamdudum
3043 3948 3147 4002 viri
3183 3948 3325 4001 docti
3353 3956 3719 4019 monuerunt;
3743 3950 3849 4002 nisi
3878 3954 4012 4017 quis

772 4025 911 4077 l'orte
933 4017 1113 4075 dicere
1145 4019 1291 4083 velit,
1321 4020 1497 4086 ipsmn
1525 4020 1846 4072 Eunuchum
1874 4021 2064 4072 eodem
2102 4018 2240 4072 falso
2293 4019 2457 4087 hujus
2486 4020 2733 4087 epistolae
2786 4021 3004 4073 nomine
3037 4018 3322 4086 deceptum
3358 4017 3550 4073 fuisse.
3593 4018 3695 4072 Sed
3727 4022 4012 4087 quomodo

770 4104 887 4145 tum
926 4091 1179 4144 Liberius
1212 4090 1607 4156 respondisset.
1635 4089 1867 4141 nonnisi
1899 4088 1932 4142 5
1962 4089 2247 4155 episcolios
2271 4090 2373 4142 hoc
2400 4089 2676 4143 decretum
2707 4090 2761 4141 in
2794 4090 3150 4143 Athanasium
3185 4089 3471 4141 vibrasse?
3501 4097 3596 4141 aut
3623 4090 3744 4153 quis
3761 4105 4008 4157 unquam

772 4162 983 4213 audivit
1017 4158 1284 4228 synodum
1322 4157 1701 4228 Sardieensem
1723 4157 2037 4228 Arianor_um
2057 4159 2381 4226 appellatum
2404 4158 2571 4212 fuisse
2596 4160 2815 4213 nomine
2841 4158 3050 4212 Nicmti
3080 4158 3336 4211 concilii?
3385 4159 3405 4188 '
3433 4158 3596 4212 Savil.
3626 4159 3781 4211 habet
3810 4160 4009 4211 επέντε

774 4232 923 4299 μόνοι
955 4226 1346 4299 ἐπικριθέντων
1371 4227 1711 4299 συμπλεῦσαι
1739 4226 2364 4299 αὑτῴηΡιογὲτιέκριναν
2410 4228 2615 4282 habent
2644 4228 2809 4299 Basil.
2854 4228 3027 4299 Griec.
3064 4238 3116 4282 et
3155 4228 3341 4296 Steph.
3393 4227 3631 4295 ἔκριναν.
3664 4228 3823 4296 Αὐτῷ
3845 4230 4010 4299 abest

770 4296 839 4353 ab
868 4299 1051 4351 Allatii
1080 4296 1291 4356 codice.
1315 4296 1482 4365 quod,
1512 4312 1634 4350 cum
1668 4298 2001 4367 Athanasius
2047 4298 2099 4349 in
2129 4296 2365 4352 Mareote
2416 4299 2614 4351 absens
2645 4298 2924 4361 judicatus
2963 4298 3150 4367 fuerit,
3192 4300 3387 4351 merito
3421 4300 3508 4350 hic
3550 4300 3813 4367 expungit
3845 4296 4003 4351 Vale.

774 4370 909 4422 sius.
991 4369 1011 4398 ⁸
1044 4368 1434 4433 συνεστήσαντο
1464 4368 1696 4420 Casaub.
1780 4367 1797 4396 "
1825 4366 1932 4419 τῶν
1954 4368 2368 4419 ἀποσταλέντων
2391 4368 2597 4419 addunt
2627 4367 2787 4421 Basil.
2811 4368 2903 4422 Gr.
2936 4379 2985 4419 et
3017 4366 3132 4420 Lat.
3163 4383 3285 4422 cum
3322 4367 3510 4434 Steph.
3545 4366 3779 4436 Epiphf:
3812 4371 4010 4420 horum

770 4439 947 4506 itaque
974 4439 1061 4505 qui
1087 4436 1340 4489 destinati
1368 4446 1514 4498 sunt,
1545 4436 1649 4489 duo
1681 4446 1800 4489 sunt
1836 4438 2049 4489 mortui.
2127 4438 2148 4468 ⁸
2174 4437 2423 4506 Θεόγνιος
2478 4438 2677 4491 habent
2716 4438 2877 4491 iidem
2930 4440 3165 4490 codices.
3213 4436 3434 4502 Θέογνις
3470 4436 3732 4505 Scaliger.
3779 4438 4010 4503 θεόγ-νις

770 4505 1086 4576 Chi-istOph.
1162 4508 1183 4537 ⁹
1217 4506 1460 4576 τουτέστι
1493 4506 1641 4559 addit
1670 4507 1830 4561 Basil.
1864 4506 1955 4560 Gr.
1993 4516 2044 4558 ιιι
2072 4506 2187 4560 Lat.
2216 4523 2339 4559 eum
2389 4505 2575 4574 Steph.
2625 4518 2677 4561 et
2709 4507 3028 4576 Epiphanio.
3069 4507 3232 4559 Basil.
3266 4506 3385 4558 Lat.
3414 4506 3571 4558 habet
3597 4509 3759 4559 etiam
3794 4508 4001 4575 Μάρις.

773 4577 817 4608 ¹⁶
855 4575 1103 4629 Valesius
1134 4576 1236 4643 legi
1270 4575 1421 4641 jubet
1448 4592 1460 4627 :
1486 4578 1629 4628 κατὰ
1667 4577 1891 4635 τούτων,
1929 4588 2111 4629 contra
2154 4577 2247 4629 Itos
2270 4617 2283 4637 ,
2351 4576 2401 4628 in
2446 4575 2990 4639 Mareotem’missos,
3038 4577 3304 4629 sententia
3337 4576 3573 4629 Sardiue
3603 4577 3708 4628 lala
3739 4585 3845 4629 est.
3873 4580 4010 4641 Quae

772 4646 1088 4698 eniendatio
1119 4645 1249 4698 mihi
1272 4646 1613 4711 quidemnou
1638 4644 1909 4714 displicet,
1937 4656 2084 4699 certe
2113 4648 2199 4699 hic
2228 4662 2421 4710 sensus
2469 4646 2652 4700 minus
2709 4646 3004 4713 itnpeditus
3047 4646 3282 4711 videtur,
3320 4660 3482 4713 quam
3519 4648 3635 4698 alite
3672 4646 3898 4713 interpr.
3922 4658 4009 4699 ta-

770 4717 969 4769 tiones.
1008 4715 1161 4778 Quod
1192 4715 1235 4785 si
1260 4719 1633 4784 συνεκροτεῖτο
1672 4717 1848 4783 ψῆφος
1883 4716 1988 4766 ἀπό
2016 4734 2177 4768 τινων
2210 4716 2312 4768 dici
2341 4724 2527 4785 possot
2577 4717 2643 4769 de
2668 4718 2754 4776 iis.
2794 4719 2887 4783 qui
2920 4732 2948 4768 a
2988 4716 3314 4784 quibusdam
3345 4716 3609 4768 rationem
3645 4720 3924 4785 postulant
3959 4733 4006 4770 s.

772 4796 1112 4853 argumenta.
1142 4784 1341 4852 quibus
1374 4801 1480 4844 res.
1504 4802 1624 4855 quae
1653 4787 1704 4838 in
1733 4787 2033 4854 quaestione
2063 4794 2166 4843 est,
2195 4784 2570 4843 centirinetur.
2625 4789 2909 4855 probarem
2941 4786 3217 4855 Sirmondi
3259 4786 3565 4838 versionem
3595 4804 3607 4835 :
3644 4784 3767 4838 nam
3794 4802 3858 4839 ex
3888 4789 4008 4853 epi—

775 4856 913 4907 stola
941 4856 1201 4923 synodiia
1232 4854 1452 4907 concilii
1496 4854 1839 4909 Sardiceusis
1874 4871 2035 4923 supra
2066 4872 2113 4910 c.
2152 4854 2205 4917 6,
2256 4866 2309 4907 et
2354 4856 2571 4910 aliunde
2618 4854 2753 4910 satis
2805 4865 3051 4915 constat,
3089 4854 3426 4916 Catholicos,
3471 4856 3563 4921 qui
3595 4855 3837 4908 ιλιι-(ηαδ
3869 4872 4007 4908 con-

775 4924 1065 4986 ﬂuxerant,
1095 4924 1162 4976 ab
1190 4925 1472 4977 Athanasii
1519 4928 1935 4979 accusatoribus
1991 4926 2295 4991 postulasse
2326 4934 2383 4978 ut
2429 4928 2766 4994 argumentis
2831 4942 2981 4979 reum
3026 4925 3386 4977 Athanasium
3428 4925 3843 4994 convincerent.
3898 4925 4006 4978 Sed

774 5008 963 5047 vereor
987 5004 1049 5064 ιιι
1073 4996 1215 5047 hunc
1238 5008 1458 5064 sensum
1492 4996 1654 5048 verba
1690 4996 1998 5048 admittant.
2024 4994 2118 5047 list
2153 4998 2332 5062 potius
2359 5011 2370 5045 :
2402 4991 2515 5047 ἁττδ
2536 4994 2738 5048 τούτων
2772 4998 3143 5060 συνεκροτεῖτο
3163 4994 3363 5064 ψῆφος,
3390 5010 3488 5061 pro
3518 5013 3530 5047 :
3559 4991 3705 5048 οὗτοι
3745 4999 4007 5064 συνεκρό-

735 5080 945 5131 .τησαν
969 5062 1166 5133 ψῆφον,
1224 5063 1276 5113 lii
1311 5066 1621 5116 sententiam
1671 5067 1945 5127 tulerunt;
1979 5074 2035 5116 ut
2066 5066 2329 5118 hactenus
2358 5067 2540 5118 verior
2592 5067 2662 5119 sit
2716 5065 3093 5133 interpretatio
3140 5062 3510 5119 Observatoris
3564 5062 4005 5125 C0!||"|Cﬂl0|’.lli,

774 5148 936 5199 quam
976 5138 1099 5185 item
1125 5132 1653 5201 Christ0phorsonus
1683 5136 1975 5203 expressit,
2015 5136 2251 5188 Sarilicaa
2288 5136 2385 5190 hos
2419 5152 2589 5202 nuper
2620 5136 2673 5187 in
2697 5132 2986 5189 Mareotem
3024 5138 3224 5189 missos
3262 5136 3590 5189 sententiam
3617 5143 3811 5188 contra
3836 5137 4005 5188 Atha-

777 5204 987 5275 nasium
1015 5204 1223 5275 tulisse.
1242 5204 1317 5275 ᾼι
1338 5220 1510 5271 neque
1534 5205 1645 5257 haec
1661 5205 1885 5275 probari
1915 5214 2111 5272 potest.
2140 5204 2268 5257 Nam
2301 5206 2381 5271 (ut
2406 5207 2539 5257 nihil
2569 5204 2769 5268 dicam,
2808 5206 3043 5274 pessime
3082 5207 3149 5258 ab
3178 5204 3542 5259 Observatore
3577 5206 3657 5265 τὸ,
3694 5206 3837 5257 κατὰ
3868 5207 4007 5275 21p-

773 5271 946 5344 δικὴν,
981 5272 1048 5325 ad
1075 5272 1418 5344 participium
1449 5274 1861 5326 ἀποσταλέντων
1905 5271 2118 5337 rel‘erri,
2146 5283 2206 5327 ut
2252 5291 2449 5328 sensus
2476 5276 2582 5328 sit:
2625 5275 2725 5327 hos
2759 5271 2987 5344 legatos,
3033 5283 3089 5327 ut
3114 5291 3287 5343 nuper
3322 5276 3375 5327 in
3408 5275 3725 5331 Mareotem.
3755 5276 3831 5327 ita
3864 5271 4008 5329 nunc

778 5339 1056 5413 Serdicam
1080 5343 1197 5408 ejus
1231 5344 1303 5395 rei
1328 5358 1493 5413 causa
1524 5345 1723 5397 missos
1753 5358 1910 5409 esse;
1947 5344 2091 5412 quod
2146 5345 2285 5396 κατὰ
2350 5344 2508 5413 Σαρδ.
2550 5339 2859 5413 signiﬁcare
2910 5360 3017 5398 non
3061 5339 3258 5412 potest)
3316 5360 3492 5413 neque
3537 5344 3775 5399 Sardis-ir
3814 5346 4005 5397 Ariani

776 5412 1098 5484 sententiam
1128 5418 1312 5484 contra
1336 5412 1698 5484 Athanasium
1725 5412 2001 5475 dixerunt,
2028 5413 2125 5467 sed
2182 5412 2561 5484 Philippopoli,
2608 5412 2795 5483 neque
2850 5416 2951 5484 hoc
2994 5414 3271 5468 decretum
3300 5412 3593 5483 quisquam
3626 5423 3872 5467 veterum
3902 5416 4007 5469 illis

777 5479 1082 5554 glareoticis
1115 5481 1622 5554 tribuitajcaaterum
1657 5480 2034 5554 '[heodoretus
2065 5479 2477 5553 synodum—{cui
2517 5479 2722 5554 yalens
2762 5491 2814 5539 et
2850 5482 3109 5540 Ursacius
3155 5479 3486 5554 palinodiam
3531 5485 3870 5547 obtulerunt,
3898 5501 4008 5537 non

778 5548 1156 5623 Sardicensem
1190 5552 1475 5623 intelligit,
1520 5552 1613 5623 sed
1665 5548 2121 5607 Mediolanensein
2156 5572 2208 5607 ιι.
2240 5553 2365 5617 546,
2398 5556 2477 5608 vel
2511 5552 2818 5609 Romanam
2851 5570 2901 5608 a.
2938 5555 3061 5608 348.
3142 5548 3183 5587 ¹’¹
3221 5554 3385 5608 Basil.
3416 5553 4007 5623 LalLGUﬂC‘t'ﬁXﬂVto.

775 5618 939 5694 Basil.
971 5618 1064 5694 Gr.
1098 5630 1152 5674 et
1184 5618 1803 5694 διεριιίσυνεθήκαντο,
1882 5624 1923 5653 ⁸⁸
1949 5623 2137 5693 Λιὸέρ.
2170 5624 2328 5678 abest
2364 5624 2432 5677 ab
2475 5636 2709 5693 utroque
2744 5624 2910 5679 Basil.
2950 5634 3002 5679 et
3034 5624 3358 5694 Epiphanio.
3458 5623 3500 5654 “
3532 5618 4008 5678 Valesius'emei»

777 5690 868 5740 dat
902 5707 915 5740 ξ
953 5690 1499 5765 συλ-αγωγησάιμενος,
1540 5690 1605 5765 q._
1631 5691 1683 5744 d.
1715 5693 1806 5765 qui
1828 5690 2109 5765 deceperit,
2144 5701 2276 5765 ete.,
2321 5694 2418 5748 sed
2460 5690 2737 5765 ferendam
2766 5703 2919 5765 putat
2950 5690 3218 5765 vulgatam
3265 5694 3574 5749 lectionem.
3653 5694 3729 5725 "‘
3761 5694 3819 5745 δὲ
3854 5696 4012 5749 addit

776 5767 997 5824 uterque
1023 5758 1181 5815 Basil.
1214 5758 1266 5815 et
1305 5758 1492 5830 Steph.
1559 5758 1613 5791 ’⁸⁸
1646 5758 1738 5830 ps.
1768 5758 1965 5818 Iidem.
2044 5764 2084 5794 ”
2110 5766 2137 5815 ὁ
2170 5763 2320 5821 abest
2351 5765 2419 5819 ab
2454 5764 2673 5820 iisdem.
