4206 6450
168 388 307 452 1049

1179 390 1772 454 ΕΟΕΙΕΒΙΑΞΤΙΟΛΕ
1810 396 2192 457 ΗΙΞΤΟΒΙΑΑΕ
2228 401 2372 460 LIB.
2399 402 2480 461 ΙΙ.

3299 404 3318 466 1
3329 407 3432 469 050

172 504 290 568 poi;
324 497 590 551 τοσαῦται
628 497 946 566 Ἐκκλησίαι
987 498 1117 552 ἄνευ
1161 499 1479 554 ἐπισκόπων
1522 500 1748 554 δοκῶσιν

1856 506 1993 564 sime
2056 509 2375 579 imperator,
2429 518 2486 562 ut
2535 518 2660 564 ante
2708 513 3053 581 asperitatem
3115 513 3334 578 hiemis,
3384 521 3430 570 si

164 587 332 652 εἶναι,
371 591 406 658 ἡ
439 588 505 659 σὴ
535 587 790 658 εὐμένεια
828 589 1031 658 ὁμοίως
1075 591 1206 660 ἡμῖν
1233 591 1512 659 γινώσκει.
1554 594 1645 646 Διὸ
1682 594 1747 666 δὴ

164 681 351 744 πάλιν,
386 679 694 744 ἐνδοξότατε
729 682 1094 752 αὐτοκράτορ,
1126 681 1358 753 δεόμεθα
1398 684 1483 736 ἵνα
1518 685 1622 750 πρὸ
1650 686 1748 754 τῆς

163 772 473 840 δεινότητος
520 769 613 823 τοῦ
644 770 928 840 χειμῶνος,
973 772 1022 824 εί
1077 771 1304 844 ἀρέσκει
1345 775 1411 843 τῇ
1449 776 1514 844 σῇ
1571 774 1751 842 φιλαν-

163 865 413 933 θρωπία,
455 865 536 926 είς
563 863 662 925 τὰς
717 862 1041 932 Ἐκκλησίας
1088 864 1185 928 τὰς
1232 865 1505 936 ἡμετέρας
1533 865 1752 918 ἐπανελ-

163 958 275 1008 θεῖν
323 955 613 1025 κελεύσῃς,
661 956 808 1018 ὅπως
859 955 1182 1026 δυνηθῶμεν
1218 957 1294 1027 τῷ
1349 959 1748 1030 παντοκράτορι

162 1051 300 1118 Θεῷ,
336 1051 436 1102 καὶ
470 1047 622 1118 [101]
661 1047 739 1117 τῷ
783 1049 1004 1116 Χριστῷ
1054 1049 1131 1118 τῷ
1171 1049 1286 1119 Υίῷ
1323 1049 1512 1113 αὑτοῦ,
1543 1052 1620 1121 τῷ
1659 1051 1751 1103 Δε-

1855 597 2175 668 benignitati
2229 611 2336 654 tuae
2376 600 2576 670 placet,
2635 617 2737 656 nos
2788 604 2852 656 ad
2902 603 3179 660 Ecclesias
3213 616 3430 663 nostras

1852 690 2035 744 redire
2082 694 2386 761 praecipias,
2455 700 2514 744 ut
2561 697 2838 762 possimus
2878 697 3238 765 omnipotenti
3289 696 3421 764 Deo,

1857 789 1910 832 et
1940 781 2164 836 Clu-isto
2205 783 2326 848 ejus
2345 782 2502 846 Filio,
2554 782 2779 839 Domino
2825 794 2878 840 et
2913 783 3190 841 Servatori
3238 798 3432 843 nosu'o

1853 888 1952 940 pro
1975 883 2119 928 statu
2140 873 2308 944 879
2329 875 2536 943 imperii
2558 875 2654 938 tui,
2682 875 3140 944 quemadmodum
3167 877 3431 931 hactenus

1865 961 2095 1017 fecimus
2123 973 2179 1017 et
2231 962 2486 1028 iacimus,
2540 964 2812 1020 solemnes
2848 979 3036 1036 preces
3070 963 3266 1021 oﬂ‘erre
3323 981 3431 1019 una

1852 1065 1977 1104 cum
2008 1054 2228 1120 populo.

167 1145 338 1211 σπότη
369 1141 467 1192 καὶ
501 1140 716 1210 Σωτῆρι
746 1139 926 1210 ήμῶν,
953 1139 1093 1210 ὑπὲρ
1119 1141 1216 1210 τῆς
1243 1142 1630 1204 καταστάσεως
1654 1139 1748 1193 τοῦ
1788 1141 2021 1211 κράτους
2047 1159 2142 1195 σου
2174 1144 2288 1214 ἅμα
2318 1145 2458 1215 μετὰ
2481 1144 2585 1197 τῶν
2618 1144 2786 1209 λαῶν,
2851 1146 3031 1210 καθὼς
3093 1148 3430 1218 ἐποιήσαμεν

165 1239 258 1289 καὶ
295 1237 587 1308 ποιοῦμεν,
630 1237 893 1308 μεγίστας
930 1236 1138 1298 ἱκεσίας
1173 1238 1580 1306 προσενεγκεῖν.

755 1326 974 1382 ΛΟΓΟΣ
1003 1331 1122 1396 ις’.

165 1424 300 1489 Περὶ
346 1421 462 1488 τῆς
510 1423 579 1475 ἐν·
614 1422 770 1488 Νίκῃ
813 1419 916 1484 τῆς
949 1421 1182 1485 Θρᾴκης
1218 1421 1263 1450 ⁸⁸
1311 1421 1600 1483 συνόδου,
1644 1422 1743 1474 καί

265 1493 513 1558 ἕκθεσις
557 1493 814 1554 πίστεως
849 1491 984 1556 παρ’
1038 1491 1284 1543 ἐκείνων
1311 1491 1636 1587 ⁴μοαέντεῖσα.

231 1584 389 1636 Μετὰ
435 1582 594 1651 τήνδε
631 1581 728 1650 τὴν
773 1579 1081 1648 επιστολὴν,
1131 1581 1221 1631 τὸν
1273 1579 1533 1648 βὶσιλὲως
1575 1580 1744 1650 θυμὸν

165 1675 605 1746 παραθήξαντες,
640 1674 859 1742 ἄγουσιν
882 1672 1114 1734 ἄκοντας
1145 1671 1252 1724 τῶν
1283 1675 1594 1726 ἐπισκόπων
1618 1674 1745 1737 τοὺς

165 1767 452 1826 πλείστους
479 1765 562 1828 είς
595 1782 718 1818 τινα
746 1765 900 1818 πόλιν
929 1765 1026 1834 τῆς
1053 1763 1273 1834 Θρᾴκης
1295 1782 1306 1793 ’
1334 1765 1476 1833 Νίκη
1503 1766 1556 1817 δὲ
1578 1766 1749 1830 ὄνομα

162 1860 373 1932 ταύτην
436 1861 532 1912 καὶ
588 1859 830 1912 πείθουσι
867 1859 991 1920 τοὺς
1042 1859 1141 1926 μὲν
1189 1857 1617 1928 βουκολήσιντες
1681 1858 1746 1911 δι’

163 1953 470 2022 ἁπλότητα,
521 1952 646 2014 τοὺς
679 1950 735 2004 δὲ
770 1949 1104 2019 δεδιξάμενοι
1153 1949 1221 2016 ⁸⁷,
1269 1951 1366 2021 τὴν
1398 1951 1565 2004 πάλαι
1607 1951 1748 2005 κατὰ

160 2046 258 2113 τῆς
311 2042 601 2106 εὕσεσείας
660 2043 844 2106 αὐτοῖς
895 2041 1276 2112 ὲξευρεθεῖσαν
1344 2041 1748 2112 ἐξεργάσασθαι

165 2139 414 2207 μηχανήν
443 2153 457 2168 ·
500 2137 593 2188 καὶ
640 2135 738 2205 τὴν
785 2135 883 2204 μὲν
919 2136 1137 2189 oua/ar
1184 2136 1278 2188 καὶ
1319 2134 1379 2187 τὸ
1429 2137 1751 2203 ὀμοούσιον

161 2227 415 2300 ἐξορύξαι
457 2228 557 2297 τῆς
601 2228 860 2291 πίστεως,
911 2229 1143 2280 ἐνθεῖναι
1187 2227 1242 2280 δὲ
1290 2227 1408 2279 ἀντὶ
1447 2227 1649 2280 τούτων
1689 2229 1750 2281 τὸ

163 2321 389 2386 (pater.
439 2318 723 2387 Ἐντίθημι
747 2318 804 2372 δὲ
837 2319 929 2371 καὶ
952 2319 1155 2388 ταύτην
1185 2320 1248 2387 τῇ
1277 2319 1508 2390 ἱστορία,
1548 2322 1645 2390 οὐχ
1673 2322 1746 2384 ὡς

162 2406 214 2464 εὖ
283 2410 541 2480 ἔχουσαν,
601 2409 717 2463 ἀλλ’
762 2410 838 2472 ὠς
885 2410 985 2480 τὴν
1045 2410 1254 2480 Ἀρείου
1305 2413 1616 2480 συμμορίαν
1669 2413 1749 2465 δι-

162 2501 534 2570 ελέγχουσανο
586 2501 705 2552 οὐδὲ
751 2501 859 2570 γὰρ
885 2500 1088 2569 ταύτης
1127 2502 1174 2553 oi
1228 2499 1322 2554 νῦν
1365 2501 1749 2568 δυσσεϐοῦντες

163 2593 573 2661 ἀντέχονταιῆ
613 2591 727 2646 ἀλλ’
769 2593 887 2646 ἀντὶ
927 2592 1018 2646 τοῦ
1064 2591 1253 2662 ὁμοίου
1313 2593 1640 2663 κηρύττουσι
1685 2597 1747 2650 τὸ

161 2687 471 2754 ἀνόμοιον-

164 2779 376 2843 Πίσης
407 2777 719 2832 ἐκτεθεῑσα
755 2778 1018 2900 ἐνὲΝίκῃ
1060 2777 1171 2846 τῆς
1209 2781 1465 2849 Θρᾴκης,
1517 2782 1628 2834 οὐκ
1676 2775 1744 2835 εὖ

871 2863 1086 2900 νουσα.

867 2863 1086 2916 χούσα.

229 2935 573 3007 Πιστεύομεν
601 2938 681 3001 είς
709 2937 807 2990 ἕνα
838 2937 932 2990 καὶ
964 2937 1124 3006 μόνον
1164 2939 1418 3010 ἀληθινὸν
1447 2940 1599 3002 Θεδν,
1633 2941 1738 2993 Πα-

163 3032 292 3102 τέρα
325 3031 771 3100 παντοκράτορα,
825 3029 883 3095 ἐξ
932 3022 993 3084 οῦ
1043 3033 1111 3086 τὰ
1159 3034 1354 3088 πάντα.
1408 3035 1515 3088 Καὶ
1541 3034 1623 3096 είς
1653 3033 1744 3086 τὸν

168 3123 434 3192 μονογενῆ
481 3123 610 3175 Υίὸν
653 3123 746 3175 τοῦ
787 3123 957 3188 Θεοῦ,
1007 3125 1098 3178 τὸν
1144 3128 1250 3196 πρὸ
1290 3127 1508 3180 πάντων
1542 3126 1652 3180 τῶν
1698 3129 1742 3160 ⁹⁹

164 3211 401 3274 αἰώνων,
437 3211 530 3264 καὶ
573 3212 678 3282 πρὸ
713 3212 892 3282 πάσης
936 3215 1109 3284 ἀρχῆς
1161 3215 1489 3286 γεννηθέντα
1539 3217 1603 3268 ὲκ
1651 3216 1744 3270 τοῦ

163 3301 320 3366 Θεοῦ,
357 3303 426 3355 δι’
458 3297 518 3355 οῦ
549 3304 618 3354 τὰ
651 3303 824 3355 πάντα
859 3304 1094 3369 ἐγένετο,
1129 3305 1199 3358 τά
1243 3321 1302 3357 τε
1343 3305 1514 3375 ὁρατᾶ
1556 3308 1650 3358 καὶ
1679 3307 1746 3360 τὰ

165 3395 395 3466 ἀόρατα.
421 3393 758 3462 Γεννηθέντα
793 3393 849 3446 δὲ
882 3396 1140 3465 μονογενῆ
1180 3397 1338 3467 μόνον
1367 3399 1430 3450 ὲκ
1455 3397 1618 3466 μόνου
1650 3397 1744 3450 τοῦ

164 3488 399 3557 Πατρὺς,
434 3484 569 3537 θεὸν
604 3486 668 3538 ὲκ
695 3484 828 3538 Θεοῦ
853 3500 867 3514 ·
894 3486 1078 3555 ὅμοιον
1104 3487 1180 3558 τῷ
1203 3489 1556 3556 γεγεννηκότι
1582 3490 1745 3542 αὑτὸν

164 3577 361 3647 Πατρὶ.
389 3576 531 3628 κατὰ
574 3575 671 3638 τὰς
723 3575 763 3627 Γ
770 3576 966 3645 ραφὰς.
1020 3570 1094 3629 Οῦ
1132 3578 1230 3647 τὴν
1273 3579 1526 3649 γέννησιν
1570 3580 1745 3642 οὐδεὶς

163 3661 321 3730 οἶδεν,
351 3667 406 3718 εἰ
435 3665 513 3735 μὴ
543 3665 702 3734 μόνος
729 3665 757 3716 ὁ
803 3669 1071 3733 γεννήσας
1105 3667 1267 3720 αὑτὸν
1302 3668 1511 3738 Πατήρ.
1544 3669 1745 3722 Τοῦτον

164 3759 385 3826 οἴδαμεν
423 3756 684 3825 μονογενῆ
712 3756 848 3809 Θεοῦ
882 3757 1029 3816 Υἱὸν,
1063 3757 1374 3827 πέμποντος
1395 3759 1486 3811 τοῦ
1510 3760 1743 3830 Πατρδς,

165 3846 652 3920 παραγεγενῆσθαι
685 3847 748 3896 ὲκ
772 3845 878 3898 τῶν
906 3846 1168 3916 οὐρανῶν,
1196 3846 1379 3909 καθὼς
1413 3848 1740 3918 γέγραπται,

165 3945 241 4003 εἰς
280 3940 616 4008 καθαίρεσιν
656 3939 933 4009 ἁμαρτίας
968 3941 1061 3992 καὶ
1103 3938 1334 3992 θανάτου
1361 3955 1373 3970 ⁸
1427 3942 1521 3994 καὶ
1553 3958 1744 4012 γεννη-

165 4031 320 4085 θέντα
354 4033 424 4083 ὲκ
454 4028 769 4098 Πνεῦματος
807 4028 960 4096 ἁγίου
1008 4029 1102 4081 καὶ
1145 4029 1365 4099 Μαρίας
1399 4031 1497 4100 τῆς
1531 4031 1745 4102 Παρθέι-

166 4139 273 4183 νου,
307 4119 502 4183 καθὼς
541 4121 873 4188 γέγραπται,
929 4121 1070 4174 κατὰ
1125 4122 1336 4191 σάρκα’
1384 4123 1477 4176 καὶ
1519 4141 1745 4177 συνανα-

167 4207 475 4284 πραφέντα
509 4210 646 4282 μετὰ
673 4210 780 4264 τῶν
817 4210 1074 4280 μαθητῶν
1098 4228 1112 4242 ⁸
1148 4213 1243 4265 καὶ
1275 4212 1456 4283 πάσης
1477 4215 1575 4283 τῆς
1600 4215 1739 4268 οἶκοι

166 4309 351 4378 νομίας
380 4303 765 4374 πληρωθείσης
800 4303 938 4356 κατὰ
968 4304 1065 4373 τὴν
1100 4302 1353 4373 βούλησιν
1376 4304 1468 4358 τοῦ
1509 4306 1741 4374 Πατρὸς,

167 4398 386 4468 σταυρῷ
419 4395 865 4468 προσηλωθὲντα,
900 4396 1238 4449 ἀποθανόντα
1258 4397 1620 4466 Μὶταφέντα.
1651 4401 1746 4452 καὶ
1781 4435 1826 4493 D

167 4493 240 4554 εἰς
291 4491 365 4542 τὰ
433 4487 765 4557 καταχθόνια
811 4488 1172 4541 κατελθόντα·
1217 4488 1275 4540 ὃν
1328 4489 1491 4552 αὐτὸς
1532 4491 1561 4541 ὁ
1613 4490 1744 4561 ᾅδης

167 4579 438 4650 ἔτρὸμαξε
467 4595 483 4609 ·
522 4578 618 4630 καὶ
658 4576 946 4630 ἀνελθόντα
970 4577 1076 4630 ἀπὸ
1114 4577 1224 4629 τῶν
1255 4578 1462 4647 νεκρῶν
1494 4581 1560 4649 τῇ
1586 4581 1746 4652 τρίτῃ

169 4673 349 4743 ἡμέρᾳ.
388 4670 904 4738 συναναστραφὼτα
947 4669 1085 4739 μετὰ
1129 4669 1237 4722 τῶν
1272 4671 1529 4740 μαθητῶν
1552 4690 1745 4726 τεσσα-

173 4766 408 4834 ράκοντα
429 4763 444 4792 ³
473 4762 698 4830 ἡμερῶν
726 4761 1136 4832 πληρουμένων
1158 4762 1251 4814 καὶ
1268 4761 1644 4831 ἀναληφθέντα
1665 4765 1746 4828 είς

170 4856 286 4917 τοὺς
315 4853 610 4922 οὐρανοὺς,
653 4850 748 4904 καὶ
789 4851 1153 4920 καθεζόμενον
1189 4852 1253 4902 ἐκ
1285 4849 1474 4914 δεξιῶν
1515 4852 1609 4905 τοῦ
1637 4855 1748 4905 Πα-

167 4943 287 5012 τρός
305 4958 320 4972 ο
355 4941 654 5012 ἐρχόμενον
681 4941 736 4994 δὲ
757 4943 823 5012 τῇ
853 4941 1054 5010 ἐσχάτῃ
1085 4941 1264 5015 ἡμέρᾳ
1283 4941 1381 5012 τῆς
1401 4944 1746 5008 ἀναστάσεως

171 5035 303 5105 μετᾶ
332 5035 496 5103 δόξης
533 5031 683 5104 [102]
712 5033 1004 5103 πατρικῆς,
1042 5031 1334 5085 ἀποδοῦναι
1366 5034 1582 5103 ἑκάστῳ
1605 5036 1745 5088 κατὰ

167 5129 228 5181 τὰ
254 5129 392 5198 ἔργα
417 5126 609 5179 αὐτοῦ.
648 5127 758 5180 Καὶ
785 5127 864 5188 εἰς
907 5124 1134 5194 Πνεῦμα
1165 5124 1342 5192 ἅγιον,
1361 5125 1498 5196 ὅπερ
1528 5127 1686 5190 αὐτὸς
1715 5128 1744 5180 ὁ

173 5220 466 5287 μονογενὴς
498 5217 591 5271 τοῦ
631 5217 766 5270 Θεοῦ
799 5217 924 5281 Υἱὸς
965 5215 1172 5287 Ἰησοῦς
1205 5217 1438 5286 Χριστδς
1460 5219 1623 5281 Θεὸς²
1651 5223 1745 5272 καὶ

171 5311 368 5380 Κύριος
398 5310 770 5380 ἐπηγγείλατο
788 5309 1101 5364 ἀποστεῖλαι
1123 5308 1199 5378 τῷ
1225 5307 1372 5375 γένει
1395 5309 1503 5362 τῶν
1533 5311 1742 5374 ἀνθρὼ-

2135 1325 2290 1382 CAP.
2322 1327 2459 1382 XVI.
2497 1328 2592 1400 [Β.
2625 1328 2704 1383 St.
2736 1331 2834 1384 Ch.
2864 1328 3081 1395 νει]

1996 1415 2070 1468 De
2094 1418 2318 1470 concilio
2342 1422 2483 1485 apud
2512 1417 2704 1472 Nicam
2737 1419 2976 1472 Thracia:
3007 1419 3208 1474 habito.
3245 1429 3294 1472 et

2137 1490 2396 1555 expositio
2435 1489 2558 1557 ﬁdei
2592 1490 2656 1542 ab
2690 1489 2798 1542 illis
2829 1491 3146 1559 couscrip.‘a.

1929 1577 2140 1632 Pt-rlata
2178 1579 2278 1632 hac
2327 1580 2583 1647 epistola,
2625 1597 2748 1634 cum
2799 1581 3147 1650 imperatoris
3176 1581 3421 1636 animum

1855 1672 2165 1725 irritassent
2195 1672 2401 1733 Ariani,
2427 1674 2695 1741 plurimos
2738 1674 3125 1743 episcoriorum
3157 1674 3210 1727 iu
3239 1675 3429 1728 urbem

1853 1761 2142 1828 quamdth
2173 1758 2442 1822 Thracias,
2498 1761 2686 1814 Nicam
2723 1764 2964 1826 nomine,
3004 1762 3207 1816 invitos
3262 1763 3430 1817 dedu-

1854 1861 2010 1913 cunt,
2041 1861 2093 1906 et
2146 1853 2344 1921 partim
2385 1853 2511 1907 dolo
2540 1854 2933 1909 circumventis
2989 1855 3060 1909 ob
3106 1855 3427 1926 simpZicita-

1852 1951 1982 2008 tem,
2028 1944 2222 2012 partim
2281 1953 2427 1998 metu
2459 1945 2738 1998 exterritis
2770 1947 3123 2014 persuadent,
3156 1956 3213 2000 ut
3261 1964 3424 2018 quam

1853 2034 1957 2104 ipsi
2009 2035 2214 2088 (ludum
2252 2035 2518 2090 adversus
2581 2036 2832 2106 pietatem
2877 2036 3182 2091 machinam
3214 2041 3430 2110 excogi-

1852 2134 2052 2191 tarant,
2090 2127 2378 2181 absolvant
2425 2135 2588 2196 atque
2623 2127 2928 2198 perﬁciant,
2973 2129 3342 2198 detractisque
3365 2134 3431 2186 de

1852 2220 1970 2274 litlei
2001 2219 2234 2274 formula
2263 2221 2486 2275 vocibus
2505 2220 2817 2275 substantia:
2845 2230 2899 2275 ει
2925 2223 3419 2289 consubstanlialt’s,

1853 2313 2044 2365 harum
2090 2314 2212 2367 loco
2242 2314 2414 2367 simile
2460 2315 2817 2368 substituant.
2868 2315 3040 2380 Quam
3075 2317 3288 2371 illorum
3322 2320 3433 2372 lor-

1851 2406 2055 2458 mulam
2101 2407 2346 2460 historia:
2378 2417 2579 2462 nostrae
2621 2409 2826 2471 insero,
2857 2424 2963 2462 non
3007 2411 3164 2479 quasi
3201 2423 3345 2466 recte
3372 2427 3432 2467 se

1851 2497 2066 2559 habeat,
2091 2500 2182 2554 sed
2199 2502 2343 2568 quod
2366 2501 2478 2553 Arii
2500 2499 2794 2554 factionem
2816 2501 3109 2557 manifesto
3147 2517 3429 2574 coarguat.

1849 2587 2036 2656 Neque
2069 2591 2214 2644 enim
2244 2593 2392 2645 illam
2421 2593 2825 2660 amplectuntur
2851 2593 3017 2663 hujus
3046 2598 3222 2650 aetatis
3255 2595 3430 2666 impii,

1849 2681 1946 2737 sed
1978 2696 2078 2750 pro
2109 2683 2270 2735 simili
2303 2683 2564 2737 dissimile
2589 2685 2906 2753 prazdicant.

1922 2773 2181 2828 Perversa'
2205 2775 2329 2844 ﬁdei
2356 2776 2586 2844 formula
2621 2777 2762 2856 apud
2794 2774 2988 2830 Niceten
3031 2776 3271 2833 Thracia

2489 2856 2798 2912 composita.

1924 2933 2218 2989 Credimus
2243 2934 2297 2988 in
2327 2951 2494 2988 unum
2517 2943 2570 2989 et
2594 2935 2770 2990 solum
2792 2952 2976 2990 verum
3006 2937 3196 3003 Dcmn,
3217 2936 3428 2991 Patrem

1847 3022 2303 3090 omnipotentem,
2333 3038 2394 3075 ex
2429 3037 2539 3092 quo
2565 3025 2771 3076 omnia.
2795 3022 2857 3077 Et
2888 3025 2940 3078 in
2965 3027 3301 3094 unigenitum
3345 3023 3433 3077 Fi-

1852 3115 1982 3168 lium
2019 3114 2133 3174 Dei,
2171 3126 2299 3167 ante
2323 3117 2508 3169 omnia
2543 3115 2764 3179 saecula,
2799 3125 2852 3170 et
2884 3127 3010 3171 ante
3034 3133 3198 3173 omne
3223 3117 3430 3188 princi-

1854 3207 2001 3277 pium
2032 3223 2096 3260 ετ
2133 3205 2240 3259 Deo
2271 3208 2541 3274 genitum,
2575 3224 2669 3276 per
2693 3224 2861 3277 quem
2900 3211 3082 3263 omnia
3112 3209 3250 3264 facta
3281 3219 3428 3276 sunt,

1854 3298 2085 3352 visibilia
2105 3307 2156 3349 et
2175 3298 2490 3352 invisibilia.
2509 3299 2764 3354 Genitum
2781 3310 2962 3355 autem
2985 3303 3324 3372 unigenitum
3341 3318 3433 3356 so-

1851 3391 1962 3444 lum
1983 3406 2045 3443 ex
2080 3391 2198 3445 solo
2218 3391 2231 3408 ¹
2264 3388 2447 3454 Patre,
2472 3392 2637 3446 Deum
2664 3392 2731 3446 de
2751 3392 2881 3455 Deo,
2903 3394 3136 3449 similem
3159 3393 3308 3447 Patri
3337 3395 3430 3464 qui

1850 3497 1971 3536 eum
2019 3482 2206 3551 genuit
2259 3482 2561 3537 secundum
2615 3484 2954 3552 Scripturas.
2991 3483 3161 3552 Cujus
3204 3501 3431 3554 genera-

1851 3572 2054 3624 tionem
2091 3586 2252 3624 nemo
2300 3572 2472 3638 norit,
2510 3573 2615 3626 nisi
2646 3573 2796 3628 solus
2827 3573 2989 3628 Pater
3015 3574 3106 3642 qui
3149 3575 3336 3644 genuit
3363 3576 3428 3628 il-

1851 3661 1986 3716 lum.
2019 3660 2176 3714 lluuc
2213 3662 2464 3718 norimus
2495 3664 2832 3734 unigenitum
2869 3665 2961 3720 Dei
2992 3667 3188 3720 Filium
3219 3681 3246 3719 a
3274 3666 3430 3721 Patre

1852 3751 2080 3805 missum
2107 3751 2276 3821 880
2297 3752 2652 3808 descendisse
2682 3755 2748 3808 de
2776 3756 2952 3821 caelis,
2982 3756 3128 3811 sicut
3152 3757 3420 3825 scriptmn

1849 3854 1952 3908 est,
1991 3845 2046 3896 in
2080 3844 2510 3898 destructionem
2566 3847 2775 3915 peccati
2811 3855 2866 3901 et
2913 3849 3108 3903 mortis
3140 3867 3152 3902 :
3186 3858 3240 3902 et
3274 3848 3430 3918 geni-

1852 3942 1968 3987 tum
1997 3950 2062 3988 ex
2091 3933 2298 4003 Spiritu
2326 3945 2518 3990 sancto
2548 3949 2600 3991 ει
2629 3937 2796 3992 Maria
2830 3940 3059 4008 virgine,
3096 3942 3242 3993 sicut
3282 3940 3420 3994 scri-

1854 4034 2004 4096 ptum
2059 4037 2165 4090 est,
2216 4026 2521 4081 secundum
2579 4044 2822 4094 carnem,
2855 4040 2910 4085 et
2957 4048 3082 4086 cum
3140 4032 3432 4102 discipulis

1850 4124 2126 4172 versatum
2179 4133 2346 4172 esse:
2398 4127 2451 4174 et
2507 4123 2766 4177 universa
2817 4123 3229 4194 dispensatione
3273 4124 3430 4193 juxta

1851 4205 2030 4261 Patris
2078 4207 2408 4260 voluntatem
2461 4210 2696 4278 expleta,
2745 4211 3094 4275 cruciﬁxum,
3152 4219 3430 4265 mortuum

1851 4311 1900 4356 et
1930 4299 2228 4369 sepultum,
2281 4301 2632 4358 descendisse
2665 4304 2730 4358 ad
2776 4304 3004 4370 inferos,
3038 4320 3200 4374 quem
3258 4303 3431 4358 infer-

1852 4406 1956 4446 nus
1991 4391 2108 4460 ipse
2157 4391 2462 4458 exhorruit,
2514 4396 2887 4451 resurrexisse
2923 4397 3214 4451 amortuis
3265 4397 3429 4459 tertia

1853 4485 1963 4546 die,
1992 4492 2272 4538 versatum
2307 4498 2432 4538 esse
2479 4500 2605 4538 cum
2644 4485 2932 4555 discipulis
2958 4487 3150 4542 diebus
3199 4489 3432 4556 integris

1853 4573 2239 4644 quadraginta,
2279 4585 2618 4643 assumptum
2658 4576 2726 4630 ad
2763 4579 2956 4643 caelos,
2985 4578 3174 4633 sedere
3204 4580 3269 4632 ad
3299 4579 3429 4633 dex-

1853 4675 2027 4722 teram
2083 4665 2309 4720 Patris:
2362 4676 2648 4722 vcnturum
2684 4669 2737 4723 in
2788 4671 2982 4726 ultimo
3007 4671 3431 4727 resurrectionis

1854 4759 1943 4813 die
1976 4773 2097 4811 cum
2143 4757 2314 4827 gloria
2362 4755 2564 4820 Patris,
2597 4770 2654 4814 ut
2681 4762 2875 4817 reddat
2925 4765 3224 4833 unicuique
3269 4763 3428 4832 juxta

1852 4866 2016 4920 opera
2045 4867 2166 4904 sua.
2199 4850 2264 4902 Et
2294 4852 2346 4904 in
2379 4849 2646 4918 Spiritum
2678 4862 2948 4920 sanctum,
2969 4871 3129 4925 quem
3164 4857 3279 4924 ipse.
3306 4856 3426 4909 uni-

1850 4942 2066 5010 genitus
2094 4939 2182 4992 Dei
2209 4939 2396 5001 Filius,
2429 4937 2589 4995 Jesus
2612 4942 2865 4998 Christus
2895 4943 3037 4999 Deus
3057 4953 3111 4997 ct
3141 4943 3426 5009 Dominus,

1851 5031 2100 5101 promisit
2146 5045 2206 5085 se
2244 5031 2538 5084 missurum
2574 5034 2759 5100 generi
2793 5034 3033 5088 humano
3056 5034 3429 5099 Paracletum,

1851 5127 1999 5183 sicut
2027 5125 2291 5193 scriptum
2327 5134 2432 5190 est,
2485 5125 2750 5195 Spiritum
2803 5129 3071 5182 veritatis.
3105 5128 3278 5192 Quem
3311 5129 3429 5195 ipse

1855 5219 2004 5273 misit
2029 5226 2311 5288 postquam
2369 5228 2688 5288 assumptus
2717 5227 2800 5274 est
2833 5219 2901 5272 ad
2945 5220 3135 5283 cmlos,
3179 5219 3428 5286 seditque

1853 5313 1918 5365 ad
1939 5314 2212 5365 dexteram
2235 5313 2431 5378 Patris,
2458 5315 2598 5368 unde
2623 5321 2887 5367 venturus
2911 5320 2992 5369 est
3012 5313 3260 5381 judicare
3276 5311 3427 5364 vivos

1479 5495 1709 5550 VARIIE
1751 5496 2152 5554 LECTIONES.

246 5607 294 5638 οι
321 5602 696 5673 γεγενημένης
724 5601 930 5657 addunt
981 5615 1189 5661 exterae
1215 5609 1346 5664 edit.

1440 5613 1483 5682 f'
1517 5613 1908 5680 διαδεξάμενοι.
1944 5615 2180 5669 Casaub.
2227 5614 2576 5682 Διδαξάμενοι
2610 5615 2798 5682 Steph.
2847 5614 2881 5668 2
2927 5616 3103 5668 adhuc
3142 5614 3417 5668 vitiosius.

173 5673 214 5706 ³³
249 5672 784 5752 ανέχονταικὸιεῃιι.
804 5673 862 5752 ἓ,
893 5673 1498 5752 Casaub.,_Cbrist_0ph.
1530 5693 1583 5737 et
1615 5672 1814 5748 Sc'alig.
1884 5685 1931 5717 ”
1962 5687 2069 5736 τῶν
2098 5687 2250 5738 abest
2280 5700 2307 5736 a
2335 5672 2497 5738 B'asil.
2527 5684 2620 5738 Gr.
2641 5672 2903 5752 et'Steph.

2984 5687 2996 5716 ³
3038 5684 3124 5739 W.
3163 5685 3420 5737 Lowthus

176 5743 460 5824 malebat}
491 5743 587 5795 καὶ
609 5759 759 5796 τεσσ.
794 5745 891 5866 ἡδ’..
931 5745 1094 5817 πληρ.
1140 5743 1421 5818 ἀναληφθί
1451 5752 1625 5816 Bene;
1659 5743 1908 5822 equidem
1947 5755 2089 5808 haud
2161 5755 2276 5808 srio
2321 5770 2502 5808 annon
2544 5763 2690 5808 ret-te
2733 5743 2944 5821 possint
2995 5757 3209 5825 vulgata
3255 5755 3418 5808 verba

180 5829 256 5868 Ilc
285 5825 449 5868 veru.
491 5813 817 5868 uuetnadmo
864 5829 950 5868 um
995 5815 1098 5868 fert
1133 5815 1515 5868 Sirmondiana
1563 5824 2080 5868 interm-Maliacum
2138 5824 2370 5868 ριυιρνίς.-
2448 5826 2466 5855 τ
2497 5827 2524 5868 ὁ
2552 5825 2702 5868 Θεόξ-
2737 5825 2922 5868 Iidem-

180 5816 256 5869 sic
285 5816 449 5880 verti,
491 5813 817 5883 quemadmo

899 5829 950 5869 m
995 5815 1098 5871 fert
1133 5815 1516 5878 Sirmondiana
1563 5815 1936 5895 interpretatio
1958 5839 2080 5878 cum
2138 5824 2370 5879 caeteris.
2448 5826 2466 5855 ’
2497 5827 2524 5876 ὁ
2552 5825 2702 5887 Θεὸςο
2733 5815 2922 5880 iidem-
