4206 6450
786 415 915 476 1059

1730 409 2218 471 THEODORETI
2258 405 2598 470 EPISCOPI
2627 410 2998 471 JIYRENSIS

3920 407 4069 469 1060

785 529 842 576 ut
877 520 1047 576 solam
1082 516 1379 574 clausulam
1416 515 1503 570 IN
1541 516 1847 574 S/ECULA
1885 513 2358 572 SxECULORUM

2473 516 2590 583 nm
2644 519 2741 587 τὴν
2784 517 3090 585 δοξολογίιιν
3140 516 3469 587 πῳσέφερεο
3524 517 3685 586 μόνον
3729 517 3785 570 δὲ
3836 517 3899 569 τὸ
3949 518 4067 569 ΕΙΣ

784 615 1069 677 audirent,
1110 611 1201 679 qui
1237 611 1461 680 propius
1511 610 1786 664 astabant.
1836 609 1915 662 Ac
1955 609 2059 663 nisi
2092 622 2357 662 summam

783 706 985 775 ingenii
1020 702 1138 770 ejus
1167 702 1428 754 malitiam
1462 701 1568 754 alia
1606 701 2024 771 prodidissent,
2057 700 2170 753 haec
2206 700 2356 751 illum

783 797 989 849 diceret
1018 795 1249 847 fortasse
1274 794 1544 863 quispiam
1577 794 1885 845 communis
1914 793 2096 862 pepuli
2131 806 2360 845 concor-

786 888 889 941 dite.
915 886 1097 941 studio
1122 886 1485 955 excogitasse.
1523 883 1627 937 Sed
1662 899 1785 936 eum
1818 885 2081 937 adversus
2113 882 2360 937 veritatis

790 990 1047 1046 patronos
1074 979 1257 1047 gravia
1289 977 1455 1030 multa
1486 976 1795 1034 moliretur.
1832 989 1883 1029 et
1913 975 2208 1044 impietatis
2240 992 2362 1044 par-

783 1071 982 1139 ticipes
1017 1070 1165 1123 omni
1214 1067 1401 1122 studio
1449 1067 1689 1129 foveret,
1743 1075 1928 1135 aperte
1978 1068 2154 1135 patuit
2204 1068 2358 1119 illnnt

787 1162 914 1214 mali
947 1162 1116 1213 labem
1147 1160 1404 1227 obtegere
1425 1201 1438 1223 ,
1473 1159 1671 1226 partim
1712 1158 1898 1226 populi
1932 1166 2077 1211 metu
2102 1200 2115 1221 ,
2162 1159 2359 1225 partim

786 1253 856 1307 ob
888 1248 1082 1322 graves
1130 1254 1311 1305 minas
1341 1250 1651 1303 Constantii
1682 1260 1876 1303 contra
1909 1265 2004 1304 eos
2039 1251 2128 1318 qui
2160 1248 2361 1302 Filium

785 1345 1110 1399 dissimilem
1144 1344 1328 1397 dicere
1360 1342 1648 1395 auderent.
1704 1341 1835 1410 Ejus
1879 1357 2042 1409 porro
2070 1342 2362 1394 consilium

781 1436 930 1489 facta
976 1437 1094 1505 ipsa
1136 1435 1511 1488 declararunt.
1547 1434 1826 1502 Quotquot
1869 1433 2013 1485 enim
2061 1434 2364 1500 apostoliCa

785 1529 1041 1597 dogmata
1073 1525 1467 1595 sequebantur,
1504 1526 1589 1579 his
1624 1541 1725 1577 nec
1760 1525 2001 1578 studium
2032 1526 2234 1588 ullum,
2260 1541 2368 1580 nec

785 1619 1189 1673 ordinationem
1234 1617 1582 1685 impertiebat
1617 1635 1629 1670 :
1666 1618 1882 1671 Arianaa
1918 1626 2098 1669 autem
2133 1621 2369 1673 vesaniae

784 1711 1116 1780 participes,
1150 1718 1201 1762 et
1243 1711 1479 1761 maxima
1531 1709 1584 1762 in
1636 1710 1965 1763 auctoritate
2018 1712 2163 1779 apud
2216 1713 2365 1764 illum

786 1811 975 1861 erant.
1011 1810 1063 1854 et
1094 1801 1269 1854 sacris
1318 1800 1620 1853 honoribus
1669 1802 2033 1869 augebantur.
2075 1800 2179 1855 Per
2224 1803 2364 1855 idem

786 1904 1002 1962 tempus
1026 1894 1215 1945 Aetius
1240 1932 1252 1955 ,
1285 1893 1545 1960 magister
1576 1890 1828 1944 Eunomii
1857 1934 1870 1956 ,
1904 1894 1996 1962 qtti
2028 1896 2145 1948 suis
2181 1896 2371 1948 inven-

785 1988 856 2040 tis
900 1987 1159 2038 Arianam
1207 1985 1600 2053 blasphemiam
1650 1984 2041 2052 locupletavit,
2086 1986 2137 2039 in
2180 2003 2369 2042 nume-

786 2095 908 2131 rum
957 2080 1314 2133 diaconorutn
1367 2078 1643 2146 ascriptus
1685 2085 1791 2131 est.
1848 2080 1916 2131 At
1970 2077 2265 2133 Flavianus
2316 2089 2370 2134 et

789 2168 1061 2223 Diodorus
1092 2210 1107 2233 ,
1166 2170 1258 2238 qui
1310 2168 1622 2237 religiosam
1679 2169 1845 2221 vitam
1897 2171 2258 2233 excolebant,
2310 2180 2364 2224 et

788 2261 1090 2328 apostolica
1157 2260 1409 2329 dogmata
1462 2261 1638 2329 palam
1695 2263 2149 2330 propugnabant,
2202 2264 2371 2333 889

789 2350 1001 2406 Leontii
1039 2352 1303 2407 adversus
1352 2353 1607 2420 pietatem
1669 2351 1898 2405 insidias
1944 2365 2132 2421 aperte
2181 2357 2371 2407 redar-

790 2452 1023 2512 gnerunt
1046 2483 1060 2504 ,
1093 2443 1237 2513 quod
1272 2445 1545 2496 hominem
1577 2444 1761 2511 pravis
1813 2444 2085 2499 institutis
2136 2445 2372 2499 ilmtl'l‘i-

790 2545 901 2592 tttm
931 2578 944 2599 ,
981 2552 1043 2590 ac
1074 2552 1170 2605 per
1200 2536 1533 2607 impietatem
1569 2536 1709 2590 viam
1743 2536 1847 2591 sibi
1877 2538 1942 2590 ad
1977 2538 2215 2593 honores
2250 2556 2370 2592 mn-

792 2633 1025 2685 nientem
1050 2673 1063 2695 ,
1097 2629 1423 2684 diaconatus
1452 2628 1671 2683 nomine
1696 2628 1759 2682 ad
1788 2630 2087 2699 perniciem
2116 2630 2373 2685 Ecclesia:

790 2721 1046 2787 dignatus
1077 2729 1223 2775 esset
1251 2740 1263 2775 :
1300 2720 1765 2788 minabanturque
1790 2737 1850 2774 se
1897 2720 1966 2773 ab
1998 2722 2371 2775 ecclesiastica

791 2813 940 2867 illius
978 2813 1366 2866 communione
1402 2827 1722 2865 recessuros
1746 2851 1760 2874 ,
1812 2810 2270 2881 profecturosqne
2320 2818 2372 2866 in

790 2904 1182 2969 Occidentem,
1230 2914 1283 2960 et
1334 2904 1715 2960 fraudulentos
1746 2906 1867 2972 ejus
1900 2914 2131 2958 conatus
2163 2906 2373 2973 patefa-

790 3010 997 3052 cturos.
1029 2998 1239 3063 Quibus
1271 2999 1434 3052 rebus
1469 2998 1697 3069 territus
1734 2997 1994 3052 Leontius
2015 3039 2029 3061 ,
2066 3001 2220 3053 Aelio
2252 3001 2370 3069 qui—

792 3091 912 3144 dem
946 3090 1310 3143 ministerium
1342 3090 1579 3153 ademit,
1612 3090 1709 3144 sed
1748 3090 1800 3142 in
1832 3091 2047 3145 caeteris
2084 3090 2268 3146 fovere
2304 3093 2373 3144 il-

2464 603 2639 655 ΤΟΥΣ
2674 608 2922 659 ΑΙΩΝΑΣ
2948 607 3082 659 ΤΩΝ
3105 607 3359 659 ΑΙΩΝΩΝ
3397 608 3593 676 ἤκουον
3627 608 3677 660 οἱ
3707 607 4067 670 πελάζοντες.

2462 693 2576 746 Καὶ
2612 701 2667 749 εἰ
2694 698 2791 764 μὲν
2824 696 2890 749 τὰ
2923 696 3057 749 ἄλλα
3092 696 3165 767 μὴ
3218 697 3420 767 πολλὴν
3479 698 3668 766 ἐδήλου
3701 698 3798 767 τὴν
3829 699 3932 767 τῆς
3961 700 4070 766 ου-

2462 789 2564 855 χῆς
2602 790 2885 856 πονηρίαν,
2918 787 3070 841 εἶπεν
3098 790 3162 843 ἄν
3182 807 3265 852 τις
3292 791 3455 842 αὐτὸν
3503 790 3678 842 ταῦτα
3705 792 4067 859 μηχανᾶσθαι

2461 876 2558 940 τις
2593 881 2688 933 τοῦ
2731 880 2861 933 λαοῦ
2908 881 3361 952 προμηθούμενον
3402 882 3673 951 ὁμονοίας.
3724 883 3953 951 Ἐπειδὴ
4009 884 4067 935 δὲ

2459 972 2614 1026 δεινὰ
2664 974 2834 1027 πολλὰ
2874 976 2918 1005 ⁸⁷
2968 976 3110 1027 κατὰ
3166 975 3274 1026 τῶν
3321 975 3577 1044 ἀληθείας
3626 975 3671 1007 ⁸⁸
3724 977 4071 1046 ὲτεχιλάσατο

2466 1067 2804 1135 συνηγόρων,
2858 1066 2954 1117 καὶ
2995 1067 3121 1128 τοὺς
3162 1067 3257 1127 τῆς
3303 1066 3556 1130 ἀσεϐείας
3592 1069 3923 1136 μετέχοντας
3954 1068 4069 1121 πά-

2466 1171 2569 1225 οης
2598 1158 2748 1225 ἠξίου
2790 1157 3131 1226 κηδεμονίας,
3163 1158 3321 1225 δῆλος
3346 1153 3414 1228 ἦν
3448 1158 3706 1227 κρύπτων
3726 1162 3826 1228 τὴν
3850 1159 4066 1227 λώϐην,

2467 1248 2554 1301 διά
2582 1264 2639 1300 τε
2669 1248 2763 1300 τοῦ
2803 1249 3038 1318 πλήθους
3071 1249 3131 1300 τὸ
3153 1249 3268 1312 δέος
3310 1250 3402 1302 καὶ
3443 1249 3530 1302 διὰ
3555 1250 3654 1313 τὰς
3674 1252 4069 1304 Κωνσταντίου

2469 1340 2609 1392 κατὰ
2670 1340 2778 1389 τῶν
2846 1339 3097 1407 ἀνόμοιον
3147 1341 3239 1391 τὸν
3300 1340 3428 1392 Υίὸν
3490 1341 3672 1409 λέγειν
3729 1340 4069 1409 τολμώντων

2470 1430 2711 1503 χαλεπὰς
2746 1429 2995 1491 ἀπειλάς.
3028 1431 3307 1500 Δεδήλωκε
3349 1431 3402 1483 δὲ
3448 1433 3546 1501 τὴν
3580 1432 3787 1485 ἐκείνου
3833 1432 4069 1501 γνώμην

2470 1524 2538 1577 τὰ
2592 1524 2982 1593 πεπραγμένα.
3019 1523 3174 1574 Ὅσοι
3224 1523 3323 1593 μὲν
3370 1524 3476 1595 γὰρ
3523 1527 3635 1587 τοῖς
3678 1527 4067 1589 ἀποστολικοίς

2470 1615 2684 1667 εἵποντο
2710 1615 2996 1683 δόγμασιν,
3027 1614 3147 1666 οὐδὲ
3174 1617 3300 1684 μιᾶς
3335 1616 3463 1683 παρ’
3488 1616 3697 1668 ἐκείνου
3729 1616 4068 1685 κηδεμονίας

2472 1707 2503 1775 ἦ
2540 1705 2874 1777 χειροτονίας
2923 1704 3273 1775 ἀπήλαυσαν·
3306 1706 3352 1756 οἱ
3392 1704 3445 1756 δὲ
3477 1706 3573 1775 τῆς
3619 1707 3829 1776 Ἀρείου
3857 1708 4068 1775 μανίας

2476 1795 2877 1865 μετειληχὸτες,
2922 1796 3017 1847 καὶ
3057 1794 3367 1865 παρρησίας
3414 1797 3812 1866 μετελὰγχανον
3843 1800 3925 1851 ὅτι
3962 1801 4068 1861 μά-

2472 1881 2629 1934 λιστα
2676 1881 2954 1950 πλείστης,
3007 1884 3101 1934 καὶ
3130 1885 3242 1944 τοῖς
3295 1884 3585 1952 ἱερατικοῖς
3636 1888 4068 1954 ἐγκατελέγοντο

2472 1977 2735 2045 τάγμασι.
2778 1974 2913 2026 Κατ’
2977 1976 3183 2027 ἐκεῖνον
3236 1975 3326 2028 τὸν
3382 1978 3572 2046 καιρὸν
3624 1980 3718 2031 καὶ
3780 1979 3991 2043 Ἀἐτιος
4038 1983 4067 2032 ὀ

2473 2064 2739 2133 Εὐνομίου
2789 2064 3125 2128 διδάσκαλος,
3185 2065 3244 2129 ὃς
3300 2066 3397 2136 τὴν
3444 2068 3656 2139 Ἀρείου
3704 2069 4066 2140 βλασφημίαν

2472 2159 2593 2220 ταῖς
2650 2156 2914 2219 ἐπινοίαις
2968 2155 3119 2226 [1οη
3173 2159 3470 2230 ἐπηύξησε,
3530 2160 3607 2231 τῷ
3640 2161 3749 2213 τῶν
3790 2163 4065 2216 διακόνων

2472 2249 2805 2317 ὲγκατελέγη
2838 2250 3003 2319 χορῷ.
3022 2250 3181 2303 Ἀλλὰ
3214 2251 3504 2317 Φλαϐιανδς
3535 2256 3627 2307 καὶ
3652 2256 3938 2326 Διόδωρος,
3966 2260 4066 2323 τλν

2477 2342 2573 2410 μὲν
2608 2340 2909 2409 ἁσκητικὴν
2943 2341 3313 2411 ἀσπαζόμενοι
3346 2344 3641 2411 πολιτείαν,
3676 2347 3976 2417 προφανῶς
4009 2349 4066 2399 δὲ

2474 2432 2578 2484 τῶν
2602 2432 2974 2485 ἁποστολικῶν
3006 2434 3450 2504 ὑπερμαχοῦντες
3481 2438 3524 2468 δ’
3568 2438 3876 2508 δογμάτων,
3916 2440 4069 2493 ἄντι-

2474 2538 2611 2591 κρυς
2664 2521 2760 2573 τοῦ
2812 2523 3061 2575 Λεοντίου
3102 2524 3387 2594 διήλεγξαν
3438 2527 3534 2591 τὰς
3596 2532 3739 2583 κατὰ
3775 2531 3876 2599 τῆς
3905 2533 4068 2584 εὐσε-

2474 2613 2623 2675 6είας
2685 2614 2998 2678 ἐπιϐουλὰς,
3046 2616 3214 2687 ἄνδρα
3285 2620 3587 2688 φήσαντες,
3648 2626 3909 2693 πονηφῖς
3966 2629 4069 2693 μὲν

2474 2703 2904 2775 ἐπιτηδεύμασιν
2959 2708 3317 2777 ἐντραφέντα,
3369 2712 3431 2763 ἐκ
3480 2711 3537 2765 δὲ
3580 2712 3682 2781 τῆς
3740 2713 4070 2777 δυσσεῦείας

2475 2799 2833 2866 περιφάνειαν
2867 2799 3170 2870 κτήσασθαι
3199 2803 3613 2873 μηχανώμενον,
3646 2806 3738 2858 ἐπὶ
3784 2806 3934 2878 λύμῃ
3966 2809 4070 2878 τῆς

2488 2889 2814 2957 Ἐκκλησίας
2856 2890 2950 2942 τοῦ
3000 2892 3099 2960 τῆς
3137 2893 3416 2957 διακονίας
3456 2896 3719 2965 ὀνόματος
3768 2898 4068 2967 ἠξιῶσθαι·

2475 2979 2734 3047 ἠπείλουν
2764 2981 2821 3032 δὲ
2872 2983 2967 3034 καὶ
3015 2983 3115 3052 τῆς
3158 2986 3616 3057 ἐκκλησιαπικῆς
3654 2989 4071 3056 ἀποστήσεσθαι

2448 3071 2782 3133 ηκοινωνίας,
2808 3073 2902 3123 xa‘l.
2939 3072 3036 3141 τὴν
3066 3075 3303 3146 ἑσπέραν
3338 3078 3764 3146 καταλήψεσθαι,
3800 3082 3896 3132 καὶ
3928 3082 4071 3150 δῆλα

796 3184 904 3235 lum
932 3192 986 3236 et
1013 3183 1150 3235 tueri
1178 3197 1287 3234 non
1315 3181 1497 3237 desiit.
1527 3182 1643 3236 Duo
1672 3191 1850 3237 autem
1880 3183 1968 3237 isti
1997 3184 2369 3250 admirabiles,

2478 3164 2722 3231 ποιήσειν
2740 3164 2806 3216 τὰ
2844 3166 3200 3234 τυρευόμενα.
3234 3167 3413 3220 Ταῦτα
3452 3169 3635 3233 δείσας.
3663 3172 3939 3237 Λεόντιος,
3968 3176 4072 3237 τῆς

796 3273 1090 3329 Flavianus
1124 3284 1177 3328 et
1207 3275 1514 3337 Diodorus,
1547 3277 1799 3345 quamvis
1842 3276 2131 3330 sacerdotii
2175 3293 2374 3331 munus

798 3366 1038 3431 nondum
1077 3366 1295 3435 adepti,
1335 3366 1517 3420 adhuc
1552 3367 1697 3420 inter
1730 3366 1902 3421 laicos
1938 3368 1953 3386 ‘
1991 3380 2373 3429 censerentur,

795 3472 987 3510 omnes
1042 3465 1227 3511 tamen
1280 3457 1345 3510 ad
1392 3457 1614 3527 pietatis
1671 3457 1914 3511 studium
1968 3468 2128 3511 nocte
2180 3457 2377 3526 dieque

797 3548 1133 3602 excitabant.
1172 3549 1233 3601 lli
1274 3550 1472 3618 primi,
1504 3550 1855 3619 psallentium
1893 3550 2078 3603 choris
2109 3550 2161 3603 in
2192 3561 2376 3619 partes

799 3638 1027 3701 divisis,
1065 3641 1299 3711 hymnos
1331 3638 1619 3694 Davidicos
1660 3641 1889 3695 alternis
1932 3655 2133 3695 canere
2174 3640 2377 3693 docue-

800 3741 948 3784 runt.
982 3730 1140 3795 Quod
1174 3731 1394 3801 quidem
1436 3729 1743 3784 Antiochia:
1786 3729 1898 3783 fieri
1942 3741 2180 3799 emptum
2205 3771 2219 3794 ,
2253 3730 2375 3783 ubi-

797 3837 903 3890 que
935 3822 1194 3891 deinceps
1223 3821 1492 3886 obtinuit,
1533 3832 1588 3876 et
1639 3821 1705 3875 ad
1758 3822 1981 3877 ultimos
2034 3830 2194 3876 terra:
2243 3824 2377 3876 lines

799 3914 1057 3981 pervasit.
1090 3914 1153 3967 l-li
1189 3915 1354 3968 etiam
1401 3929 1583 3966 rerum
1634 3914 1945 3967 divinarum
1993 3915 2259 3969 studiosis
2309 3914 2373 3967 ad

800 4014 1099 4075 martyrum
1150 4007 1349 4075 templa
1402 4008 1788 4076 congregatis,
1845 4014 2036 4062 noctes
2087 4023 2209 4061 cum
2267 4008 2376 4063 illis

801 4094 971 4150 Deum
1009 4096 1284 4151 laudando
1315 4097 1711 4166 transigebant.
1762 4096 1877 4151 lloc
1924 4113 2153 4151 cernens
2199 4097 2375 4152 Lenn-

800 4187 1267 4256 tins',prohibere
1299 4204 1357 4242 se
1389 4195 1508 4241 tuto
1557 4203 1721 4257 posse
1773 4202 1883 4241 non
1935 4188 2178 4257 putavit,
2226 4188 2371 4257 quod

800 4278 1057 4345 populum
1096 4293 1306 4331 summa
1338 4277 1717 4331 benevolentia
1751 4293 1873 4330 cum
1907 4278 2129 4346 eptintis
2163 4278 2271 4331 illis
2306 4279 2379 4331 vi—

800 4369 878 4422 ris
926 4370 1284 4436 conjunetum
1327 4369 1577 4422 videret:
1616 4368 1710 4423 sed
1766 4367 2159 4423 moderationis
2191 4369 2375 4437 specie

800 4462 963 4515 verba
995 4462 1252 4514 colorans
1277 4499 1291 4523 ,
1326 4460 1392 4512 ab
1422 4460 1503 4513 eis
1538 4461 1868 4529 postulavit,
1910 4472 1968 4512 ιιι
2026 4475 2180 4513 suam
2230 4461 2373 4514 hanc

2483 3253 2583 3325 μὲν
2633 3254 2975 3324 λειτουργίας
3005 3256 3204 3311 ἔπαυσε
3263 3259 3353 3311 τὸν
3417 3261 3640 3324 Ἀέτιον,
3811 3265 3868 3317 δὲ
3899 3268 4074 3336 cum;

2477 3345 2641 3399 αὐτὸν
2676 3347 2970 3419 θεραπείας
3023 3348 3197 3416 ἠξίου.
3258 3350 3320 3403 Ἡ
3352 3352 3407 3405 δὲ
3447 3353 3773 3423 ἀξεάγαστος
3834 3357 4073 3430 ξυνωρίς

2477 3435 2770 3498 Φλαϐιανὺς
2811 3436 2903 3489 καὶ
2945 3437 3227 3507 Διόδωρος,
3277 3442 3554 3511 ἱερατικῆς
3583 3444 3684 3513 μὲν
3720 3438 4073 3519 λειτουργίας

2482 3527 2710 3597 μηδέπω
2739 3529 2785 3560 ⁸ο
2827 3530 3207 3599 τετυχηκότες,
3241 3532 3315 3601 τῷ
3362 3532 3416 3586 δὲ
3450 3533 3563 3604 λαῷ
3613 3544 4069 3609 συντεταγμένοι,

2477 3617 2693 3687 νύκτωρ
2746 3619 2837 3671 καὶ
2876 3619 2993 3686 μεθ’
3022 3621 3234 3691 ἡμέραν
3264 3625 3343 3685 εἰς
3372 3625 3462 3676 τὸν
3486 3626 3624 3697 ὑπὲρ
3656 3630 3752 3697 τῆς
3781 3630 4070 3696 εὐσεϐείας

2477 3710 2639 3779 ζῆλον
2667 3710 2938 3781 διήγειρον
2969 3712 3233 3776 ἅπαντας.
3266 3708 3422 3768 Οὗτοι
3456 3717 3683 3787 πρῶτοι,
3713 3722 3832 3791 διχῆ
3857 3720 4068 3776 διελόν-

2475 3820 2565 3865 τες
2594 3804 2720 3867 τοὺς
2751 3803 2858 3855 τῶν
2882 3804 3192 3872 ψαλλόντων
3221 3808 3436 3877 χοροὺς,
3470 3812 3531 3862 ἐκ
3562 3810 3811 3881 διαδοχῆς
3842 3815 3995 3883 ᾄδειν
4021 3818 4066 3847 ⁸⁸

2477 3895 2575 3965 τὴν
2602 3895 2897 3966 Δαυῖτικὴν
2928 3897 3171 3963 ἐδίδαξαν
3196 3898 3482 3969 μελῳδίαν.
3507 3902 3616 3954 Καὶ
3658 3902 3816 3957 τοῦτο
3840 3908 3897 3957 ὲν
3942 3909 4069 3961 ‘Av.

2476 3988 2682 4057 τιοχείᾳ.
2727 3989 2941 4058 πρῶτον
3001 3990 3325 4059 ἀρξάμενον,
3364 3993 3594 4045 πάντοσε
3644 3992 3924 4066 διέδραμε,
3971 4004 4068 4051 καὶ

2477 4085 2741 4139 κατέλαϐε
2794 4085 2891 4154 τῆς
2952 4088 3276 4157 οἰκουμένης
3326 4087 3390 4140 τὰ
3434 4091 3698 4160 τέρματα.
3734 4086 3895 4146 Οὗτοι
3952 4095 4067 4147 τῶν

2477 4175 2636 4229 θείων
2668 4178 2792 4240 τοὺς
2826 4179 3061 4248 ἐραστὰς
3093 4180 3173 4241 εἰς
3201 4180 3328 4242 τοὺς
3376 4181 3485 4234 τῶν
3520 4183 3814 4253 μαρτύρων
3854 4192 4065 4257 σηκοὺς

2478 4268 2886 4337 συναγείροντες
2909 4269 2974 4333 ⁵³,
2992 4270 3252 4339 πάννυχοι
3278 4266 3545 4325 διετέλουν
3580 4276 3675 4327 σὺν
3710 4278 3940 4340 ἐκείνοις
3966 4280 4064 4331 τὸν

2476 4360 2606 4412 Θεὸν
2632 4359 3011 4430 ἁνυμνοῦντες.
3065 4361 3250 4414 Ταῦτα
3305 4363 3359 4415 δὲ
3392 4365 3533 4433 ὁρῶν
3576 4369 3603 4419 ὁ
3647 4368 3921 4431 Λεόντιος,
3950 4389 4065 4423 κω-

2476 4450 2622 4503 λύειν
2656 4450 2756 4519 μὲν
2790 4453 2889 4504 οὐκ
2919 4452 3166 4521 ἐνόμιζεν
3209 4455 3466 4522 degredi:
3504 4458 3648 4527 ἐώρα
3688 4460 3796 4529 γὰρ
3827 4462 3887 4513 τδ
3923 4465 4064 4533 πλῆ-

802 4553 1136 4607 [unctionem
1170 4554 1223 4605 in
1259 4552 1510 4607 ecclesiis
1541 4553 1693 4605 obire
1726 4552 1947 4605 vellent.
1982 4552 2082 4606 Cui
2118 4553 2233 4617 illi,
2270 4556 2369 4607 etsi

2480 4544 2571 4607 θος
2602 4539 2659 4596 εὖ
2690 4543 2833 4614 μάλα
2855 4543 2981 4613 περὶ
3009 4547 3130 4606 τοὺς
3153 4546 3406 4616 ἀρίστους
3439 4549 3678 4612 ἐκείνους
3718 4551 4063 4621 διακείμενον

802 4644 1064 4697 malitiam
1097 4643 1219 4712 ejus
1256 4650 1602 4712 perspectam
1636 4642 1923 4706 haberent,
1946 4659 2149 4697 morem
2190 4654 2371 4698 tamen

804 4749 1033 4810 gerunt,
1084 4748 1136 4793 et
1187 4739 1367 4808 operis
1426 4739 1607 4793 socios
1644 4740 1697 4792 in
1739 4740 2005 4794 ecclesias
2048 4740 2216 4810 890
2260 4741 2369 4793 ala-

802 4833 879 4885 cri
912 4832 1096 4884 animo
1126 4839 1433 4884 convocant
1456 4873 1468 4895 ,
1510 4831 1576 4883 ad
1613 4831 1739 4884 boni
1778 4829 1991 4884 Domini
2028 4831 2244 4885 laudent
2281 4848 2372 4884 eo-

802 4923 1108 4977 hortantes.
1163 4922 1431 4976 Caeterum
1485 4920 1773 4977 Leontium
1805 4931 1863 4977 ttt
1895 4921 2160 4976 malitiam
2194 4923 2373 4975 corri-

803 5022 953 5085 geret
1003 5014 1140 5068 nihil
1193 5014 1440 5068 inﬂexit:
1498 5014 1593 5070 sed
1646 5013 2041 5069 moderationis
2092 5023 2372 5082 assumpta

805 5118 1037 5173 persona
1060 5147 1073 5172 ,
1101 5115 1153 5161 et
1181 5105 1443 5175 Stephani
1472 5113 1524 5159 et
1549 5104 1744 5159 Placiti
1787 5106 2000 5160 scelera
2035 5104 2370 5158 obscuravit.

2479 4636 2698 4703 ἄνδρας·
2743 4635 3012 4706 ἐπιεικείᾳ
3060 4636 3116 4688 δὲ
3151 4638 3274 4697 τοὺς
3320 4638 3509 4704 λόγους
3553 4642 3816 4709 χρωννὺς,
3852 4646 3909 4694 ὲν
3940 4649 4065 4709 ταῖς

2479 4729 2796 4798 ἐκκλησίαις
2833 4727 3034 4799 ταύτην
3060 4729 3303 4797 γίνεσθαι
3336 4733 3465 4801 παρ’
3496 4732 3672 4785 αὐτῶν
3699 4734 3793 4803 τὴν
3818 4736 4064 4807 λειτουρ-

2479 4822 2606 4891 γίαν
2649 4820 2819 4890 ἠξίου.
2864 4822 2924 4872 Οἱ
2973 4820 3049 4885 δὲ,
3094 4821 3191 4873 καὶ
3235 4821 3357 4874 λίαν
3408 4823 3651 4892 ἀκριϐῶς
3700 4826 3799 4896 τήν
3850 4827 4063 4884 ἐκείνου

2481 4912 2747 4982 πονηρίαν
2790 4909 3013 4976 εἰδότες,
3070 4910 3130 4963 τὸ
3167 4911 3522 4982 κελευόμενον
3575 4914 3765 4982 ἔδρων,
3804 4916 3901 4969 καὶ
3935 4919 4064 4981 τοὺς

2480 5004 2715 5077 ἐραστὰς
2737 5006 2783 5036 ⁸³
2816 5009 2892 5069 εἰς
2923 5005 3019 5075 τὴν
3051 5006 3345 5076 ἐκκλησίαν
3375 5007 3721 5078 συνήθροιζον
3755 5011 3901 5078 μάλα
3932 5029 4065 5081 προ-

2483 5096 2690 5167 θύμως,
2722 5097 2913 5167 ὑμνεῖν
2944 5097 3034 5148 τὸν
3068 5097 3269 5164 ἀγαθὸν
3300 5097 3348 5128 ⁸⁸
3388 5099 3665 5169 Δεσπότην
3702 5102 4062 5169 παρεγγυῶν-

2104 5287 2342 5342 VARUE
2377 5285 2778 5342 LECTIONES.

896 5390 939 5421 "
972 5387 1139 5440 πολλὰ
1183 5388 1276 5440 καὶ
1312 5386 1477 5440 δεινά.
1516 5384 1683 5437 Basil.
1722 5383 1815 5439 Gr.
1859 5390 1913 5436 et
1953 5380 2143 5451 Steph.

2239 5379 2479 5481 ‘5‘lta'et
2513 5379 2690 5481 Ajjatii
2743 5377 2973 5459 Pinique
3021 5377 3349 5481 coqdexhcugt
3380 5378 3704 5481 Epjphar‘tio,
3738 5392 3891 5481 τξυις

808 5458 970 5513 bante
1004 5456 1239 5529 Valesio.
1276 5455 1380 5529 Sed
1410 5456 1574 5529 Basil.
1608 5453 1703 5529 Gr.
1738 5464 1796 5529 et
1832 5446 2173 5529 S_t_eph.,'17jg
2196 5450 2511 5519 ἐκκλησίας.
2555 5451 2600 5529 ⁸ξ
2627 5448 3037 5529 προμαχοῦντες
3065 5446 3274 5529 Steph._

3970 5402 4060 5433 rn-

3452 5402 3704 5449 npnamo,
3738 5402 3891 5436 recte
3928 5402 4057 5455 pro.

3452 5450 3474 5481 ⁸
3502 5452 3731 5505 οὐδέπω.
3760 5451 3927 5507 Basil.
3963 5456 4057 5511 Gr.

805 5529 847 5561 "
885 5531 1055 5598 ἄγειν.
1087 5528 1275 5597 Steph.
1309 5528 1364 5580 2.
1441 5527 1486 5598 θ’
1522 5526 1633 5598 Hoc
1665 5524 1827 5598 habet
1859 5516 2401 5598 Cliristclphorsonus
2426 5537 2523 5588 pro
2553 5516 2790 5598 simplici
2836 5519 3147 5598 ἀγείροντες
3172 5516 3337 5598 codd.
3371 5520 3535 5598 Basil.
3577 5521 3753 5598 Gr._et
3781 5521 4057 5598 Stephan.

804 5600 853 5632 ⁸³
872 5587 1123 5667 ἐραστὰς,
1154 5587 1297 5666 ιΙἸΙοά
1331 5604 1417 5651 est
1443 5597 1495 5649 in
1521 5596 1642 5647 cod.
1674 5592 1935 5667 Stephan.
2065 5587 2392 5667 Si_r_r_nondus
2410 5587 2473 5667 χε
2516 5590 2705 5667 codice
2761 5587 2846 5641 .Io.
2896 5587 3015 5667 Pini
3062 5589 3238 5667 duxit,
3279 5598 3337 5642 ιιι
3374 5592 3592 5656 quidem
3646 5595 3722 5667 ait
3781 5587 4058 5661 Valesius.

804 5658 1119 5738 quanquam
1150 5658 1236 5722 hic
1267 5668 1516 5737 praferat
1557 5658 1865 5718 secundum
1898 5663 2076 5738 eould._
2104 5662 2296 5738 Allatii
2317 5658 2597 5738 etHSavilii
2632 5679 2644 5713 :
2688 5659 3141 5738 Guxepa_ﬂii,-t|._
3174 5658 3228 5711 d.
3265 5670 3625 5738 coamatores,
3652 5664 3708 5738 _h.
3742 5678 3791 5715 e.
3826 5669 3920 5730 qui
3952 5658 4057 5723 una

805 5727 927 5792 eum
972 5727 1078 5792 illis
1112 5727 1291 5791 rerum
1327 5738 1633 5791 divinarum
1666 5749 1852 5786 amore
1892 5732 2215 5798 ﬂagrabant.
2262 5730 2428 5784 Basil.
2477 5730 2611 5801 Gr.”
2638 5740 2713 5801 et;
2748 5727 2939 5801 Steph:
2993 5727 3258 5801 [habent
3293 5730 3552 5799 ἐργάτας,
3591 5727 3874 5801 iidemque
3933 5754 4057 5791 cum

807 5808 991 5877 Steph.
1025 5809 1059 5862 ἰ
1091 5816 1141 5862 ιιι
1174 5808 1435 5878 Epiphan.
1472 5819 1484 5858 :
1532 5806 1611 5867 είς
1640 5802 1737 5866 τὰς
1779 5803 2092 5875 ἐκκλησίας.

2188 5802 2235 5834 ⁸⁸
2269 5802 2442 5868 ἆγιον.
2473 5800 2638 5856 Basil.
2676 5798 2772 5855 Gr.
2802 5809 2855 5853 et
2906 5798 3094 5868 Steph.
