4206 6450
177 415 300 481 1061

1118 408 1710 469 ECCLESIASTICE
1748 408 2135 468 H-ISTORLE
2193 410 2338 468 LIB.
2378 411 2456 469 ΙΙ.

3307 411 3441 474 1062

171 547 281 589 τις.
316 524 421 577 Τὸν
481 523 664 595 μέντοι
704 522 954 576 Λεόντιον
985 521 1137 573 οὐδὲν
1168 522 1352 574 ἔπεισε
1388 520 1611 573 κολάσαι
1661 520 1758 589 τὴν

1867 520 1997 574 Nam
2029 521 2344 591 quicunque
2388 521 2699 590 pestifcram
2735 521 3045 575 doctrinam
3080 522 3436 582 imbiberant.

173 616 408 685 πονηρία
422 631 462 677 θ,
495 613 628 666 ἀλλά
669 612 729 664 τὸ
753 612 847 681 τῆς
878 612 1177 674 ἐπιεικείας
1206 610 1560 679 περιθέμενος
1596 624 1761 677 προσ-

171 710 392 769 ωπεῖον,
426 706 521 757 καὶ
553 705 829 773 Στεφάνου
863 703 957 755 καὶ
982 702 1251 754 Φλακίτου
1288 703 1333 733 ⁵⁵
1354 700 1450 770 τὴν
1479 699 1762 769 βδελυρίαν

171 796 477 865 ἀπέκρυψε.
514 797 652 856 Τοὺς
684 796 792 863 γὰρ
820 793 931 845 τῶν
951 792 1238 862 δογμάτων
1261 792 1360 861 τὴν
1393 790 1690 859 διαφθορὰν
1715 790 1761 821 ⁵⁸

171 888 602 957 εἰσδεξαμένους,
637 889 687 938 εἰ
713 886 807 939 καὶ
833 884 923 936 τὸν
952 883 1249 936 ἀκόλαστον
1277 882 1595 950 ἠσπάσαντο
1626 882 1758 951 βίον,

168 982 275 1040 τοῖς
345 978 458 1031 τῶν
513 977 903 1048 πρεσϐυτέρων
971 974 1067 1027 καὶ
1122 974 1384 1027 διακόνων
1434 973 1759 1042 ὲγκατέλεγε

172 1069 442 1137 τάγμαεν
476 1070 603 1131 τοὺς
636 1068 693 1120 δὲ
715 1070 825 1129 τοῖς
849 1065 1211 1128 παντοδαποῖς
1241 1066 1404 1117 εἴδεσι
1428 1066 1526 1133 τῆς
1562 1065 1761 1135 ἀρετῆς

170 1162 600 1229 κοσμουμένους,
634 1158 856 1212 καὶτῶν
900 1158 1271 1211 ἀποστολικῶν
1315 1156 1598 1226 δογμάτων
1633 1158 1760 1210 ἀντ-

171 1251 463 1319 εχομένους
495 1290 509 1313 ,
552 1251 887 1319 ἀγεράστους
939 1251 1218 1304 κατέλιπε.
1253 1249 1458 1302 Τούτου
1491 1248 1554 1319 δὴ
1579 1250 1758 1321 χάριν,

170 1346 196 1394 ὸ
230 1343 328 1410 μὲν
360 1342 562 1413 κλῆρος
585 1341 803 1404 πλείους
832 1336 943 1411 εἶχε
973 1342 1096 1405 τοὺς
1138 1342 1236 1410 τῆς
1269 1340 1555 1411 αἱρετικῆς
1584 1340 1762 1411 λύμης

175 1434 585 1503 μετειληχότας,
617 1433 713 1487 τοῦ
751 1433 808 1486 δὲ
834 1433 963 1486 λαοῦ
990 1434 1054 1485 τὸ
1080 1433 1328 1486 πλεῖστον
1360 1431 1468 1485 τῶν
1497 1433 1542 1465 ⁵⁷
1586 1432 1761 1503 όρθῶν

174 1526 520 1594 ὑπερεμάχει
543 1524 849 1594 δογμάτων.
904 1522 1052 1595 [108]
1083 1523 1215 1576 Οὐδὲ
1250 1512 1357 1592 γάρ
1390 1523 1438 1574 ot
1469 1522 1569 1584 τὰς
1616 1522 1760 1574 διδα-

174 1616 405 1679 σκαλίας
437 1617 842 1686 προσφέροντες
880 1616 1121 1685 γυμνοῦν
1161 1615 1428 1686 ἐθάρρουν
1457 1614 1555 1683 τὴν
1601 1614 1762 1683 βλασ-

172 1708 407 1777 φημίαν.
444 1710 587 1762 Ὅσα
646 1710 744 1777 μὲν
786 1706 880 1763 οὖν
901 1709 1165 1771 Ψλάκιτος
1184 1708 1230 1739 ⁸⁵
1257 1706 1351 1760 καὶ
1373 1706 1639 1774 Στέφανος
1670 1706 1763 1757 καὶ

170 1801 422 1862 Λεόντιος
451 1800 689 1870 δυσσεϐῆ
713 1801 805 1853 καὶ
836 1800 1128 1871 παράνομα
1156 1802 1213 1852 ἐν
1252 1797 1547 1868 Ἀντιοχείᾳ
1574 1796 1758 1866 δεδράο

171 1910 324 1955 κασι,
349 1893 681 1962 συγγραφῆς
721 1893 819 1963 μὲν
864 1893 1071 1956 οίκείας
1115 1892 1290 1944 δεῖται
1332 1891 1418 1944 διὰ
1450 1891 1512 1943 τὸ
1536 1889 1759 1959 πλῆθος,

169 1984 269 2050 τῆς
291 1981 352 2034 δὲ
384 1980 481 2033 τοῦ
506 1982 672 2035 Δαϐὶδ
693 1982 993 2053 θρηνῳδίας
1020 1980 1107 2034 διὰ
1135 1980 1195 2033 τὸ
1226 1979 1472 2051 μέγεθος.
1505 1978 1613 2032 Καὶ
1637 1980 1763 2048 περὶ

172 2072 378 2123 τούτων
430 2072 542 2142 γάρ
590 2072 768 2140 λέγειν
812 2076 937 2145 χρή’
998 2092 1017 2126 ι
1049 2072 1172 2125 Ὅτι
1201 2072 1311 2125 ίδοὺ
1356 2073 1403 2124 οἱ
1450 2070 1637 2142 ἐχθροί
1670 2088 1760 2123 σου

172 2164 407 2231 ῆχησαν.
442 2164 548 2215 καὶ
564 2164 612 2215 oi
644 2162 929 2234 μισοῦντές
958 2182 1016 2218 σε
1045 2159 1190 2235 ἦραν
1220 2162 1485 2234 κεφαλήν.
1529 2163 1651 2215 Ἐπὶ
1672 2164 1761 2216 τὸν

170 2254 300 2307 ὶαόν
356 2272 453 2308 σου
502 2258 1122 2330 κατεπανουργεύσαντο
1167 2256 1411 2327 γνώμην,
1468 2256 1563 2309 καὶ
1608 2255 1761 2307 ἐϐου-

171 2349 437 2404 λεύσαντο
470 2352 612 2404 κατὰ
639 2352 749 2406 τῶν
778 2355 949 2422 ἀγίων
996 2372 1110 2408 σου.
1139 2344 1314 2407 Εἶπαν
1345 2355 1411 2387 ⁵³·
1442 2354 1630 2417 Δεῦτε,
1668 2353 1763 2405 καὶ

1867 616 2083 667 tametsi
2113 615 2235 667 vita:
2262 621 2447 668 essent
2478 613 2831 682 turpissimae,
2865 615 2967 669 bos
3001 615 3055 668 in
3089 616 3431 686 presbytero-

1866 719 1984 756 rum
2026 704 2497 771 diaconorumque
2535 701 2780 756 ordinem
2824 703 3134 772 allegabat:
3177 718 3271 759 eos
3306 686 3440 757 w'm

1864 796 1955 865 qui
1995 795 2319 863 apostolicis
2358 793 2705 863 dogmatibus
2757 794 3151 860 adharrebant,
3186 798 3439 865 quamvis

1862 886 2007 938 omni
2044 900 2246 955 genere
2280 885 2501 938 virtutis
2535 886 2848 951 elucerent,
2882 885 3242 940 inhonoratos
3274 887 3440 939 relin-

1860 978 2084 1046 quebat.
2113 976 2235 1044 Quo
2265 977 2467 1030 factum
2500 986 2620 1039 est,
2653 988 2711 1029 ut
2742 980 2795 1030 in
2823 978 2971 1030 clero
3001 978 3312 1046 complures
3342 979 3441 1031 ha:-

1862 1072 2030 1124 rctica
2073 1071 2194 1125 labe
2228 1070 2475 1137 corrupti
2513 1081 2893 1129 cernerentur.
2927 1070 3111 1137 populi
3146 1084 3276 1123 vero
3313 1085 3443 1137 pars

1863 1164 2101 1214 maxima
2124 1170 2329 1215 rectam
2355 1160 2657 1213 doctrinam
2682 1169 2949 1213 tueretur.
2975 1158 3159 1227 Neque
3181 1160 3325 1215 enim
3351 1175 3443 1211 au-

1862 1252 2063 1307 debant
2098 1253 2486 1321 praedicatores
2522 1252 2791 1306 doctrinae
2828 1252 3226 1319 blasphemiam
3254 1259 3442 1321 aperte

1862 1344 2109 1397 omnium
2158 1344 2387 1397 aurilms
2425 1358 2717 1411 exponere.
2753 1341 2948 1396 Verum
2985 1359 3105 1411 quae
3130 1358 3161 1395 a
3196 1341 3439 1407 Placito,

1862 1445 1915 1489 et
1947 1434 2263 1503 Stephano,
2296 1444 2347 1489 et
2382 1432 2611 1488 Leontio
2645 1434 2810 1502 impie
2839 1445 2894 1488 et
2932 1436 3122 1504 inique
3156 1434 3300 1504 apud
3333 1440 3443 1487 An-

1863 1528 2121 1581 tiochiam
2152 1537 2301 1597 gesta
2336 1535 2503 1589 sunt,
2554 1528 2830 1596 peculiare
2861 1543 2997 1596 opus
3046 1531 3271 1597 exigunt
3320 1541 3441 1596 prn-

1863 1627 1985 1689 ptet‘
2033 1620 2476 1683 multitudinem,
2530 1631 2584 1673 et
2638 1618 2895 1673 Davidico
2946 1620 3166 1688 planctu
3210 1620 3443 1689 lugenda

1866 1723 1995 1767 sunt
2048 1721 2275 1783 propter
2324 1712 2776 1781 magnitudinem.
2829 1709 2965 1765 Nam
2998 1711 3065 1765 de
3098 1698 3183 1765 his
3226 1727 3447 1780 quoque

1866 1806 1972 1859 dici
2007 1805 2306 1859 convenit:
2337 1823 2354 1855 ι
2385 1802 2653 1869 QuOniam
2688 1817 2815 1857 ecce
2857 1804 3067 1856 inimici
3117 1806 3193 1856 tui
3247 1818 3445 1856 sonue-

1867 1904 2032 1956 runt.
2077 1906 2131 1951 et
2176 1897 2267 1967 qui
2313 1896 2549 1950 oderunt
2587 1905 2637 1949 te
2674 1897 2988 1949 extulerunt
3033 1903 3217 1964 caput.
3270 1894 3445 1962 Super

1866 1989 2126 2060 populum
2174 1998 2326 2044 tuum
2363 1990 2806 2058 malignaverunt
2846 1987 3139 2042 consilium
3162 2028 3176 2051 ,
3212 1999 3264 2041 et
3298 1988 3448 2055 engi-

1868 2089 2123 2135 taverunt
2155 2082 2420 2136 adversus
2452 2090 2676 2137 sanctos
2707 2090 2856 2136 tuos.
2910 2080 3217 2135 Dixerunt:
3256 2078 3448 2134 Venite

1868 2172 2329 2243 etdisperdamus
2358 2188 2454 2228 eos
2497 2174 2565 2228 de
2618 2184 2813 2243 gente,
2860 2182 2913 2228 et
2957 2191 3064 2227 non
3116 2172 3449 2228 memoretur

1868 2279 2067 2319 nomen
2109 2266 2327 2319 lsraelis
2370 2266 2510 2318 ultra
2550 2266 2597 2317 II.
2634 2284 2652 2317 ι
2682 2263 2793 2320 Nos
2835 2280 2966 2320 vero
3013 2266 3324 2320 institutam
3360 2264 3447 2317 hi-

1869 2355 2096 2408 storiam
2129 2370 2554 2424 prosequamur.

176 2443 654 2515 ἑξολοθρεύσωμεν
691 2447 890 2511 αὐτοὺς
932 2449 992 2515 ἐξ
1028 2448 1242 2513 ἔθνουςο
1289 2448 1385 2502 καὶ
1419 2449 1480 2502 οὐ
1524 2450 1598 2521 μὴ
1633 2447 1845 2520 μνησθῇ
1884 2449 1944 2501 τὺ
1997 2449 2167 2519 ὅνομα
2220 2450 2435 2521 Ἰσραὴλ
2490 2450 2590 2505 ἔτι.
2627 2469 2646 2503 ι
2684 2449 2874 2521 Ἡμεῖς
2925 2450 2982 2505 δὲ
3027 2449 3096 2504 τὰ
3142 2448 3307 2504 λοιπὰ
3349 2446 3449 2518 τῆς

173 2541 422 2610 ἱστορίας
449 2541 876 2613 συγγράψωμεν.

787 2639 1038 2693 ΚΕΦΑΛ.
1080 2641 1165 2695 ις’.

174 2726 311 2793 Περὶ
336 2724 452 2802 ’τῆς
478 2727 774 2802 Εὑδοξίου
798 2730 903 2802 τοῦ
926 2730 1336 2800 Γερμανικέως
1360 2735 1757 2802 καινοτομίας,

246 2798 351 2869 καί
391 2799 717 2852 Βασιλείου
770 2800 877 2853 τοῦ
934 2798 1241 2869 Ἀγκύρας,
1293 2804 1390 2855 καὶ
1424 2798 1763 2858 Εὐστὶιθίοο

240 2866 353 2920 τοῦ
419 2870 818 2989 ἔξϐαστείας,
873 2866 1025 2926 κατὰ
1081 2866 1298 2926 έούτου
1365 2874 1765 2943 γεγενημένης

240 2952 414 2989 σπου
456 2956 551 2989 nr.

240 2952 551 3005 σπουσης.

242 3024 618 3095 Γερμανίκεια
650 3027 804 3091 πόλις
833 3028 982 3082 ἐστὶν
1012 3030 1070 3083 ἓν
1113 3029 1349 3103 μεθορίῳ
1377 3032 1475 3102 τῆς
1504 3032 1761 3096 Κιλίκων,

174 3118 266 3169 καὶ
304 3116 516 3188 Σύρων,
562 3119 658 3171 καὶ
705 3120 1093 3174 Καππαδοκῶν
1144 3122 1393 3194 κειμένη,
1445 3126 1527 3186 είς
1574 3125 1763 3195 δὲτὴν

2044 2632 2205 2703 391
2251 2636 2269 2655 ο
2302 2631 2455 2687 cur.
2493 2632 2614 2689 xx.
2656 2632 2739 2704 [ιι.
2784 2635 2867 2691 St.
2908 2635 3007 2691 Ch.
3044 2632 3110 2691 γ.
3148 2635 3269 2711 25.]

1870 2722 1948 2778 De
1989 2722 2227 2778 Eudoxii
2262 2724 2703 2778 Germaniciani:
2752 2726 3004 2791 novitate,
3055 2737 3104 2781 et
3153 2729 3217 2781 de
3254 2728 3450 2783 Basilii

1937 2794 2166 2877 Ancyrae
2214 2804 2370 2864 atque
2426 2797 2698 2849 Eustathii
2743 2794 2999 2851 Sebastia:
3054 2810 3241 2853 contra
3296 2802 3447 2855 iitum

1936 2875 2286 2920 contentione.

1936 3023 2288 3079 Germanicia
2323 3024 2523 3079 civitas
2573 3032 2659 3078 est
2703 3025 2757 3078 in
2804 3022 3037 3078 Cilicum
3080 3031 3135 3078 et
3184 3023 3446 3095 Syrorum

1865 3115 2365 3186 Cappadocumque
2438 3116 2697 3171 continiis
2769 3116 2992 3185 posita,
3078 3114 3451 3186 Euphratesim

177 3209 567 3279 Εὐφρατησίαν
593 3209 928 3282 καλουμένην
949 3212 1220 3283 ἐπαρχίαν
1248 3214 1409 3267 τελεῖ.
1445 3215 1556 3284 Τῆς
1584 3215 1640 3267 δὲ
1665 3214 1762 3285 τῆς

1867 3223 2028 3277 quam
2063 3216 2259 3261 vocant
2297 3208 2594 3277 provinciae
2644 3207 2933 3260 attributa.
2981 3203 3159 3275 Hujus
3194 3204 3453 3261 Ecclesia:

188 3300 523 3370 Ἐκκλησὶας
579 3302 963 3372 προστατεύων
1014 3304 1287 3371 Εὑδόξιος,
1341 3301 1461 3359 εἶτα
1514 3307 1763 3361 Λεόντιον

1870 3300 2105 3353 antistes
2166 3300 2469 3362 Eudoxius,
2502 3300 2728 3369 cognita
2761 3307 2938 3353 morte
2988 3296 3225 3363 Leontii,
3265 3300 3453 3352 Antin-

177 3392 503 3459 τεθνηκέναι
558 3392 767 3462 μαθὼν,
816 3394 1082 3448 κατέλαόε
1135 3396 1236 3466 μὲν
1267 3398 1367 3468 τὴν
1413 3398 1763 3469 Ἀντιόχειαν,

1871 3392 2052 3446 Chiam
2088 3407 2147 3447 se
2195 3392 2454 3458 contulit,
2496 3392 2987 3461 cpiscopalumqne
3024 3392 3242 3449 invasit.
3277 3392 3453 3445 instar

177 3484 397 3553 ἥρπασε
422 3484 481 3535 δὲ
510 3482 608 3555 τὴν
657 3484 967 3555 προεδρίαν,
1002 3487 1128 3549 συὸς
1158 3488 1353 3557 ἀγρίου
1385 3488 1540 3558 δίκην
1573 3489 1764 3560 λυμαι-

1869 3484 1989 3552 apri
2016 3484 2286 3539 silvestris
2315 3486 2526 3537 vineam
2560 3480 2898 3536 Dominicam
2927 3482 3243 3537 devastans.
3268 3479 3454 3548 Neque

178 3576 407 3644 νόμενος
450 3574 541 3626 τὸν
573 3575 873 3645 ἀμπελῶνα
894 3576 985 3629 τὸν
1013 3575 1173 3631 θεῖον.
1214 3580 1349 3633 Οὐδὲ
1383 3581 1492 3649 γὰρ
1530 3581 1764 3649 Λεοντίῳ

1868 3577 2014 3630 enim
2066 3575 2333 3629 malitiam
2388 3589 2543 3629 suam
2595 3573 2739 3629 sicut
2821 3572 3085 3629 Leontius
3124 3575 3450 3630 occultabat.

179 3668 582 3737 παραπλησίως
630 3668 723 3739 τὴν
774 3667 1102 3738 κακοήθειαν
1158 3672 1591 3726 συνεκάλυπτενο
1654 3674 1767 3727 ἀλλ’

178 3759 445 3826 ἄντικρυς
491 3759 633 3811 κατά
660 3758 769 3811 τῶν
810 3761 1179 3814 ἀποστολικῶν
1213 3762 1410 3817 ὲλύττα
1459 3764 1767 3834 δογμάτων,

181 3852 275 3902 καὶ
328 3852 455 3913 τοὺς
489 3850 806 3918 ἀντιλέγειν
853 3852 1167 3923 τολμῶντας
1218 3856 1585 3919 παντοδαπαῖς
1621 3874 1772 3929 περι-

181 3941 379 3993 έϐαλλε
407 3943 732 4011 συμφοραῖς.
760 3944 918 3997 Κατά
938 3942 1123 3998 τοῦτον
1142 3946 1198 3999 δὲ
1218 3946 1309 3999 τὸν
1334 3948 1547 4019 χρόνον.
1586 3950 1775 4018 Ἀγκύ-

186 4048 283 4103 ρας
319 4034 423 4102 μὲν
468 4034 571 4103 τῆς
609 4033 866 4088 Γαλατῶν
916 4038 1303 4108 μητροπόλεως
1333 4040 1611 4105 Βασίλειος
1637 4060 1770 4095 κατ-

182 4128 297 4191 εῖχε
334 4121 408 4174 τὰ
435 4122 535 4191 τῆς
582 4122 906 4193 Ἐκκλησίας
950 4126 1205 4196 πηδάλια,
1248 4129 1565 4199 Μάρκελλον
1606 4131 1773 4186 διαδε-

184 4212 451 4283 ξάμενος·
512 4214 810 4279 Εὐστὰθιος
864 4217 919 4270 δὲ
956 4219 1277 4284 Σεϐαστείας
1330 4225 1534 4292 ἡγεῖτο,
1594 4226 1627 4297 ἡ
1676 4228 1774 4299 τῆς

197 4308 491 4377 ’Δρμενίας
528 4310 857 4381 ἐπρώτευεν.
910 4308 1075 4368 Οὗτοι
1122 4317 1220 4386 τὴν
1247 4318 1493 4383 Εὑδοξίου
1535 4337 1769 4390 παρανοο

189 4398 316 4467 μίαν
350 4400 446 4451 καὶ
470 4399 664 4454 λύτταν
687 4405 1088 4477 μεμαθηκότες,
1128 4410 1490 4481 Κωνσταντίῳ
1517 4412 1593 4481 τῷ
1624 4412 1775 4482 βασι-

186 4490 267 4543 λεῖ
294 4491 367 4543 τὰ
396 4490 737 4561 τολμηθέντα
756 4494 844 4547 διά
870 4498 1212 4569 γραμμάτων
1244 4499 1536 4570 ἐδήλωσαν.
1572 4504 1691 4556 Ἐτι
1717 4504 1773 4556 δὲ

1871 3667 1967 3722 sed
2016 3676 2205 3736 aperte
2263 3666 2535 3720 adversus
2595 3664 2900 3733 apostolica
2950 3665 3201 3735 dogmata
3244 3665 3451 3718 rabiem

1871 3775 2027 3814 suam
2059 3773 2348 3820 exercens,
2374 3771 2471 3811 eos
2493 3755 2585 3826 qui
2618 3754 3001 3809 contradicere
3044 3755 3307 3809 auderent
3331 3768 3450 3808 om-

1871 3850 2038 3904 nibus
2073 3848 2437 3904 incommodis
2467 3846 2813 3902 coniiciebat.
2846 3847 2923 3901 Eo
2958 3855 3203 3916 tempore
3227 3848 3455 3913 Ancyra:

1877 3942 2204 4011 metropolis
2266 3938 2497 3993 Galatia;
2554 3938 2855 3993 Ecclesiam
2913 3939 3130 4009 regebat
3202 3936 3451 4001 Basilius,

1874 4034 2121 4089 Marcelli
2170 4050 2481 4095 successor.
2513 4032 2837 4087 Eustathius
2887 4040 3068 4086 autem
3099 4041 3331 4102 prmerat
3359 4030 3454 4085 Sc-

1873 4128 2085 4189 bastize.
2118 4142 2239 4196 qua:
2262 4126 2533 4180 Armeniae
2586 4124 2717 4179 urbs
2752 4132 2838 4178 est
2889 4124 3169 4193 primaria.
3204 4120 3267 4176 lli
3318 4132 3454 4193 per-

1876 4226 2060 4290 specta
2088 4218 2315 4271 Eudoxii
2353 4218 2643 4285 iniquitate
2670 4231 2730 4271 ac
2765 4216 2936 4275 rabie.
2967 4218 3032 4270 de
3063 4217 3208 4271 illius
3223 4216 3454 4270 audacia

1876 4312 2167 4367 certiorem
2203 4325 2300 4379 per
2338 4309 2550 4362 litteras
2572 4304 2821 4360 fecerunt
2854 4305 3240 4360 Constantium
3274 4304 3453 4373 impe~

1875 4413 2135 4465 ratorem,
2169 4401 2261 4471 qui
2292 4408 2404 4453 tum
2444 4398 2621 4452 adhuc
2659 4397 2712 4450 in
2754 4395 3051 4451 Occidente
3108 4396 3453 4459 morabatur,

1875 4508 1930 4551 et
1961 4494 2194 4549 sublatis
2217 4508 2247 4545 e
2279 4490 2461 4545 medio
2496 4488 2771 4560 tyrannis,
2798 4487 3019 4542 inﬂictis
3056 4502 3152 4557 per
3185 4487 3307 4543 illos
3338 4488 3457 4540 νυι-

185 4576 340 4646 οὗτος
379 4583 441 4635 ἐν
468 4582 548 4651 τῷ
595 4585 731 4655 πρὸς
771 4586 1026 4657 δυόμενον
1051 4586 1203 4660 ἥλιόν
1246 4590 1480 4662 διέτριόε
1506 4596 1764 4663 τμήματι,

1881 4586 2107 4641 net-ibus
2137 4581 2481 4637 medebatur.
2535 4578 2860 4633 Familiares
2896 4578 3058 4632 ambo
3100 4587 3257 4633 erant
3290 4578 3456 4647 impe-

186 4676 281 4745 τὴν
304 4673 464 4743 παρά
488 4674 596 4726 τῶν
619 4677 894 4746 τυράννων
921 4685 1292 4753 γεγενημένην
1321 4683 1524 4755 βλάϐην
1546 4687 1773 4755 ἰώμενος

191 4765 324 4833 μετά
352 4766 459 4832 τῆν
491 4764 715 4818 ἐκείνων
752 4768 1049 4839 ἀναίρεσιν.
1079 4772 1339 4842 Συνήθεις
1368 4774 1424 4826 δὲ
1457 4771 1595 4844 ἦσαν
1627 4770 1770 4827 οὗτοι

188 4855 261 4925 τῷ
307 4855 545 4924 βασιλεῖ,
599 4856 691 4908 καὶ
730 4856 989 4928 πλείστης
1041 4861 1171 4930 ὅσης
1201 4862 1286 4915 διὰ
1316 4863 1415 4929 τὴν
1464 4863 1771 4929 ἀξιέπαινον

192 4947 373 5017 βιοτὴν
396 4947 680 5019 ἀπήλαυον
712 4950 1045 5021 παρρησίας.

683 5037 833 5111 [109]
878 5043 1126 5097 ΚΕΦΑΛ,
1169 5046 1277 5098 KA'

194 5127 328 5194 Περὶ
359 5127 476 5195 τῆς
504 5128 577 5180 ἐν
604 5131 818 5196 Νικαίᾳ
839 5134 1171 5201 γενομένης
1199 5136 1385 5189 πάλιν
1405 5137 1449 5167 ⁸⁸
1483 5138 1772 5191 συνόδου.

260 5216 454 5269 Ταῦτα
502 5216 688 5287 μαθὼν
738 5220 766 5270 ὁ
817 5220 1211 5287 Κωνστάντιος,
1285 5226 1614 5296 Ἀντιοχεῦσι
1679 5226 1775 5296 μὲν

264 5374 287 5411 ν
327 5370 477 5428 Psal.
500 5387 711 5435 LXXXII,
744 5374 797 5428 2.

1880 4677 2075 4738 ratori,
2106 4683 2160 4730 et
2184 4683 2405 4744 propter
2447 4670 2782 4725 laudabilem
2840 4671 3004 4725 vitam
3034 4672 3329 4743 plurimum
3360 4685 3453 4723 au—

1880 4770 2137 4827 ctoritate
2157 4766 2305 4838 apud
2336 4765 2513 4834 ipsum
2544 4765 2821 4819 valebant.

2186 5025 2341 5081 CAP.
2382 5024 2522 5079 xm.
2557 5023 2643 5095 [Β.
2688 5025 2769 5079 ει.
2816 5024 2914 5080 cn.
2945 5024 3009 5080 ν.
3045 5024 3163 5096 εσ.]

2112 5119 2186 5174 De
2218 5119 2441 5173 concilio
2480 5116 2678 5170 Nica'a:
2706 5118 2897 5170 iterum
2936 5124 3239 5169 convocato.

1954 5215 2053 5270 llis
2079 5213 2312 5283 cognitis
2338 5208 2692 5263 Constantius
2721 5208 2785 5263 ad
2816 5207 3189 5262 Antiochenos
3215 5205 3461 5277 scripsit,

1510 5462 1743 5516 νΑιικΕ
1789 5461 2188 5519 LECTIONER

290 5555 335 5586 ⁸⁸
398 5554 695 5610 Πλακίτου.
747 5552 1063 5624 Christoph.

205 5626 242 5655 ³⁷
270 5626 380 5677 τῶν
413 5626 569 5679 abest
605 5641 633 5678 a
677 5625 842 5680 Basil.
875 5625 969 5679 Gr.

1160 5554 1212 5625 "_
1251 5555 1331 5625 ita
1364 5553 1513 5625 Acod.
1546 5552 1877 5625 Casanboni_
1916 5562 1970 5606 et
2019 5554 2278 5625 Scaliger.
2323 5554 2427 5625 Sed
2481 5553 2644 5608 Basil.
2687 5553 2782 5607 Gr.
2833 5563 2887 5625 et
2948 5553 3134 5622 Steph.
3178 5552 3461 5625 διαφοράν.

1069 5624 1116 5655 ⁸⁸
1154 5622 1323 5675 Πλάκ.
1351 5623 1670 5689 Christoph.
1749 5626 1793 5655 ”
1827 5622 1998 5678 εἷπον.
2037 5625 2157 5675 lius.
2206 5624 2329 5685 Gr.,
2367 5623 2623 5691 Slephan.
2704 5625 2748 5654 “
2772 5624 2934 5675 πάλιν
2954 5622 3323 5692 γεγενημένης
3343 5622 3458 5679 Ἰιιισ

204 5696 283 5748 bet
306 5697 443 5749 edit.
473 5695 795 5765 Christoph.
834 5695 893 5749 ln
930 5694 1077 5757 Bas.,
1109 5694 1299 5761 Steph.
1329 5702 1382 5745 et
1414 5692 1595 5765 viales.
1632 5692 1760 5747 edd.
1792 5694 2003 5761 plenior
2032 5703 2113 5746 est
2144 5696 2338 5749 t‘tulns
2374 5713 2387 5747 :
2430 5696 2493 5746 ll.
2527 5712 2575 5748 τ.
2622 5696 2678 5747 ὲν
2725 5695 2849 5746 Νικ.
2901 5695 2994 5747 καὶ
3044 5695 3207 5746 πάλιν
3260 5698 3317 5746 ὲν
3362 5696 3460 5747 Σε-

197 5765 417 5837 λευκείᾳ
463 5769 561 5833 τῆς
592 5764 867 5837 Ἰσαυρίας
905 5765 1275 5835 γεγενημένης
1321 5764 1560 5828 συνόδου,
1610 5774 1895 5834 propterea
1940 5765 2083 5833 quod
2137 5765 2238 5818 illan
2278 5773 2444 5837 caput
2493 5781 2733 5835 sequens
2774 5780 2899 5819 cum
2956 5773 3149 5819 nostro
3196 5767 3250 5819 in
3293 5781 3459 5820 unum

206 5836 544 5903 coniungunt
561 5875 576 5889 .
