4206 6450
813 394 945 455 1063

1798 389 2287 451 THEODORETI
2346 387 2684 449 EPISCOPI
2731 390 3094 449 CYBENSIS

3935 391 4075 458 106$

807 504 1234 574 haudquaquam
1278 514 1306 553 a
1353 514 1410 554 se
1442 499 1607 569 892
1639 513 1966 556 concessum
2008 500 2255 555 Eudoxio
2280 500 2386 555 Ec-

2496 499 2829 562 ἐπέστειλεν,
2871 499 2946 562 ὡς
2972 500 3073 552 οὐκ
3098 500 3260 562 αὐτὸς
3287 500 3522 569 Εύδοξίῳ
3548 500 3648 569 τὴν
3680 502 3781 570 τῆς
3848 500 4074 564 Ἐκκλη-

805 595 989 649 elesia!
1024 592 1167 645 illius
1193 588 1573 660 episcopatum
1618 589 1808 652 fuisse,
1832 590 1935 643 hoc
1962 590 2106 644 enim
2142 591 2234 645 ille
2260 592 2381 644 vul-

804 689 1047 755 gavcrat.
1084 679 1503 749 Eudoxiumque
1559 678 1764 748 expelli
1797 679 1867 733 ab
1913 680 2052 734 urbe
2098 679 2287 748 jussit,
2320 694 2384 733 ac

807 791 905 844 pro
943 773 1111 829 rebus
1151 770 1347 825 Nicaea:
1401 772 1455 825 in
1498 770 1770 841 Bithynia:
1807 771 1999 840 gestis,
2041 772 2385 840 concilioque

806 868 937 921 illuc
966 873 1297 927 convocato,
1330 879 1520 933 poenas
1566 862 1719 917 dare.
1772 862 2053 933 Siquidem
2103 862 2385 918 Eudoxius

756 1016 759 1017 ν
803 959 947 1029 apud
982 975 1076 1015 eos
1108 958 1204 1028 qui
1241 973 1329 1011 res
1353 958 1405 1010 in
1438 955 1645 1025 palatio
1684 954 2148 1010 administrabant
2190 954 2386 1025 effece-

805 1060 910 1116 rat,
952 1059 1012 1104 ut
1060 1050 1296 1103 Niemam
1350 1047 1679 1101 celebrando
1735 1046 1970 1100 concilio
2021 1047 2385 1117 assignarent.

807 1142 913 1197 Sed
945 1141 1327 1195 universorum
1372 1137 1696 1199 Moderator,
1727 1137 1818 1205 qui
1845 1152 1935 1190 res
1965 1136 2178 1192 futuras
2209 1138 2383 1202 novit,

807 1243 866 1287 ut
918 1234 1029 1300 jam
1066 1216 1392 1301 praeteritas,
1447 1228 1718 1297 stupende
1752 1229 1991 1298 quodam
2035 1237 2196 1283 teme
2233 1239 2383 1284 metu

804 1336 1132 1379 conventum
1164 1322 1463 1391 impedivit.
1500 1320 1792 1374 Maximam
1814 1322 1958 1375 enim
1986 1322 2141 1375 urbis
2175 1334 2381 1391 partem

805 1421 821 1439 ‘
852 1425 1011 1469 terra:
1042 1422 1231 1467 motus
1269 1413 1360 1465 ille
1388 1411 1628 1481 disiecit,
1661 1420 1713 1465 et
1753 1412 2056 1465 incolarum
2095 1413 2383 1481 quamplu-

803 1511 975 1562 rimos
1000 1506 1293 1576 oppressit.
1329 1503 1451 1569 Quo
1486 1504 1871 1556 animadverso
1895 1504 1987 1571 qui
2009 1518 2074 1555 eo
2106 1501 2386 1556 conﬂuxe-

803 1609 945 1664 rant,
980 1597 1132 1667 gravi
1166 1606 1376 1649 terrore
1420 1593 1680 1663 perculsi,
1715 1591 1782 1645 ad
1819 1592 2093 1647 Ecelesias
2146 1608 2276 1647 suas
2302 1608 2387 1647 re-

802 1700 1075 1745 mearunt.
1103 1686 1257 1753 Quod
1284 1686 1410 1739 mihi
1431 1683 1651 1754 quidem
1677 1684 1863 1737 divina
1890 1684 2155 1754 sapientia
2181 1684 2383 1738 factum

802 1786 1039 1838 videtur.
1068 1780 1201 1834 Nam
1229 1796 1349 1833 cum
1383 1779 1436 1831 iu
1469 1778 1606 1831 urbe
1636 1777 1724 1829 illa
1757 1775 1877 1830 lidei
1913 1778 2223 1846 apostolica:
2252 1777 2386 1831 doc-

2489 590 2610 653 σίας
2634 591 2848 661 ἐκείνης
2875 590 3139 659 ἐπέτρεψε
3175 590 3464 660 προεδρίαν
3486 608 3499 621 ·
3533 591 3690 643 τοῦτο
3714 592 3822 661 γὰρ
3866 594 4073 652 ἐκεῖνος

2486 682 2786 753 ἐθρύλησεν
2810 699 2823 712 °
2861 682 3109 745 Εύδόξιον
3140 682 3195 734 δὲ
3230 683 3329 751 τῆς
3359 682 3457 751 μέν
3490 683 3698 746 πόλεως
3726 682 4072 752 ἐξελαθῆναι.

2486 773 2672 851 δοῦναι
2712 774 2769 826 δέ
2814 773 2971 837 δίκας
3006 768 3080 826 ὧν
3102 773 3325 845 ἔδρασεν
3361 776 3417 826 ὲν
3451 774 3657 845 Νικαίᾳ
3682 775 3783 842 τῆς
3816 776 4073 838 Βιθυνίας

2489 863 2842 933 προσέταξεν,
2866 867 2982 917 ἐκεῖ
3035 865 3359 934 συνδραμεῖν
3392 866 3783 935 παρεγγυήσας
3812 865 3913 935 τὴν
3942 866 4071 918 σύν-

2486 956 2625 1010 οεον.
2670 956 2782 1027 Τὴν
2828 956 2884 1008 δὲ
2927 956 3162 1009 Νίκαιαν
3203 956 3363 1019 αὐτὸς
3406 955 3655 1021 Εὑδόξιος
3701 958 3964 1026 ἀφορίσαι
3997 956 4075 1026 τῷ

2488 1048 2748 1118 συνεδρίῳ
2796 1051 2923 1111 τοὺς
2975 1048 3042 1100 τὰ
3086 1048 3332 1118 βασίλεια
3368 1048 3835 1118 πεπιστευμένους
3864 1052 4072 1100 οἰκονο-

2490 1142 2614 1210 μεῖν
2635 1140 2871 1193 ἔπεισεν.
2923 1140 3062 1193 Ἀλλ’
3089 1144 3117 1193 ὁ
3141 1140 3248 1193 τῶν
3280 1142 3416 1192 ὅλων
3446 1142 3713 1213 Πρύτανις
3744 1140 3812 1193 τά
3833 1142 4073 1210 ἐσόμενα

2488 1232 2851 1301 ἐπιστάμενος
2880 1231 2957 1294 ὡς
2987 1232 3089 1301 ἤδη
3118 1233 3478 1301 γεγενημένα,
3520 1230 3730 1300 σεισμῷ
3758 1248 3863 1283 τινι
3894 1248 4076 1300 παρα-

2486 1323 2622 1394 δόξῳ
2671 1322 2947 1375 κεκώλυκε
2982 1324 3040 1376 τὸ
3087 1324 3383 1395 συνέδριον.
3437 1323 3518 1375 Τὰ
3547 1323 3656 1393 γὰρ
3717 1322 3947 1375 πλεῖστα
3979 1322 4075 1389 τῆς

2489 1417 2698 1478 δόλεως
2722 1418 2751 1468 ὁ
2784 1417 3005 1487 σεισμὸς
3043 1418 3248 1478 ἐκεῖνος
3280 1416 3637 1484 κατήνεγκεν,
3667 1414 3889 1467 καὶτῶν
3921 1414 4075 1478 οίκη-

2487 1512 2660 1582 τόρων
2689 1513 2814 1575 τοὺς
2843 1512 3127 1575 πλείστους
3168 1510 3461 1580 διέφθειρε.
3491 1508 3659 1561 Τοῦτο
3690 1506 4075 1578 μεμαθηκότες

2487 1606 2534 1655 οἱ
2563 1604 2929 1669 συνελθόντες,
2964 1605 3058 1657 καὶ
3089 1603 3283 1673 κομιδῇ
3312 1603 3608 1664 δείσαντες,
3632 1602 3711 1662 είς
3742 1600 3839 1662 τὰς
3865 1600 4073 1660 οἰκείας

2502 1689 2829 1763 Ἐκκλησίας
2882 1694 3241 1765 ἀνέστρεψαν.
3289 1694 3398 1763 Τῆς
3442 1692 3498 1744 δέ
3541 1692 3635 1745 τοῦ
3687 1688 3821 1743 Θεοῦ
3878 1690 4075 1755 σοφίας

2491 1785 2730 1857 ἡγοῦμαι
2780 1785 2941 1839 τοῦτο
2990 1786 3312 1856 μηχάνημα.
3372 1783 3589 1853 Ἐπειδὴ
3634 1782 3743 1852 γὰρ
3791 1784 3848 1833 ἐν
3889 1779 4075 1852 ἐκείνη

804 1879 949 1929 trina
1013 1873 1329 1942 conscripta
1369 1871 1564 1924 fuisset
1617 1884 1646 1922 a
1689 1868 1967 1931 Patribus.
2001 1877 2055 1922 et
2108 1869 2385 1923 contraria

2490 1879 2553 1946 τῇ
2584 1876 2736 1928 πόλει
2772 1875 2925 1945 παρὰ
2946 1875 3056 1927 τῶν
3099 1874 3269 1941 ἁγίων
3303 1874 3560 1944 Πατέρων
3588 1874 3621 1942 ἡ
3652 1872 3754 1940 τῆς
3782 1871 4071 1923 ἀποστολι-

801 1968 1067 2038 scripturi
1112 1976 1301 2020 essent
1351 1964 1445 2033 qui
1500 1963 1615 2015 illic
1651 1962 1849 2016 iterum
1890 1960 2386 2032 congregabantur,

800 2069 963 2129 atque
1000 2073 1188 2111 ansam
1220 2054 1455 2109 fallaciae
1485 2053 1599 2106 Arii
1622 2054 1990 2107 sectatoribus
2018 2053 2212 2126 datura
2242 2064 2389 2109 esset

801 2152 1042 2206 nominis
1077 2146 1402 2209 similitudo,
1436 2161 1541 2215 qua
1596 2146 1964 2214 simpliciores
2018 2146 2386 2201 circumveni-

803 2251 943 2303 rent,
973 2240 1248 2294 Nirzenam
1275 2239 1414 2291 hanc
1445 2252 1665 2307 quoque
1706 2237 1973 2307 synodum
2024 2239 2385 2307 appellantes,

800 2350 1034 2402 eamque
1071 2348 1171 2401 pro
1202 2337 1431 2400 antiqua
1459 2328 1552 2383 illa
1602 2329 1969 2398 proferentes,
2021 2328 2164 2384 Deus
2200 2328 2389 2383 Eccle-

802 2426 1011 2481 siarum
1045 2439 1234 2479 curam
1263 2438 1461 2494 gerens
1491 2430 1823 2476 conventum
1862 2420 2119 2476 inhibuit.

1276 2744 1426 2799 CAP.
1461 2742 1625 2797 xxn.
1658 2741 1782 2813 [ειι.
1809 2741 1927 2815 27.]

947 2860 1025 2915 De
1052 2858 1276 2914 concilio
1302 2857 1442 2927 apud
1470 2855 1767 2910 Seleuciam
1791 2854 2019 2909 Isauria:
2039 2854 2241 2909 habito.

872 3019 1004 3073 Post
1042 3013 1262 3085 aliquod
1318 3022 1557 3083 tempus,
1608 3011 2011 3073 Constantius,’
2048 3013 2389 3082 suggerenti-

801 3113 907 3165 bus
935 3106 1358 3163 accusatoribus
1392 3103 1645 3165 Eudoxii,
1689 3103 1957 3171 synodum
1995 3100 2260 3154 Seleucia:
2293 3100 2388 3152 ha-

803 3202 917 3257 beri
944 3199 1219 3270 prteeepit.
1250 3196 1394 3251 Urbs
1437 3196 1552 3250 haec
1588 3202 1673 3248 est
1713 3193 1938 3248 Isaurize
1966 3191 2033 3246 ad
2079 3207 2228 3246 mare
2256 3193 2384 3254 sita,

2491 1969 2594 2039 κῆς
2618 1967 2852 2032 πίστεως
2875 1967 3090 2038 ἐγράφη
3115 1966 3451 2030 διδασκαλία,
3497 1965 3711 2017 ἐναντία
3751 1963 3807 2015 δὲ
3835 1962 4073 2031 γράφειν

2489 2062 2545 2113 ἐν
2572 2062 2709 2130 αὑτῇ
2743 2059 2966 2130 ἔμελλον
2990 2060 3039 2111 οί
3071 2057 3298 2127 ὕστερον
3329 2056 3729 2128 ἀθροιζόμενοι,
3760 2054 3989 2124 ἀφορμὴ
4017 2052 4071 2105 δὲ

2486 2154 2601 2214 τοῖς
2658 2144 2870 2223 Ἀρείου
2911 2150 3201 2214 θιασώταις
3248 2151 3279 2217 ή
3316 2150 3412 2216 τῆς
3456 2147 3771 2215 ἐπωνυμίας
3804 2146 4070 2215 ταυτότης

2489 2244 2697 2311 ἐγίνετο
2720 2242 3017 2311 ἐξαπάτης,
3046 2245 3140 2297 καὶ
3165 2241 3439 2311 βουκολεῖν
3469 2239 3699 2310 ήμελλον
3721 2239 3848 2300 τοὺς
3880 2237 4071 2301 ἁπλοῖς

2488 2336 2645 2406 ήθεσι
2686 2336 3080 2405 κεχρημένους,
3128 2333 3235 2387 ἀπὸ
3259 2332 3493 2394 Νικαίας
3543 2331 3637 2384 καὶ
3664 2329 3869 2398 ταύτην
3902 2345 4072 2400 προσ-

2488 2427 2864 2498 αγορεύοντες,
2899 2428 2994 2482 καὶ
3022 2428 3099 2491 ὡς
3146 2428 3243 2499 τὴν
3292 2425 3530 2479 παλαιὰν
3572 2424 3787 2493 ἐκείνην
3830 2423 4073 2493 προσφέ-

2492 2538 2698 2592 ροντες,
2753 2520 2996 2574 διέλυσεν
3037 2522 3065 2573 ὁ
3106 2520 3213 2572 τῶν
3253 2516 3585 2589 Ἐκκλησιῶν
3618 2515 4074 2587 προμηθούμενος

2489 2610 2552 2665 τὸ
2579 2611 2879 2682 συνέδριον.

3040 2730 3043 2734 ’
3078 2743 3328 2797 ΚΕΦΑΔ.
3364 2741 3492 2795 KB’.

2492 2860 2630 2928 Περὶ
2678 2859 2790 2927 τῆς
2830 2859 2900 2913 ἐν
2946 2857 3268 2924 Σελευκείᾳ
3328 2856 3437 2928 τῆς
3493 2855 3787 2924 ἰσαυρίας
3833 2869 4078 2923 τετε-νη-

3015 2929 3205 2996 μένης
3238 2927 3526 2979 συνόδου.

2560 3020 2767 3089 Χρόνου
2814 3019 2869 3072 δὲ
2901 3018 3224 3083 διελθόντος,
3267 3018 3372 3071 ὑπὸ
3402 3017 3511 3070 τῶν
3548 3015 3802 3082 Εύδοξίου
3836 3017 4078 3083 κατηγό-

2494 3131 2602 3183 ρων
2638 3111 3002 3181 ὑπομνησθεὶς
3030 3110 3058 3162 ὁ
3084 3110 3484 3172 Κωνστάντιος,
3521 3110 3601 3171 εἰς
3627 3107 3956 3160 Σελεύκειαν
3981 3108 4078 3173 τὴν

2491 3204 2706 3257 σύνοδον
2763 3202 3017 3271 γενέσθαι
3073 3200 3409 3272 προσέταξε’
3464 3200 3620 3261 πόλις
3675 3198 3731 3252 δὲ
3784 3198 3930 3267 αὕτη
3982 3198 4077 3267 τῆς

803 3294 973 3347 totius
1001 3290 1179 3361 gentis
1236 3289 1449 3343 urbium
1495 3288 1753 3356 princeps
1780 3294 1833 3339 et
1868 3294 2048 3354 caput.
2105 3283 2183 3337 Ad
2244 3284 2385 3337 hanc

2500 3296 2768 3366 Ἰσαυρίας
2800 3296 2935 3366 πρὸς
2961 3298 3028 3366 τῇ
3054 3295 3297 3363 θαλάττῃ
3327 3295 3579 3363 κειμένη,
3608 3294 3702 3346 καὶ
3726 3292 3835 3344 τῶν
3868 3293 4077 3359 ὁμοφύ-

804 3381 1288 3451 convenirejussit
1313 3378 1609 3432 orientales
1639 3378 1956 3446 episcopos,
1993 3374 2158 3445 893
2200 3373 2386 3427 Perni-

804 3490 903 3527 eos
930 3474 1093 3527 etiam
1119 3479 1175 3523 et
1200 3470 1454 3524 Asianos.
1504 3466 1749 3520 Praeerat
1809 3477 1989 3521 autem
2016 3482 2082 3520 eo
2138 3475 2380 3535 tempore

802 3564 1068 3635 Casarege
1083 3560 1306 3631 quidem
1333 3558 1620 3627 metropoli
1645 3557 1949 3613 Palaestina:
1973 3558 2231 3619 Aeacius,
2262 3572 2386 3611 suc-

805 3672 991 3711 cessor
1010 3652 1257 3716 Eusebii,
1289 3666 1451 3720 quem
1480 3650 1738 3704 Acacium
1767 3649 2011 3720 synodus
2039 3647 2385 3703 Sardicensis

806 3749 1088 3805 abdicarat
1134 3765 1148 3800 :
1184 3744 1279 3799 sed
1308 3744 1377 3807 is,
1416 3750 1495 3796 tot
1527 3741 1849 3812 pontiﬁcum
1907 3750 2091 3811 spreta
2137 3741 2385 3793 multitu-

807 3842 957 3902 dine,
1013 3837 1343 3894 sentcntiam
1397 3844 1591 3888 contra
1652 3848 1712 3888 se
1761 3834 1927 3886 latam
1976 3848 2085 3887 non
2140 3832 2383 3886 admisit.

808 3930 1313 3999 Hierosolymorum
1348 3940 1500 3991 vero,
1538 3932 1662 3995 post
1685 3923 1982 3978 Maearium
2026 3924 2202 3989 illum,
2228 3923 2388 3988 cujus

806 4039 835 4074 a
905 4036 993 4075 me
1051 4034 1197 4088 saepe
1254 4015 1399 4071 facta
1450 4024 1535 4070 est
1574 4014 1804 4077 mentio,
1846 4013 2165 4068 cathedram
2216 4014 2390 4066 tenuit

807 4113 1097 4174 Maximus,
1128 4112 1210 4163 vir
1241 4108 1516 4177 susceptis
1548 4106 1766 4177 pietatis
1793 4120 1962 4159 causa
1991 4104 2388 4160 certaminibus

809 4204 1041 4259 illustris
1084 4216 1097 4253 :
1126 4202 1211 4254 cui
1239 4210 1292 4254 et
1323 4199 1518 4253 oculus
1543 4199 1736 4253 dexter
1761 4188 1964 4253 erutus.
1984 4197 2106 4261 fuit,
2130 4207 2182 4251 et
2211 4197 2387 4251 dextri

810 4296 962 4366 pedis
983 4292 1226 4362 suﬂ'rago
1265 4291 1507 4345 succisa.
1542 4289 1656 4343 Hoc
1695 4288 1890 4344 deinde
1926 4288 1993 4345 ad
2025 4288 2386 4344 immortalem

809 4389 975 4441 vitam
1006 4386 1296 4449 translato,
1328 4384 1594 4453 Cyrillus,
1621 4382 1822 4437 alacris
1849 4390 1904 4436 et
1941 4391 2226 4450 promptus
2258 4396 2388 4450 apo-

808 4480 1132 4535 stolicorum
1165 4478 1482 4556 dogmatum
1505 4484 1908 4546 propugnator,
1934 4475 2233 4544 episcopali
2264 4489 2390 4543 gra-

2486 3390 2592 3443 ὶων
2619 3389 2825 3441 πόλεων
2854 3386 3132 3456 ἡγουμένη
3152 3401 3165 3415 ο
3198 3389 3279 3449 είς
3307 3385 3509 3455 ταύτην
3542 3384 3904 3456 ἀθροισθῆναι
3954 3384 4077 3444 τους

2485 3484 2583 3551 τῆς
2614 3479 2754 3551 ἑῴας
2779 3480 3125 3541 ἐπισκόπους,
3160 3478 3255 3530 καὶ
3291 3477 3392 3546 μέν
3429 3476 3493 3547 δὴ
3527 3478 3616 3530 καὶ
3648 3478 3773 3538 τοὺς
3802 3476 3903 3542 τῆς
3937 3477 4075 3527 Πον-

2486 3572 2664 3642 τικῆς,
2708 3571 2804 3623 καὶ
2833 3572 2959 3628 τοὺς
2998 3571 3097 3638 τῆς
3141 3569 3395 3638 Ἀσιανῆς
3429 3567 3791 3638 παρηγγύησε
3814 3566 3881 3617 ⁸³.
3922 3566 4076 3616 Κατά

2487 3664 2678 3719 τοῦτον
2705 3662 2762 3716 δὲ
2784 3662 2875 3715 τὸν
2912 3660 3124 3731 καιρὸν,
3155 3659 3495 3729 Καισαρείας
3529 3660 3625 3727 μὲν
3650 3658 3750 3726 τῆς
3784 3656 4078 3709 Παλαιστί-

2487 3770 2593 3805 νων
2626 3750 3008 3822 μητροπόλεως
3047 3748 3301 3811 Ἀκάκιος
3330 3750 3535 3818 ἡγεῖτο,
3571 3747 3958 3814 διαδεξαμενος
3982 3748 4075 3797 τὸν

2490 3843 2775 3897 Εὑσέϐιον.
2802 3840 3006 3893 Τοῦτον
3035 3839 3089 3893 δὲ
3115 3840 3207 3892 τὸν
3245 3840 3497 3892 ’Δκάκιον
3527 3840 3559 3908 ἡ
3599 3840 3656 3890 ἐν
3682 3837 3921 3904 Σαρδικῇ
3952 3853 4076 3888 συν-

2490 3932 2839 4004 αθροισθεῖσα
2883 3931 3099 3992 σύνοδος
3128 3930 3505 4000 ἀπεκήρυξεν·
3552 3928 3689 3983 ἀλλά
3718 3927 3817 3998 τὴν
3856 3928 4076 3997 ἐξενεχ-

2491 4026 2676 4078 θεῖσαν
2708 4025 2809 4077 οὐκ
2849 4022 3062 4087 ἐδέξατο
3088 4023 3287 4091 ψῆφον,
3323 4021 3577 4074 τοσούτου
3618 4019 3856 4091 πλήθους
3886 4021 4074 4089 ἀρχιε-

2493 4116 2632 4187 ρέων
2674 4116 3113 4185 καταφρονήσας.
3149 4113 3272 4165 Τῶν
3310 4112 3365 4165 δέ
3397 4129 3460 4181 γε
3507 4110 3896 4181 Ἰεροσολύμων
3933 4112 4073 4180 μετὰ

2490 4194 2776 4277 Μακάρων
2828 4207 3053 4265 ἐκεῖνον,
3098 4199 3163 4257 οὗ
3189 4204 3448 4267 πολλάκις
3487 4203 3786 4274 ἐμνήσθην,
3819 4202 4075 4271 Μάξιμος

2490 4300 2587 4369 τὴν
2632 4296 2921 4368 προεδρίαν
2978 4295 3302 4367 παρέλαϐεν,
3352 4296 3493 4365 ἀνὴρ
3548 4298 3605 4348 ἐν
3652 4296 3763 4356 τοῖς
3804 4294 3948 4363 ὑπὲρ
3977 4294 4071 4346 εύ-

2492 4389 2705 4452 σεϐείας
2741 4387 3050 4460 διαπρέψας
3076 4388 3285 4454 ἀγῶσι·
3313 4387 3405 4440 τόν
3441 4404 3500 4439 τε
3530 4386 3641 4456 γάρ
3671 4384 3842 4449 δεξιὸν
3863 4385 4071 4453 ὀφθαλ-

2494 4481 2593 4550 μδν
2636 4480 2903 4549 ἀφῄρητο,
2936 4477 3085 4557 [ΗΟ]
3129 4478 3356 4545 καὶτῆς
3394 4478 3637 4546 ἀγκύλης
3677 4478 3940 4547 ἐστέρητο
3972 4480 4069 4547 τῆς

808 4573 887 4624 tia
919 4578 973 4625 et
998 4570 1205 4622 honore
1238 4567 1474 4622 donatus
1514 4576 1621 4622 est.
1666 4567 1730 4621 lli
1778 4567 1847 4621 de
1870 4567 2106 4636 primatu
2143 4567 2287 4621 inter
2330 4582 2386 4621 se

2491 4570 2688 4634 δεξιᾶς.
2722 4569 2922 4621 Τούτου
2969 4567 3023 4620 δὲ
3053 4569 3133 4631 εἰς
3171 4567 3262 4621 τὸν
3294 4570 3486 4638 ἀγήρω
3516 4570 3883 4638 μεταστάντος
3935 4566 4069 4636 βίον,

804 4658 1229 4724 contendentes,
1283 4657 1647 4711 maximorum
1703 4656 1974 4710 malorum
2015 4666 2270 4709 auctores
2308 4656 2386 4708 rei

2494 4630 2761 4719 Κύριλὶος
2816 4657 2915 4725 τῆς
2982 4630 3354 4726 ἐπισκοπικῆς
3390 4630 3619 4728 ¹ὶάρίτος
3668 4657 3898 4728 ἠξιώθη,
3935 4630 4074 4710 ’τῶν

811 4750 1047 4821 publica:
1067 4749 1237 4803 luere.
1256 4747 1494 4802 Aeacius
1515 4747 1682 4812 enim,
1704 4746 1806 4801 levi
1835 4755 2050 4815 arrepta
2076 4745 2385 4809 occasione,

810 4844 1074 4915 Cyrillum
1107 4841 1382 4911 deposuit,
1410 4841 1726 4910 expulitque
1752 4838 2143 4909 Hierosolymis
2173 4855 2186 4891 :
2215 4836 2391 4908 Cyril-

816 4938 903 4992 lus
933 4950 1063 4989 vero
1093 4933 1405 4994 Antiochia,
1447 4946 1609 5001 quam
1641 4939 1861 5003 pastore
1892 4930 2141 4986 orbatam
2166 4929 2388 5000 reperit,

819 5028 1206 5099 praetermissa,
1249 5023 1481 5079 Tarsum
1508 5031 1726 5094 petens,
1752 5037 1876 5077 cum
1913 5022 2223 5077 admirabili
2281 5022 2391 5077 Sil-

816 5132 958 5172 vanu
1022 5116 1245 5181 mansit,
1303 5117 1397 5186 qui
1455 5114 1713 5169 Ecclesiae
1777 5124 1910 5167 tunc
1960 5123 2213 5184 prwerat.
2269 5113 2390 5179 Quo

817 5208 1038 5281 cognito
1089 5213 1108 5232 '
1172 5211 1408 5263 Aeacius
1467 5207 1535 5261 ad
1586 5205 1869 5260 Silvanum
1929 5207 2174 5275 scripsit,
2232 5206 2393 5276 eique

817 5301 1005 5372 Cyrilli
1040 5300 1440 5371 depositionem
1488 5297 1770 5353 indicavit.
1808 5296 1878 5351 At
1912 5297 2003 5351 ille
2035 5306 2090 5351 et
2126 5297 2393 5369 Cyrillum

821 5394 1112 5459 reveritus,
1147 5400 1202 5447 et
1232 5392 1493 5463 populum
1521 5398 1797 5455 metuens,
1828 5390 1924 5460 qui
1950 5387 2139 5461 Cyrilli
2171 5390 2397 5443 institu-

822 5482 1062 5543 tionibus
1111 5486 1515 5557 iucundissime
1562 5482 1865 5549 lruebatur,
1904 5482 1973 5537 ab
2015 5470 2393 5538 ecclesiastico

2493 4741 2869 4802 ἀποπολικῶν
2889 4748 3175 4817 δογμάτων
3204 4748 3495 4820 προθύμως
3524 4749 3879 4819 ὑπερμαχῶν.
3912 4741 4073 4801 υῦτοι

2496 4839 2633 4912 πρὸς
2678 4838 2940 4909 ἀλλήλους
2975 4840 3102 4911 περὶ
3154 4840 3449 4911 πρωτείων
3486 4839 3938 4908 φιλονεικοῦντες,
3979 4857 4077 4909 με-

2495 4932 2694 5000 γίστων
2725 4928 2908 4983 κακῶν
2944 4933 3056 4994 τοῖς
3107 4933 3304 4994 κοινοῖς
3334 4932 3379 4970 ⁸⁸
3405 4930 3653 5000 ἐγένοντο
3696 4931 3970 5001 πρόξενοι.
4017 4931 4076 4982 Ὀ

2501 5024 2599 5094 μὲν
2644 5022 2753 5095 γὰρ
2812 5022 3085 5087 Ἀκάκιος,
3140 5023 3341 5094 μικράς
3391 5039 3544 5085 τινας
3572 5022 3746 5093 εὑρὼν
3792 5024 4077 5092 ἀφορμὰς,

2496 5114 2712 5169 καθεῖλε
2746 5114 2837 5167 τδν
2865 5112 3150 5184 Κύριλλον,
3190 5115 3283 5168 καὶ
3311 5112 3422 5166 τῶν
3462 5113 3852 5185 Ἰεροσολύμων
3883 5115 4082 5184 ἐξήλα-

2498 5226 2623 5263 σεν·
2660 5210 2688 5261 ὁ
2734 5208 2792 5261 δέ
2841 5206 3130 5275 Κύριλλος,
3164 5206 3264 5275 τὴν
3311 5205 3411 5276 μέν
3449 5206 3779 5275 ’Δντιόχειαν
3830 5208 4079 5277 παρελή-

2498 5288 2660 5363 λυθε,’
2696 5299 2953 5371 ποιμένος
2997 5297 3166 5369 αὐτὴν
3218 5299 3593 5369 ἐστερημένην
3643 5297 3853 5368 εὑρών·
3891 5302 3975 5361 είς
4024 5300 4081 5353 δὲ

2504 5390 2716 5463 Ταρσὸν
2760 5390 3112 5460 ἀφικόμενος,
3151 5389 3228 5460 τῷ
3262 5389 3549 5461 θαυμασίῳ
3602 5390 3764 5459 συνῆν
3804 5391 4078 5461 Σιλδανῷ.

2502 5477 2669 5546 Οὗτος
2708 5483 2814 5554 γάρ
2848 5484 2969 5536 κατ’
2995 5482 3203 5535 ἐκεῖνον
3229 5482 3321 5535 τὸν
3364 5481 3554 5554 χρόνον
3577 5482 3620 5513 ⁸³
3648 5481 3870 5553 ἐκείνης
3890 5485 4080 5555 ήγεῖττ

2132 5658 2369 5714 VABUE
2406 5652 2811 5715 LECTIONES.

892 5775 933 5808 θ’
970 5793 1045 5828 πα
1053 5792 1185 5846 ρεγγ

831 5846 939 5912 per.
978 5844 1101 5903 Bas.
1133 5844 1308 5903 Orare.
1341 5853 1389 5900 et
1424 5844 1614 5916 Steph.

1191 5815 1204 5829 .
1238 5775 1360 5831 Bas.
1395 5774 1570 5831 Graec.
1646 5774 1691 5806 “
1723 5772 1799 5828 Ita
1824 5771 2011 5844 Steph.
2040 5774 2075 5830 ε
2096 5782 2148 5831 et
2172 5775 2334 5830 Allat.
2370 5771 2476 5831 Sed
2515 5772 2640 5831 Bas.
2671 5781 2727 5830 et
2764 5769 2953 5843 Steph.
2990 5772 3017 5827 1
3046 5771 3321 5829 habebant
3348 5774 3461 5837 τοῖς
3498 5774 3793 5835 κοινωνοῖς.
3872 5771 3921 5805 ’³
3957 5789 4075 5826 xst-
