4206 6450
199 398 333 463 ltt65

1164 387 1757 452 ECCLESIASTIC£
1799 386 2181 446 llISTORl.E
2226 388 2366 445 LIB.
2414 387 2493 446 ll.

3316 388 3450 455 1066

192 508 290 574 τῆς
325 503 676 575 Ἑκκλησίας.
706 498 876 553 Τοῦτο
907 496 1092 568 μαθὼν
1118 497 1147 549 6
1189 495 1462 557 Ἀκάκιος,
1494 491 1769 545 ἐπέστειλε

1899 507 2055 563 psum
2082 492 2387 546 ministerio
2412 506 2518 545 non
2542 490 2845 560 prohibuit.
2874 491 2973 547 Ubi
3000 508 3127 548 vero
3150 492 3453 552 Seleuciam

194 595 268 665 τῷ
301 593 571 663 Σιλϐανῷ,
596 592 689 645 καὶ
713 590 812 660 τὴν
838 586 1154 656 καθαίρεσιν
1178 584 1272 637 τοῦ
1302 583 1569 655 Κυρίλλου
1598 598 1662 652 με
1671 582 1773 651 μή·

193 703 378 739 νυκεν.
432 687 495 737 Ὀ
544 683 624 747 δὲ,
651 683 748 735 καὶ
787 680 879 734 τὸν
920 677 1188 749 Κύριλλον
1217 675 1553 745 αἰδούμενος,
1588 675 1686 726 καὶ
1714 672 1775 725 τδ

193 775 399 845 πλῆθος
429 774 802 845 ὑφορώμενος,
853 771 1047 842 ἥδιστα
1091 770 1200 839 γάρ
1231 768 1331 839 τῆς
1380 766 1475 819 τοῦ
1507 764 1773 835 Κυρίλλου

191 867 543 930 διδασκαλίας
584 866 852 937 άπήλαυε,
882 863 981 933 τῆς
1026 860 1484 929 ὲκκλησιαστικῆς
1514 858 1613 910 ούκ
1641 857 1777 909 ἑκώ-

192 962 319 1015 λυσε
348 959 716 1031 λειτουργίας.
754 955 973 1026 Ἐπειδὴ
996 954 1053 1007 δὲ
1075 953 1333 1023 συνῆλθον
1359 953 1438 1013 είς
1457 950 1555 1020 τὴν
1585 949 1776 1002 Σελεύ-

191 1071 373 1117 κειαν,
410 1052 685 1106 ἐκοινώνει
736 1050 835 1122 μὲν
874 1053 987 1113 τοῖς
1022 1046 1166 1117 ἀμφὶ
1204 1046 1297 1099 τὸν
1353 1043 1649 1107 Βασίλειον,
1684 1042 1778 1095 καὶ

193 1147 520 1209 Εύστάθιον,
556 1146 650 1199 καὶ
682 1144 962 1208 Σιλϐανὺν,
1005 1142 1099 1196 καὶ
1129 1140 1255 1203 τοὺς
1283 1138 1503 1200 λοιποὺς
1526 1136 1570 1169 ⁵⁸
1601 1138 1629 1190 6
1664 1134 1777 1188 Κύ-

197 1239 380 1310 ριλλος
406 1239 503 1292 τοῦ
537 1238 817 1309 συνεδρίου
844 1236 909 1290 ⁸³.
952 1236 1010 1289 Ὅ
1047 1234 1106 1289 δέ
1136 1249 1201 1303 γε
1254 1231 1507 1293 ’Δκάκιος
1553 1228 1781 1297 ἀφίκετο

197 1331 295 1400 μὲν
323 1333 417 1384 καὶ
444 1331 604 1394 αύτδς
631 1330 768 1402 πρὸς
807 1330 934 1386 τοὺς
962 1325 1383 1397 συνεληλυθότας
1417 1320 1744 1383 ἐπισκόπους
1762 1336 1775 1349 ·

194 1425 540 1493 πεντήκοντα
568 1423 625 1477 δὲ
651 1418 792 1493 ἦσαν
820 1423 914 1475 καὶ
947 1420 1141 1473 ἑκατόν
1161 1433 1175 1448 ·
1212 1416 1415 1485 ἔφασκε
1453 1414 1511 1467 δὲ
1537 1411 1610 1483 μὴ
1644 1412 1781 1483 πρό-

194 1531 354 1585 τερον
385 1514 569 1576 αύτοίς
589 1514 937 1583 κοινωνήσειν
966 1510 1074 1563 τῶν
1098 1508 1501 1580 βουλευμάτων,
1527 1505 1654 1575 πρὶν
1679 1502 1782 1567 ἔξω

1881 590 2271 654 pervenerunt,
2298 582 2540 653 Cyrillus
2565 596 2693 635 eum
2731 582 2950 648 Basilio,
2990 594 3045 639 et
3068 583 3379 652 Eustatliio,
3403 600 3458 642 et

1881 669 2129 734 Silvano,
2164 678 2219 724 et
2263 670 2481 726 caeteris
2526 670 2770 725 concilio
2805 672 2971 745 894
3010 674 3290 731 intererat.
3314 677 3458 731 Aca-

1880 765 2004 819 cius
2036 764 2186 817 venit
2221 762 2442 833 quidem
2474 771 2529 819 et
2551 763 2670 834 ipse
2719 763 2787 818 ad
2833 766 3120 836 episcopos
3151 782 3456 841 congrega—

1881 865 1990 919 tos,
2025 871 2257 911 numero
2288 864 2512 910 centum
2552 864 2605 911 et
2635 858 3059 927 quinquaginta.
3099 860 3194 914 sed
3240 862 3459 931 negavit

1881 963 1941 1003 se
1972 963 2095 1002 cum
2131 948 2266 1018 ipsis
2292 948 2361 1003 de
2385 963 2442 1003 re
2473 948 2581 1001 ulla
2622 950 2773 1018 prius
2801 950 3257 1017 deliberaturum,
3292 969 3457 1024 quam

1880 1041 2143 1111 Cyrillus,
2177 1052 2237 1095 ut
2274 1042 2596 1112 episcopatu
2623 1041 2895 1111 privatus,
2936 1044 3232 1113 ejicere-tur
3265 1061 3295 1101 ο
3328 1062 3460 1101 eon-

1881 1130 2029 1185 cilio.
2066 1130 2251 1201 Itaque
2282 1132 2534 1186 nonnulli
2571 1131 2721 1202 pacis
2757 1133 2990 1189 studiosi
3024 1135 3291 1207 Cyrillum
3337 1151 3461 1191 ora-

1882 1224 2015 1278 bant
2043 1231 2102 1276 ut
2127 1222 2427 1287 recederet,
2466 1227 2847 1293 promittentes
2887 1241 2947 1281 se
2976 1237 3099 1297 post
3143 1231 3459 1301 dogmatum

1881 1313 2289 1369 discussionem
2315 1314 2384 1368 de
2406 1314 2579 1384 ipsius
2600 1329 2767 1370 causa
2789 1316 3220 1388 disceptatores.
3249 1319 3463 1386 Quibus

1882 1419 2009 1459 cum
2043 1420 2254 1461 morem
2293 1420 2402 1459 non
2435 1414 2670 1475 gereret,
2702 1408 2938 1464 Aeacius
2988 1409 3098 1465 illis
3130 1411 3340 1467 relictis
3368 1428 3463 1468 ex-

1883 1498 2054 1553 cessit
2079 1515 2094 1553 :
2128 1506 2182 1553 et
2209 1512 2540 1570 congressus
2566 1514 2691 1553 cum
2718 1499 2983 1564 Eudoxio,
3014 1510 3218 1557 metum
3248 1503 3325 1558 illi
3354 1520 3466 1575 quo

196 1605 453 1673 γενέσθαι
503 1603 598 1658 τοῦ
644 1602 904 1670 συλλόγου
952 1601 1043 1654 τὸν
1104 1598 1391 1671 Κύριλλον,
1428 1596 1523 1650 ἆτε
1570 1594 1634 1665 δὴ
1683 1594 1784 1663 τῆς

1898 1589 2178 1643 tenebatur
2219 1591 2443 1656 exemit,
2490 1589 2858 1662 ﬁduciamque
2897 1592 3127 1658 addidit,
3185 1596 3467 1665 spondens

195 1695 613 1768 ἀρχιερωσύνης
641 1694 1084 1765 γεγυμνωμένον.
1117 1691 1225 1744 Καί
1253 1706 1397 1751 τινες
1427 1688 1527 1757 μὶν
1548 1685 1656 1739 τῶν
1684 1686 1785 1756 τῆς

1898 1694 1947 1733 se
1971 1686 2267 1749 patronum
2300 1681 2380 1734 illi
2426 1682 2751 1752 sociumque
2794 1686 3159 1740 certaminum
3196 1686 3465 1743 futurum.

198 1786 425 1853 εἰρήνης
468 1781 957 1854 προμηθουμένων,
990 1780 1343 1851 ὑποχωρῆσαι
1375 1777 1468 1831 τὸν
1515 1775 1785 1847 Κύριλὶον

1898 1770 1956 1825 Et
2009 1772 2179 1826 vetuit
2224 1772 2449 1843 quidem
2516 1787 2585 1827 ne
2612 1772 2667 1827 in
2713 1774 3008 1830 concilium
3060 1776 3313 1845 intraret,
3372 1779 3469 1836 sed

200 1876 468 1938 ἱκέτευον,
518 1871 937 1942 ὑπισχνούμενοι
1004 1870 1141 1941 μετὰ
1186 1869 1286 1938 τὴν
1335 1866 1446 1919 τῶν
1497 1864 1784 1933 δογμάτων

1898 1862 2424 1933 Constantinopolim
2466 1878 2594 1918 cmn
2632 1880 2698 1919 eo
2730 1865 3014 1933 profectus
3038 1876 3145 1923 est.

195 1968 497 2038 διάκρισιν,
531 1968 623 2017 καὶ
656 1964 755 2034 τὴν
784 1965 904 2016 κατ’
942 1962 1106 2015 αὑτὸν
1134 1958 1409 2023 εξετάζειν
1438 1957 1695 2011 ὑπόθεσιν
1731 1955 1797 2008 ⁸⁸.
1849 1955 2069 2027 Ἐπειδὴ
2097 1955 2154 2008 δὲ
2188 1957 2289 2009 ούκ
2356 1952 2490 2023 εἶξε,
2523 1956 2839 2012 καταλιπὼν
2872 1959 2971 2029 μὲν
2993 1960 3189 2025 αὐτοὺς
3218 1964 3246 2016 6
3304 1963 3469 2017 Ἀκά-

196 2076 320 2123 κ;ο;
351 2057 708 2129 ἐξελήλυθεν·
740 2054 977 2126 Εύδοξίῳ
1020 2054 1078 2108 δὶ
1118 2054 1535 2123 συγγενόμενος,
1583 2050 1646 2104 τὺ
1690 2050 1790 2121 μὲν
1838 2050 2159 2121 ἐγκείμενον
2198 2050 2426 2122 ἐξήλασε
2463 2052 2602 2120 δέος,
2671 2051 2875 2125 θάρσος
2940 2053 2996 2107 δὲ
3043 2056 3288 2127 ἐνέθηκε,
3342 2076 3470 2111 συν-

197 2156 403 2224 ήγορος
462 2152 625 2206 αύτοῦ
687 2151 784 2205 καὶ⁵
848 2150 1253 2219 συναγωνιστὴς
1300 2147 1728 2219 ὑπισχνούμενος
1766 2147 1811 2178 ⁸⁷
1849 2146 2092 2199 ἔσεσθαν
2144 2147 2241 2200 καὶ
2279 2148 2360 2211 είς
2409 2147 2508 2218 μὲν
2554 2147 2615 2202 τὸ
2663 2150 2939 2221 συνέδριον
2983 2150 3246 2207 εἰσελθεῖν
3311 2154 3474 2209 αὐτὸν

196 2245 524 2309 διεκώλυσε,
570 2243 670 2315 τὴν
719 2243 775 2297 δὲ
826 2240 1395 2296 Κωνσταντινούπολιν
1441 2241 1539 2293 σὺν
1586 2238 1784 2310 ἐκείνῳ
1822 2238 2112 2292 κατέλαϐε.

800 2336 1049 2389 «seu.
1083 2336 1208 2390 Kl".
2245 2333 2399 2390 CAP.
2434 2331 2626 2389 xxnt.
2667 2332 2753 2407 [8.
2786 2333 2868 2391 St.
2900 2336 2965 2392 v.
2994 2337 3113 2412 ετ]

202 2434 347 2505 Περὶ
395 2432 517 2489 τῶν
541 2432 628 2505 ὲν-
661 2430 1294 2505 Κωνσταττινοινπόλες
1330 2425 1792 2497 συμϐεϐηκότων

1898 2423 1968 2480 De
2006 2426 2073 2480 iis
2130 2443 2246 2497 qua:
2305 2427 2772 2505 Constantinopoli
2842 2429 3154 2487 orthodoxi:
3212 2436 3472 2504 episcopis

541 2503 666 2569 τοῖς
696 2500 1038 2569 όρθοδόεοις
1073 2499 1449 2565 ἐπισκόποις.

2507 2500 2856 2568 contigerunt.

277 2597 662 2659 Κωνστάντιος
694 2593 803 2665 γὰρ
833 2593 942 2647 ἀπὸ
972 2592 1072 2663 τῆς
1101 2592 1339 2662 ἑσπέρας
1366 2588 1699 2655 ιπανελθὼν,
1732 2590 1795 2658 ἐν⁴

1962 2588 2041 2645 lbi
2070 2596 2203 2645 tunc
2233 2589 2380 2645 enim
2409 2589 2775 2649 Constantius
2798 2592 2869 2648 ab
2899 2591 3195 2651 Occidente
3215 2612 3478 2654 reversus

204 2690 383 2759 ταύτῃ
408 2687 670 2757 διέτριϐε.
699 2685 874 2739 Πολλὰ
899 2684 956 2738 δὲ
980 2683 1089 2742 τῶν
1116 2682 1550 2752 συνεληλυθότων
1578 2682 1670 2735 ἐπὶ
1695 2681 1792 2735 τοῦ

1898 2683 2364 2739 commorabatur.
2422 2683 2581 2754 Apud
2622 2699 2787 2754 quem
2846 2700 2971 2741 cum
3029 2687 3326 2759 episcopos
3375 2688 3477 2745 Se-

211 2780 483 2850 βασιλέως
527 2778 934 2849 κατηγορήσας,
978 2777 1071 2831 καὶ
1114 2774 1369 2845 σύστημα
1405 2774 1663 2845 πονηρῶν
1696 2775 1794 2828 ἁνι-

209 2872 453 2943 θρὼπων
490 2869 855 2935 ἀποκαλέσας,
886 2868 970 2920 ἐπ’
1001 2865 1208 2937 ὀλέθρῳ
1232 2866 1327 2919 καὶ
1356 2865 1501 2938 λύμῃ
1525 2866 1633 2919 τῶν
1673 2866 1796 2919 Ἐκ-

209 2963 457 3033 κλησιῶν
489 2959 785 3031 συγκροτού
794 2975 975 3028 μενον,
1003 2959 1094 3012 τὸν
1121 2956 1383 3028 βασιλέως
1405 2957 1578 3027 ἀνῆψε
1600 2958 1793 3028 θυμόν.

211 3055 260 3128 μ
283 3053 371 3127 tl]
417 3054 533 3124 Οὐχ
563 3054 764 3122 ἥκιστα
788 3051 847 3105 δὲ
894 3050 1057 3105 αὐτὸν
1101 3049 1401 3121 χαλεπῆναι
1432 3049 1733 3119 πεποίηκεν
1762 3048 1798 3103 ἃ

210 3148 361 3203 κατά
388 3146 485 3200 τοῦ
518 3143 786 3215 Κυρίλλου
821 3142 1150 3197 συντέθεικε.
1198 3142 1309 3213 Τὴν
1342 3141 1450 3212 γὰρ
1486 3140 1639 3211 ἱερὰν
1678 3157 1801 3193 στο-

1890 2776 2083 2832 ιουείω
2102 2782 2466 2845 congregatos
2495 2777 2686 2831 multis
2708 2785 3035 2834 accusasset
3070 2782 3332 2846 Aeacius,
3357 2798 3481 2853 per-

1893 2870 2136 2925 ditorum
2160 2867 2446 2922 hominum
2477 2875 2683 2923 emtum
2718 2870 3025 2941 appellans.
3063 2872 3130 2927 ad
3178 2875 3481 2944 perniciem

1896 2961 2238 3032 exitiumque
2288 2958 2665 3016 Ecclesiarum
2704 2974 3089 3030 convocatum,
3131 2966 3341 3022 exarsit
3375 2967 3482 3021 ira-

1898 3053 2101 3109 cundia
2130 3053 2448 3123 imperator.
2483 3050 2768 3123 Praecipue
2793 3068 2924 3110 vero
2948 3055 3102 3110 illum
3141 3071 3205 3111 ea
3232 3072 3483 3114 commo-

1898 3152 2120 3210 verunt,
2181 3160 2304 3215 qua:
2339 3143 2604 3201 adversus
2661 3144 2929 3215 Cyrillum
2974 3156 3318 3203 commentus
3377 3159 3484 3205 est.

212 3242 335 3310 ἢν,
371 3240 438 3310 ἦν
466 3242 494 3293 6
520 3237 873 3307 πανεύφημος
906 3237 1315 3298 Κωνσταντίνος
1344 3234 1373 3287 6
1420 3234 1672 3304 βασιλεὺς
1704 3234 1795 3304 τὴν

1901 3236 2128 3292 Sacram
2152 3237 2300 3292 enim
2325 3246 2556 3302 vestem,
2580 3238 2765 3293 aureis
2819 3237 2925 3295 Illis
2953 3250 3288 3306 contextam,
3319 3256 3485 3313 quam

227 3331 625 3403 Ἱεροσολύμων
688 3328 1013 3399 Ἐκκλησίαν
1063 3326 1335 3397 γεραίρων
1397 3326 1595 3379 δέδωκε
1624 3326 1670 3358 ⁸⁸
1723 3327 1795 3395 τῷ

1905 3330 2055 3385 omni
2106 3329 2270 3385 laude
2305 3330 2671 3386 celebrandus
2714 3330 3116 3390 Constantinus
3162 3336 3486 3406 imperator,

214 3423 497 3494 Μακαρεῳ
521 3422 600 3492 τῷ
629 3420 733 3491 τῆς
765 3421 970 3484 πόλεως
1003 3420 1217 3490 ἐκείνης
1243 3419 1510 3490 ἀρχιερεῖ,
1552 3420 1640 3471 ἴνα
1672 3418 1801 3472 ταύ-

214 3535 319 3589 την
377 3514 856 3587 περιϐαλλόμενος,
911 3512 1013 3583 τὴν
1063 3510 1159 3565 τοῦ
1221 3511 1367 3565 θείου
1430 3512 1800 3581 βαπτίσματος

218 3611 447 3682 ἐπιτελῇ
464 3607 821 3679 λειτουργίαν,
848 3609 909 3662 lx
929 3608 1146 3680 χρυσῶν
1167 3608 1221 3661 δὲ
1235 3606 1373 3677 αὕτη
1400 3604 1805 3660 κατεσκεύαστο

218 3702 509 3775 νημάτων,
539 3702 886 3772 πεπρακέναι
911 3701 1002 3754 τὸν
1034 3699 1300 3770 Κύριλλον
1325 3698 1452 3769 ἔφη,
1486 3698 1580 3752 καὶ
1601 3698 1805 3767 ταύτην

218 3799 346 3852 τινὰ
377 3794 490 3848 τῶν
540 3794 633 3847 ἐπὶ
665 3793 765 3863 τῆς
793 3791 1034 3865 θυμέλης
1078 3789 1449 3861 λυγιζομένων
1481 3790 1805 3861 πριάμενον,

222 3886 619 3959 περιϐαλέσθαι
665 3885 781 3955 μὲν,
838 3883 1168 3956 ὀρχούμενον
1214 3882 1271 3936 δὲ
1303 3883 1509 3943 πεσεῖν,
1557 3882 1651 3935 καὶ
1686 3897 1810 3933 συν-

224 3980 512 4049 τριϐῆναι,
567 3978 663 4031 καὶ
718 3975 933 4046 θανάτῳ
978 3974 1366 4047 παραδοθῆναι.
1403 3973 1621 4036 Τοῦτον,
1680 3972 1805 4040 ἔφη,

223 4072 490 4126 κοινωνὸν
523 4070 757 4141 ἔχοντες,
787 4067 992 4140 κρίνειν
1025 4068 1118 4121 καὶ
1142 4069 1257 4130 τοῖς
1288 4066 1468 4129 ἄλλοις
1490 4066 1534 4097 ⁶⁹
1568 4063 1811 4129 δικάζειν

225 4162 593 4234 ἐπιχειροῦσι.
633 4162 851 4231 Ταύτην
877 4160 1132 4225 λαϐόντες
1170 4159 1269 4232 τὴν
1292 4160 1548 4231 ἀφορμὴν
1578 4158 1687 4211 τῶν
1717 4158 1812 4228 βα-

229 4256 458 4309 σιλείων
489 4256 538 4308 οι
582 4254 1064 4325 προστατεύοντες,
1116 4251 1363 4309 πείθουσι
1417 4251 1509 4304 τὸν
1566 4250 1810 4321 βασιλέα,

233 4348 313 4418 μὴ
338 4348 524 4400 πᾶσαν
552 4347 803 4417 ἀθροῖσαι
831 4346 877 4378 ’⁸
907 4345 1005 4417 τὴν
1028 4344 1264 4408 σύνοδον,
1295 4344 1563 4399 ἐδεδίεσαν
1588 4343 1696 4413 γὰρ
1718 4341 1814 4396 τοῦ

232 4439 477 4510 πλήθους
504 4439 601 4509 τὴν
624 4438 961 4508 συμφωνίαν,
984 4438 1117 4492 ἀλλὰ
1146 4438 1276 4492 δέκα
1301 4438 1426 4501 τοὺς
1454 4436 1811 4506 ἡγουμένους.

244 4536 337 4588 Ἑν
366 4534 578 4598 τούτοις
633 4531 934 4594 Εύστάθιος
977 4527 1045 4601 ἦν
1090 4530 1119 4583 6
1166 4530 1263 4598 τῆς
1308 4528 1687 4599 Ἀρμενίαςτί,
1723 4527 1816 4580 καὶ

232 4625 521 4688 Βασίλειος
552 4623 580 4674 6
604 4623 704 4692 τῆς
739 4621 1086 4685 Γαλατίαςτί,
1118 4621 1213 4675 καὶ
1239 4619 1493 4683 Σιλϐανδς
1520 4621 1548 4672 ὁ
1576 4616 1812 4689 Ταρσοῦ,

232 4720 332 4773 καὶ
374 4716 647 4780 Ἐλεύσιος
680 4716 710 4768 6
743 4715 1004 4779 Κυζίκου.
1030 4705 1189 4768 Οὗτοι
1217 4712 1649 4783 παραγενόμενοι
1679 4726 1819 4780 παρ-

1849 4665 1895 4721 D

1902 3423 1968 3477 ad
2000 3422 2466 3478 cohonestandam
2488 3420 2993 3494 Hierosolymorum
3018 3424 3342 3489 Eeelesiam,
3373 3426 3490 3480 Ma-

1904 3515 2061 3569 cario
2093 3513 2243 3568 illius
2270 3513 2425 3569 urbis
2455 3514 2719 3585 episcopo
2749 3515 3006 3581 donarat,
3026 3524 3108 3583 ut,
3131 3532 3194 3572 ea
3220 3515 3385 3587 895
3411 3517 3492 3572 in-

1906 3608 2097 3671 dutus,
2132 3606 2305 3661 divini
2338 3607 2597 3676 baptismi
2639 3606 2906 3662 solemnia
2936 3607 3265 3673 celebraret,
3301 3609 3491 3665 vcndi—

1907 3699 2057 3754 disse
2090 3697 2274 3752 aiebat
2317 3697 2606 3768 Cyrillum,
2650 3706 2706 3753 et
2756 3698 2901 3753 hanc
2933 3710 3237 3756 mercatum
3278 3701 3493 3772 thyme-

1911 3791 2075 3844 licmn
2110 3789 2400 3860 quemdam
2456 3790 2797 3856 saltatorem,
2830 3806 2956 3846 cum
3012 3792 3205 3848 eadem
3253 3794 3493 3849 amictus

1911 3883 2160 3950 saltaret,
2190 3884 2403 3954 lapsum
2430 3899 2577 3949 esse,
2615 3899 2859 3956 casuque
2886 3885 3152 3941 obtritum
3192 3886 3491 3943 interiisse.

1911 3975 2055 4040 Tali,
2088 3977 2287 4048 inquit,
2328 3992 2454 4031 cum
2506 3976 2660 4032 socio
2708 3976 2981 4047 judicare,
3015 3979 3193 4049 deque
3211 3979 3335 4035 aliis
3364 3995 3494 4035 sen-

1912 4070 2115 4126 tentias
2150 4070 2295 4125 ferre
2324 4068 2745 4141 aggrediuntur.
2775 4067 2890 4126 Hac
2928 4078 3150 4141 arrepta
3173 4072 3493 4136 occasione,

1916 4175 2177 4231 proceres
2218 4160 2405 4231 palatii
2464 4160 2803 4232 persuadent
2851 4164 2869 4183 ‘
2911 4161 3252 4231 imperatori,
3294 4177 3355 4217 ut
3386 4180 3494 4218 non

1916 4261 2091 4307 totum
2162 4254 2458 4308 concilium
2525 4253 2919 4323 (multitudinis
2970 4254 3118 4310 enim
3163 4270 3493 4311 consensum

1917 4346 2285 4416 metuebant),
2330 4346 2423 4402 sed
2458 4346 2645 4401 decem
2681 4353 2893 4401 tantum
2920 4349 3230 4419 prteeipuos
3282 4359 3496 4405 evocet.

1917 4434 1973 4489 In
2004 4436 2089 4491 bis
2121 4434 2275 4490 fuere
2300 4433 2627 4491 Eustathius
2655 4434 2950 4503 Armeniae,
2993 4445 3047 4492 et
3073 4438 3308 4495 Basilius
3335 4437 3497 4493 Gala-

1919 4528 2028 4591 tiae,
2055 4537 2109 4583 et
2144 4527 2403 4583 Silvanus
2432 4525 2616 4592 Tarsi,
2645 4536 2699 4583 et
2720 4528 2976 4585 Eleusius
2998 4528 3204 4602 Cyzici.
3245 4530 3348 4598 Qui
3372 4547 3497 4586 eum

1924 4621 2303 4684 advenissent,
2335 4620 2711 4675 hortabantur
2744 4620 3160 4691 imperatorem,
3193 4630 3253 4677 ut
3300 4622 3354 4677 in
3388 4622 3497 4675 En-

1922 4710 2070 4765 doxii
2101 4710 2469 4780 blasphemias
2509 4720 2564 4765 et
2604 4710 2952 4781 iniquitatem
2997 4712 3218 4781 iuberet
3269 4714 3498 4783 inquiri.

233 4808 473 4864 εκάλουν
517 4807 610 4861 τὸν
647 4805 889 4877 βασιλέα,
937 4803 1036 4875 τὴν
1075 4803 1326 4871 Εύδοξέου
1362 4802 1708 4873 βλασφημίαν
1762 4819 1792 4855 τ

1924 4801 2032 4858 Sed
2061 4805 2199 4871 ipse,
2235 4802 2362 4857 aliis
2411 4803 2690 4858 contraria
2722 4806 3168 4875 suggerentibus,
3218 4804 3505 4875 respondit

235 4902 336 4956 καὶ
384 4901 736 4970 παρανομίαν
769 4896 1173 4968 ἐξελεγχθῆναι.
1240 4896 1297 4950 '0
1347 4895 1404 4949 δὲ
1455 4894 1607 4967 παρὰ
1641 4894 1749 4947 τῶν
1777 4895 1795 4925 ⁷

1923 4892 1991 4947 de
2046 4893 2211 4949 rebus
2254 4893 2375 4950 lidei
2400 4894 2578 4951 decidi
2615 4895 2770 4965 prius
2823 4904 3098 4966 oportere,
3159 4906 3273 4952 tum
3306 4896 3503 4952 deinde

235 4993 421 5047 ἄλλων
492 4990 750 5045 τάναντία
810 4988 1213 5059 διδασκόμενος.
1253 4987 1405 5055 ἔλεγε
1453 4986 1648 5058 χρῆναι
1690 4986 1795 5057 πρό

1927 4983 2077 5038 illius
2134 4997 2358 5039 causam
2394 4984 2721 5039 examinari.
2762 4983 3007 5055 Cumque
3069 4986 3325 5053 Basilius,
3390 4988 3503 5056 pri-

235 5101 402 5154 τερον
430 5084 500 5138 τὰ
529 5083 671 5138 κατὰ
699 5082 797 5153 τὴν
823 5082 1005 5135 πίστιν
1050 5080 1416 5151 διακριθῆναι,
1448 5074 1547 5132 εἶθ’
1573 5080 1714 5133 οὕτω
1758 5096 1795 5131 τε

1930 5074 2073 5129 stina
2114 5072 2287 5130 fretus
2322 5074 2711 5138 familiaritate,
2745 5083 3158 5145 nnperatorem,
3194 5084 3253 5130 ut
3282 5086 3504 5147 aposte-

239 5178 365 5232 κατ’
408 5178 617 5231 ἐκεῖνον
647 5173 1021 5244 ἐξετασθῆναι.
1054 5171 1163 5225 Τοῦ
1190 5171 1248 5225 δὲ
1287 5170 1567 5224 Βασιλείου
1600 5173 1664 5240 τῇ
1696 5187 1795 5238 προ

1929 5167 2051 5221 Iicis
2084 5166 2436 5237 dogmatibus
2468 5166 2847 5234 insidiantem,
2894 5167 3123 5223 liberius
3163 5182 3505 5240 eoargueret,

242 5270 380 5340 τέρᾳ⁵
414 5265 672 5338 συνηθείᾳ
721 5264 1117 5337 θαρῤήσαντος,
1150 5264 1246 5317 καὶ
1295 5263 1392 5316 σὺν
1432 5259 1710 5333 ωρῤησίᾳ
1735 5260 1794 5313 τδ

1934 5259 2124 5330 iniquo
2164 5259 2350 5315 animo
2394 5260 2521 5315 tulit
2562 5258 2947 5329 Constantius,
2979 5267 3035 5317 et
3086 5261 3347 5317 Basiliam
3388 5273 3511 5317 tan-

1529 5438 1765 5497 VARIIE
1808 5439 2216 5496 LECTIONES.

327 5542 373 5573 “
395 5541 516 5606 τοῖς
535 5539 762 5603 λοιποῖς.
795 5538 919 5594 Bas.
963 5537 1139 5594 Graec.
1246 5538 1291 5569 ⁸⁸
1326 5533 1565 5606 καὶτῶν
1602 5534 1986 5606 βουλευμάτων
2016 5534 2158 5588 addit
2195 5534 2365 5589 codex
2399 5535 2604 5590 Allatii.
2639 5603 2660 5606 Α
2718 5534 2763 5566 ⁸⁸
2794 5533 2869 5606 Ita
2899 5541 2951 5589 et
2981 5531 3300 5606 Christoph.
3342 5540 3511 5606 recte.

248 5613 353 5667 Sed
392 5602 523 5667 Bas.
566 5602 739 5665 Grec.
763 5620 817 5665 et
840 5609 1028 5679 Steph.
1059 5609 1179 5663 κατ’
1210 5606 1417 5679 αύτῷη
1442 5602 1695 5679 ὑπέθεσιν
1742 5602 2063 5679 ἐξετάζεινίλ
2110 5606 2169 5679 ‘_’_
2189 5606 2578 5679 ὑποσχόμενος.
2630 5603 2764 5679 Bas.
2794 5603 2967 5679 βιαιο.
3006 5674 3018 5679 Δ
3043 5605 3089 5635 ⁸³
3116 5603 3357 5679 δεδωκει.
3386 5602 3514 5660 Bas.

248 5687 426 5737 (inec.
481 5690 535 5737 et
565 5680 752 5744 Sto-ph.
855 5681 899 5711 “
938 5673 1047 5744 τοῖς
1077 5680 1257 5742 ἄλλοις
1279 5677 1372 5730 καὶ
1400 5674 1576 5736 δικαζ.
1613 5675 1736 5729 Bas.
1772 5673 1944 5729 Graec.
2023 5676 2068 5706 "°
2112 5673 2413 5744 ἁθροίσθαι.
2451 5676 2614 5730 Idem.
2725 5674 2766 5704 ⁷¹
2790 5677 2819 5727 6
2850 5674 3153 5743 Ἀρμένιος.
3203 5673 3343 5727 Idem
3389 5689 3512 5744 eum

249 5756 444 5823 Steph.
558 5752 603 5823 7'
652 5742 973 5823 ὁΓαὶάτης.
1023 5742 1208 5804 Iidem.
1319 5748 1366 5778 ⁷³
1414 5745 1488 5801 Ita
1535 5753 1583 5800 et
1632 5745 1822 5816 Steph.
1861 5744 1915 5800 2.
1984 5744 2091 5801 Sed
2138 5744 2261 5802 Bas.
2304 5742 2477 5803 Grece.
2523 5754 2575 5802 ct
2612 5745 2798 5815 Steph.
2842 5745 2858 5797 l
2908 5742 3057 5816 παρὰ
3105 5744 3214 5799 τῶν
3250 5742 3511 5801 τάναντία

249 5820 678 5896 περῳνηκότων
711 5820 1094 5893 διδασκόμενος

540 5915 812 5975 ΡΑΤιιοῐ..
845 5918 959 5975 Cn.
992 5914 1277 5974 LXXXII.
3111 5906 3186 5965 3's
