4206 6450
808 382 935 445 1067
1863 379 2351 441 THEODORETI
2393 378 2731 440 EPISCOPI
2767 379 3133 441 CYRENSIS
3914 375 4053 439 1068

802 509 966 560 quam
987 492 1268 545 turbarum
1302 490 1353 541 in
1385 488 1647 545 Ecelesiis
1670 498 1951 545 auctorem
1982 498 2166 546 tacere
2187 492 2374 558 jussit.

2482 487 2705 558 βασιλέα
2737 490 3128 557 διελέγξαντος,
3179 487 3255 549 ὡς
3280 487 3395 549 τοῖς
3427 485 3804 548 ἀποστολικοῖς
3832 485 4061 541 ἐπιϐου-

800 583 1223 637 (tbmutescente
1286 580 1510 642 Basilio.
1568 580 1891 636 Eustathius
1926 582 2064 635 dixit
2098 602 2112 636 :
2146 583 2375 647 Quando

2476 582 2695 634 λεύοντα
2745 582 3029 651 δόγμασιν,
3078 579 3381 650 ἐχαλέπηνε
3437 580 3533 649 μὲν
3575 581 3604 632 6
3651 579 4055 641 Κωνστάντιος,

801 673 968 742 igitur
993 670 1059 723 de
1100 670 1202 724 fide
1232 669 1527 739 disceptari
1561 670 1757 740 placet,
1789 674 2105 740 imperator,
2142 673 2372 726 Eudoxii

803 763 1171 832 blasphentias
1200 772 1406 819 temere
1459 766 1516 818 in
1579 761 1926 833 Unigenitum
1970 763 2174 819 effusas
2198 766 2377 819 consi-

799 849 948 911 dera.
982 855 1046 909 Et
1081 857 1198 910 lucc
1222 857 1411 911 dicens
1438 855 1727 909 formulam
1766 856 1889 911 fidei
1919 857 1987 909 ab
2012 870 2077 910 eo
2113 858 2374 926 scriptam

798 948 1020 1011 obtulit,
1045 950 1099 1002 in
1122 966 1227 1018 qua
1248 949 1389 1002 inter
1410 957 1605 1001 Cil'lef'ﬂ
1630 947 1797 1017 impie
1812 948 1958 1002 dicta
1984 948 2095 1003 hac
2119 950 2331 1001 inerant
2360 965 2373 1000 :

800 1041 933 1107 Quze
979 1042 1233 1097 dissimili
1271 1041 1434 1093 modo
1493 1040 1874 1110 proferuntur,
1918 1041 2212 1095 dissimilia
2248 1051 2377 1095 sunt

798 1133 1103 1189 secundum
1134 1133 1505 1186 substantiam
1531 1152 1574 1187 ε(
1606 1131 1757 1187 Unus
1790 1131 1930 1186 Deus
1949 1134 2283 1205 896Pater
2311 1152 2374 1189 ex

799 1241 913 1295 quo
939 1226 1146 1289 omnia,
1190 1233 1241 1278 et
1271 1240 1415 1279 unus
1448 1222 1711 1279 Dominus
1769 1224 1930 1280 Jesus
1973 1228 2246 1287 Christus.
2282 1244 2377 1297 per

799 1332 961 1387 quem
986 1317 1205 1370 omnia:
1239 1336 1256 1368 ι
1284 1315 1574 1369 dissimilia
1610 1325 1790 1369 autem
1823 1326 1954 1371 sunt
1983 1334 2047 1371 ex
2076 1335 2176 1387 quo
2198 1328 2253 1373 et
2287 1336 2378 1386 per

797 1426 988 1481 quem:
1014 1408 1296 1463 dissimilis
1317 1422 1448 1477 ergo
1472 1405 1643 1462 Filius
1671 1408 1782 1461 Deo
1803 1420 1857 1463 et
1880 1408 2047 1463 Patri.
2074 1409 2223 1464 lianc
2253 1411 2376 1464 fidei

801 1500 1204 1569 expositionem
1255 1514 1381 1554 cum
1444 1499 1663 1553 recitari
1694 1501 1951 1568 jnssisset
1997 1500 2375 1565 Constantius,

799 1590 1082 1659 impietate
1134 1589 1225 1642 illa
1288 1588 1640 1642 Vehementer
1685 1598 2013 1651 commotus,
2065 1587 2375 1642 Eudoxium

797 1680 1183 1751 interrogavit,
1216 1687 1397 1733 utrum
1448 1680 1567 1748 ipse
1622 1680 1729 1734 ista
1760 1680 2099 1749 scripsisset.
2150 1679 2379 1752 Negavit

794 1773 1071 1842 extemplo
1099 1780 1150 1825 et
1176 1770 1392 1825 Aetium
1416 1771 1708 1840 scripsisse
1741 1770 2038 1841 respondit.
2070 1772 2167 1825 llic
2194 1782 2373 1825 autem

2476 675 2699 744 σιγῆσαι
2726 675 2773 705 ⁷⁸
2805 674 2862 727 δὲ
2913 671 3213 743 προσέταξε
3266 671 3358 723 τὸν
3408 670 3710 735 Βασίλειον,
3754 669 3831 732 ὡς
3888 670 4062 738 ζάλης

2476 766 2655 819 αίτιον
2697 768 2817 828 ταῖς
2871 764 3215 833 Ἐκκλησίαις
3257 762 3559 832 γινόμενον.
3606 761 3968 831 Παυσαμὲνου
4004 762 4061 814 δὲ

2473 856 2571 909 τοῦ
2607 856 2887 909 Βασιλείου
2940 859 3040 924 τῆς
3077 854 3398 919 διαλέξεως·
3448 850 3666 923 Ἐπειδὴ
3714 853 3784 905 τὰ
3828 852 3933 921 τῆς
3969 850 4061 905 πί-

2476 944 3030 1014 στεωςδιακριθῆναι
3085 944 3290 1013 βούλει,
3343 941 3563 1013 βασιλεῦ
3583 942 3650 1006 ⁷⁸,
3685 941 3713 991 6
3762 940 4059 1001 Εὐστάθιος

2475 1035 2603 1103 ἔφη,
2628 1037 2729 1105 ὅρα
2776 1036 2872 1097 τὰς
2916 1034 3059 1087 κατά
3089 1033 3184 1086 τοῦ
3215 1032 3552 1101 Μονογενοῦς
3588 1030 3938 1101 βλασφημίας
3968 1030 4061 1082 ὑπ’

2476 1126 2728 1192 Εὑδοξίου
2770 1125 3202 1195 τετολμημένας.
3238 1125 3348 1177 Καὶ
3378 1126 3494 1194 ἅμα
3541 1124 3736 1191 λέγων,
3782 1124 4059 1176 ἐπέδωκεν

2474 1217 2711 1281 ἔκθεσιν,
2811 1220 2946 1289 πρὸς
2972 1218 3149 1281 ἀλλοις
3179 1216 3393 1279 πολλοῖς
3420 1215 3704 1269 δυσσεϐέσι
3750 1217 3845 1268 καὶ
3884 1215 4058 1268 ταῦτα

2474 1310 2825 1380 προσέκειτο·
2878 1312 2959 1363 Τὰ
3003 1309 3271 1378 ἀνομοίως
3334 1307 3772 1379 προσερερόμενα,
3823 1309 4058 1377 ἀνόμοια

2479 1402 2621 1454 κατὰ
2646 1403 2744 1471 τὴν
2776 1401 2964 1455 οὐσίαν
2989 1401 3154 1453 ἐστίν·
3184 1420 3201 1452 ι
3226 1394 3318 1462 Εἷς
3348 1399 3481 1461 Θεὸς
3507 1402 3535 1452 6
3568 1399 3776 1466 Πατὴρ,
3809 1396 3870 1460 ἐξ
3906 1389 3970 1449 οὗ
3998 1396 4066 1449 τὰ

2475 1495 2673 1556 παντα,
2714 1494 2807 1546 καὶ
2854 1488 2935 1556 εἷς
2983 1492 3185 1562 Κύριος
3248 1490 3451 1561 Ίησοῦς
3502 1490 3760 1558 Χριστὸς,
3788 1489 3857 1541 δι’
3886 1482 3950 1540 οὗ
3990 1489 4058 1541 τὰ

2479 1588 2679 1639 πάντα·
2713 1585 3000 1654 »ἀνόμοιον
3031 1583 3086 1636 δέ
3112 1583 3192 1648 τὸ,
3218 1582 3288 1646 ἐξ
3320 1577 3415 1647 οὗ,
3445 1582 3542 1650 τῷ,
3573 1581 3646 1633 δι’
3681 1578 3776 1637 οὖ⁶
3805 1580 4058 1649 ἀνόμοιος

2475 1678 2585 1747 ἀρα
2608 1678 2637 1729 6
2659 1676 2784 1738 Υίδς
2804 1676 2882 1745 τῷ
2909 1674 3027 1745 Θεῷ
3052 1674 3146 1727 καὶ
3172 1672 3367 1743 Πατρί.
3392 1673 3608 1742 Ταύτην
3633 1670 4053 1738 ἀναγνωσθῆναι

2476 1767 2739 1831 κελεύσας
2782 1766 2881 1837 τὴν
2924 1766 3138 1819 ἔκθεσιν
3182 1768 3210 1819 6
3258 1765 3653 1827 Κωνστάντιος,
3709 1764 3803 1818 καὶ
3852 1763 4058 1833 σφόδρα

793 1866 988 1919 Aetius
1030 1866 1076 1918 is
1122 1870 1265 1928 erat,
1301 1878 1465 1934 quem
1521 1863 1650 1918 olim
1700 1862 1981 1928 Leontius,
2024 1861 2272 1917 Flaviani
2323 1872 2374 1917 et

2474 1858 2785 1929 χαλεπήνας
2810 1858 2947 1928 πρὸς
2980 1857 3080 1927 τὴν
3112 1856 3437 1925 ἐγκειμένην
3467 1856 3739 1918 ἀσέϐειαν,
3768 1857 3934 1925 ἤρετο
3968 1856 4059 1908 τὸν

797 1952 1019 2009 Diodori
1068 1954 1454 2008 accusationes
1476 1952 1706 2016 veritus,
1745 1951 2043 2007 diaconatu
2086 1953 2366 2023 privaret;

796 2045 1067 2114 Georgius
1122 2058 1273 2106 vero,
1313 2042 1575 2097 Ecclesiae
1614 2042 1999 2097 Alemndrinte
2056 2042 2370 2107 insidiator,

798 2135 1094 2203 impiorum
1176 2146 1493 2187 sermonum
1566 2125 2017 2201 nefariorumquc
2070 2141 2368 2186 conatuum

796 2221 1101 2291 adjutoretn
1144 2221 1407 2275 habuerat
1459 2239 1473 2276 :
1525 2232 1657 2275 tunc
1700 2236 1835 2275 vero
1872 2222 2013 2291 apud
2066 2222 2368 2277 Eudoxium

793 2311 1025 2381 degebat
1058 2325 1161 2363 una
1191 2325 1315 2363 cum
1342 2308 1630 2365 Eunomio.
1657 2310 1875 2367 Mortuo
1906 2312 2177 2383 siquidem
2203 2312 2372 2368 Leon-

795 2405 895 2468 tio,
949 2419 1073 2459 cum
1121 2404 1519 2459 Antiochenam
1561 2402 1861 2460 Ecclesiam
1914 2405 2205 2461 invasisset
2263 2407 2371 2462 Eu-

792 2495 1013 2560 doxius,
1040 2496 1200 2549 rediit
1227 2495 1314 2551 ille
1346 2496 1414 2549 ab
1444 2494 1699 2567 Egypto,
1740 2510 1926 2552 secum
1946 2498 2157 2554 ducens
2186 2497 2368 2554 Euno-

795 2589 991 2655 mium,
1022 2596 1077 2644 et
1108 2588 1397 2643 sententiae
1440 2604 1553 2643 sua:
1612 2598 2008 2660 congruentem
2051 2598 2214 2660 atque
2261 2606 2367 2644 una

794 2695 922 2735 cum
981 2680 1257 2749 impietate
1338 2676 1657 2751 Sybariticis
1722 2680 1933 2737 deliciis
1995 2681 2369 2752 indulgentem

793 2789 1029 2830 cernens
1058 2772 1387 2837 Eudoxium,
1406 2773 1806 2827 Antiochenam
1835 2773 2227 2828 habitationem
2257 2788 2365 2827 cte-

796 2867 929 2922 teris
958 2865 1296 2935 anteposuit,
1346 2864 1530 2934 ibique
1563 2878 1689 2919 cum
1725 2862 1995 2919 Eunomio
2024 2864 2175 2918 illius
2206 2865 2369 2919 stiba-

793 2957 903 3013 diis
938 2957 1137 3011 affixus
1166 2964 1273 3011 est.
1306 2954 1484 3010 Vitam
1525 2955 1673 3011 enim
1714 2955 1950 3013 ducebat
1986 2956 2365 3026 parasiticam,

2478 1948 2729 2015 Εὺδὸξιον
2755 1951 2803 2002 εί
2826 1948 2985 2011 αύτδς
3014 1947 3187 2001 ταῦτα
3209 1946 3545 2016 συνέγραψεν
3569 1947 3636 2000 ⁷⁸.
3676 1948 3731 2000 ’0
3756 1949 3812 1999 δὲ
3839 1947 4055 2019 ἠρνήθη

2475 2042 2810 2112 παραυτίκα,
2841 2040 2933 2094 καὶ
2970 2039 3144 2093 ταῦτα
3165 2039 3499 2107 γεγραφέναι
3541 2039 3633 2091 τὸν
3677 2039 3883 2092 Ἀέτιον
3914 2039 4051 2107 ἐφη-

2473 2146 2565 2182 σεν
2612 2131 2677 2182 ⁷⁷.
2725 2130 2929 2193 Ἀέτιος
2973 2130 3029 2182 δὲ
3059 2124 3212 2191 οὗτος
3251 2128 3298 2158 ⁷⁸
3337 2123 3426 2196 ἦν,
3468 2128 3527 2180 ὃν
3564 2128 3730 2182 πάλαι
3766 2130 3864 2198 μὲν
3895 2130 4057 2182 Λεόν-

2469 2238 2602 2285 τιος,
2637 2220 2735 2283 τὰς
2766 2219 3067 2285 Φλαϐιανοῦ
3096 2221 3189 2272 καὶ
3220 2218 3372 2290 [lii]
3399 2219 3665 2291 Διοδώρου
3716 2220 4056 2291 κατηγορίας

2470 2311 2843 2381 δεδειξάμενος
2861 2313 2931 2375 τ’,
2981 2314 3079 2381 τῆς
3112 2311 3386 2374 διακονίας
3421 2311 3705 2381 ἐγύμνωσε
3728 2327 3742 2341 ⁸
3782 2312 4055 2383 Γεώργιος

2469 2404 2525 2457 δέ
2547 2405 2574 2457 6
2600 2403 2697 2475 τῆς
2733 2402 3125 2476 Ἀλεξανδρέων
3157 2402 3442 2465 ἐπίϐουλος
3462 2404 3722 2473 συνεργὸν
3745 2398 3858 2472 εἶχε
3893 2408 3987 2458 καὶ
4007 2403 4055 2435 ³⁸

2469 2496 2577 2548 τῶν
2622 2495 2900 2549 δυσσεῦὦν
2951 2495 3233 2566 ῥημάτων,
3264 2496 3359 2549 καὶ
3389 2496 3499 2548 τῶν
3531 2495 3762 2550 ἀνοσίων
3792 2498 3833 2529 ⁸⁸
3870 2500 4057 2567 ἐγχει-

2472 2589 2764 2660 ρημάτων·
2814 2588 2935 2641 τότε
2986 2590 3167 2658 μέντοι
3204 2588 3323 2658 μετ’
3384 2588 3659 2656 Εὑνομίου
3705 2588 3783 2659 τῷ
3818 2590 4057 2661 Εύδοξίῳ

2470 2672 2656 2750 συνῆν.
2681 2681 2936 2734 Λεοντίου
2957 2682 3070 2751 γὰρ
3091 2682 3155 2752 δὴ
3181 2684 3647 2757 τετελευτηκότος,
3674 2690 3766 2741 καὶ
3798 2689 4055 2754 Εύδοξίου

2468 2774 2567 2843 τῆς
2628 2772 2947 2843 Ἀντιοχέων
3016 2773 3340 2843 Ἐκκλησίας
3392 2779 3703 2847 ἡρπακότος
3757 2778 3857 2849 τὴν
3919 2798 4058 2851 προ-

2468 2864 2674 2934 εδρίαν,
2703 2865 2981 2933 ἐπανῆκεν
3026 2866 3135 2918 ἀπὸ
3163 2867 3263 2935 τῆς
3318 2869 3600 2938 Αἰγύπτου
3645 2870 3736 2924 τὸν
3786 2873 4060 2942 Εὐνόμιον

2469 2958 2639 3026 ἀγων,
2675 2958 2887 3011 καὶτὸν
2918 2957 3172 3021 Εὑδόξιον
3213 2958 3391 3031 εὑρὼν
3431 2963 3739 3033 ὁμόφρονα,
3771 2966 3867 3017 καὶ
3918 2967 4058 3033 πρὸς

793 3062 848 3105 et
873 3052 1035 3105 modo
1061 3051 1127 3103 ad
1166 3050 1337 3116 hunc,
1377 3049 1542 3103 modo
1577 3049 1646 3103 ad
1703 3049 1859 3103 illum
1909 3050 2116 3104 ventris
2146 3058 2163 3073 ‘
2199 3065 2367 3105 causa

2472 3052 2534 3120 τῇ
2584 3048 2873 3120 δυσσεῦείᾳ
2922 3050 3015 3102 καὶ
3083 3050 3414 3123 Συϐαριτικῇ
3478 3054 3817 3124 κεχρημένον
3872 3057 4055 3127 χλιδῇ,

793 3144 932 3198 itare
965 3149 1345 3196 consueverat.
1374 3140 1590 3206 Quibus
1611 3141 1815 3197 auditis
1854 3140 2160 3211 imperator
2192 3142 2366 3198 intro-

2470 3140 2690 3194 πάντων
2746 3138 3087 3212 προύτίμησε
3133 3142 3233 3211 τὴν
3278 3144 3334 3195 ἐν
3388 3144 3683 3216 Ἀντιοχείᾳ
3730 3146 4055 3217 διατριὸήνσ

794 3234 921 3287 duci
968 3233 1135 3300 jussit
1173 3231 1413 3292 Aetium,
1458 3238 1512 3285 et
1574 3230 1824 3301 ingresso
1854 3207 2159 3285 formulam
2220 3232 2365 3285 illam

2472 3234 2564 3286 καί
2593 3234 2690 3285 σὺν
2723 3207 2972 3303 Εὐνομίῲ
3001 3207 3121 3297 ταῖς
3154 3207 3361 3288 ἐκείνου
3393 3207 3717 3308 προσηνλώθη
3738 3238 3783 3271 ⁵³
3809 3207 4053 3296 στιὸἀσι.

795 3324 1059 3388 ostendit,
1100 3323 1426 3394 rogavitque
1458 3338 1527 3376 an
1555 3322 1705 3377 illius
1729 3331 1925 3376 auctor
1954 3332 2123 3379 esset.
2155 3324 2220 3378 At
2254 3325 2369 3391 ille,

795 3404 979 3471 rerum
1029 3423 1305 3486 gestarum
1338 3422 1392 3467 et
1434 3428 1696 3481 quorsum
1737 3413 2171 3483 interrogaretur
2212 3430 2368 3485 pror-

796 3522 891 3561 sus
920 3507 1167 3576 ignarus,
1207 3505 1531 3574 laudemque
1553 3504 1717 3574 897
1763 3519 1828 3558 ex
1864 3503 2212 3560 confessione
2241 3507 2369 3560 ade-

795 3609 1015 3667 pturum
1034 3612 1092 3651 se
1119 3606 1293 3662 ratus,
1314 3596 1507 3665 scripti
1528 3596 1676 3650 illius
1702 3603 1983 3651 auctorem
2011 3612 2069 3651 se
2088 3598 2371 3666 professus

794 3698 899 3742 est.
946 3687 1083 3742 Tum
1136 3688 1456 3757 imperator,
1504 3686 1803 3756 impietatis
1843 3696 2126 3758 perspecta
2161 3691 2372 3759 magni-

798 3777 1009 3841 tudine,
1044 3777 1299 3831 exsulare
1330 3791 1452 3829 mox
1477 3776 1654 3838 illum,
1685 3782 1739 3829 et
1775 3774 1826 3828 in
1870 3775 2047 3829 locum
2076 3775 2368 3846 quemdam

799 3867 1046 3939 Phrygia:
1080 3867 1360 3937 deportari
1398 3867 1587 3937 jussit.
1619 3866 1709 3920 Sic
1733 3866 1823 3921 ille
1849 3868 2073 3936 palatio,
2108 3868 2371 3938 blasphe-

799 3960 920 4014 miae
958 3959 1200 4014 fructum
1232 3958 1480 4014 referens
1530 3957 1841 4023 infamiam,
1891 3958 2219 4014 deturbatus
2260 3968 2368 4015 est.

800 4050 1118 4105 Eustathius
1174 4066 1306 4106 vero
1374 4050 1428 4105 in
1483 4050 1673 4106 eadem
1724 4052 1996 4106 sententia
2061 4052 2367 4106 Eudoxium

795 4141 957 4195 etiam
994 4156 1121 4195 esse
1143 4140 1482 4207 afﬁrmabat;
1510 4141 1725 4196 Aetium
1756 4141 1900 4195 enim
1925 4141 2045 4209 ejus
2074 4143 2366 4197 contuber—

796 4233 975 4285 nalem
1020 4240 1073 4285 et
1120 4232 1407 4286 convivam
1464 4231 1661 4298 fuisse,
1701 4233 1933 4304 ejusque
1988 4234 2257 4288 voluntati
2309 4242 2371 4289 ut

792 4324 1026 4377 serviret
1057 4322 1452 4392 blasphemiam
1484 4323 1631 4377 illam
1667 4324 2007 4380 condidisse.
2039 4325 2214 4396 Atque
2239 4326 2368 4380 hinc

793 4416 927 4469 satis
954 4416 1266 4485 argumenti
1297 4429 1421 4469 esse
1449 4415 1654 4481 aiebat,
1693 4419 1975 4471 consciunt
2015 4417 2177 4487 hujus
2222 4419 2368 4473 scri-

2470 3326 2576 3378 Τὸν
2614 3324 2722 3395 γὰρ
2751 3325 2859 3377 τῶν
2910 3326 3155 3379 κολάκων
3201 3327 3469 3397 ἐζηλώκει
3496 3330 3630 3400 βίον,
3672 3336 3767 3385 καὶ
3818 3332 3915 3386 νῦν
3955 3336 4057 3403 μέν

2472 3416 2625 3487 παρᾶ
2649 3416 2861 3478 τοῦτον,
2899 3416 2993 3468 νῦν
3017 3416 3071 3469 δὲ
3107 3418 3237 3487 παρ’
3278 3420 3484 3471 ἐκεῖνον
3506 3420 3729 3473 διετέλει
3759 3422 3963 3489 φοιτῶν
3994 3441 4055 3475 τε

2471 3508 2563 3561 καὶ
2616 3506 3061 3578 γαστριζόμενος.
3112 3509 3244 3560 Τότε
3300 3511 3481 3579 μέντοι
3531 3514 3561 3563 6
3608 3512 3861 3582 βασιλεὺς
3888 3516 4055 3568 τοῦτο

2478 3596 2688 3669 μαθὼν,
2740 3597 3061 3667 εἰσαχθῆναί
3102 3615 3164 3650 τε
3212 3601 3510 3669 προσέταξε
3559 3604 3649 3655 τὸν
3696 3604 3922 3670 Ἀέτιον,
3958 3610 4057 3661 καὶ

2470 3687 2899 3759 εἰσεληλυθότος,
2951 3688 3052 3758 τὴν
3111 3688 3325 3742 ἔκθεσιν
3368 3690 3582 3762 ἐκείνην
3606 3694 3865 3761 ἐπέδειξε,
3919 3715 4057 3751 πυν-

2472 3780 2763 3849 θανόμενος
2806 3780 2853 3832 εί
2903 3779 3064 3841 αὐτὸς
3117 3781 3357 3845 ἐκείνους
3394 3783 3630 3848 τετοκὼς
3675 3786 3762 3855 εἴη
3804 3788 3930 3851 τοὺς
3966 3788 4058 3841 λδ.

2469 3886 2619 3938 γους.
2661 3870 2723 3924 Ὀ
2748 3870 2803 3923 δὲ
2832 3870 2927 3923 καὶ
2958 3871 3024 3924 τὰ
3056 3874 3397 3943 γεγενημένα
3431 3875 3665 3946 πάμπαν
3692 3878 3923 3947 ἀγνοῶν,
3957 3882 4055 3933 καὶ

2468 3962 2561 4014 τὸν
2594 3964 2691 4031 τῆς
2724 3961 2966 4025 πεύσεως
2998 3966 3095 4016 οὐκ
3126 3966 3490 4036 ἐπιστάμενος
3520 3969 3741 4039 τρόπον,
3774 3972 4056 4041 εὐφημίαν

2468 4052 2525 4105 δὲ
2554 4054 2617 4105 ἐκ
2640 4053 2739 4121 τῆς
2770 4054 3056 4123 ὁμολογίας
3090 4056 3485 4126 καρπώσασθαι
3520 4062 3920 4131 προσδοκήσας,
3945 4066 4055 4136 ἔφη

2469 4143 2579 4196 τῶν
2615 4144 2787 4211 λόγων
2818 4146 3041 4198 ἐκείνων
3071 4146 3232 4209 αὐτὸς
3264 4143 3402 4201 εἷναι
3437 4151 3736 4222 γεννήτωρ.
3775 4153 3834 4206 Ὀ
3861 4153 3918 4206 δὲ
3951 4154 4054 4224 βα-

2472 4234 2670 4299 σιλεὺς,
2693 4236 2791 4305 τὴν
2810 4236 2910 4306 τῆς
2933 4237 3248 4300 δυσσεόείας
3272 4238 3576 4312 ὑπερϐολὴν
3599 4243 3854 4310 κατιδὼν,
3888 4246 4056 4310 εὐθὺς

2468 4327 2632 4380 αὐτὸν
2690 4328 3110 4398 ὲξωστράκισεν,
3176 4330 3256 4394 είς
3313 4349 3368 4385 τι
3424 4333 3622 4404 χωρίον
3664 4335 3764 4406 τῆς
3810 4338 4055 4407 Φρυγίας

2470 4416 2779 4489 ἀπαχθῆναι
2828 4420 3111 4484 κελεύσας.
3158 4423 3268 4475 Καὶ
3320 4423 3527 4485 ἐκεῖνος
3579 4425 3676 4494 μὲν
3715 4428 3813 4497 τὴν
3846 4431 3907 4480 ἐκ
3953 4430 4055 4497 τῆς

795 4506 998 4574 ptionis
1042 4505 1231 4570 fuisse,
1269 4506 1416 4577 quod
1465 4518 1662 4577 praeter
1711 4508 1891 4578 ipsum
1940 4524 2099 4564 nemo
2148 4510 2365 4565 Aetium

2473 4507 2820 4580 βλασφημίας
2871 4512 3306 4582 καρπωσάμενος
3343 4514 3592 4585 ἀτιμίαν,
3634 4516 3895 4589 ἐξεϐλήθη
3942 4521 4056 4573 τῶν

791 4597 939 4651 illius
971 4605 1254 4651 auctorem
1286 4598 1631 4652 memorarit.
1687 4598 1849 4669 Atqui
1889 4616 1955 4653 ex
2002 4601 2362 4668 conjecturis,

790 4686 868 4740 ait
905 4686 1223 4755 imperator,
1252 4688 1550 4745 decernere
1589 4692 1809 4756 judices
1838 4705 1946 4744 non
1990 4690 2209 4755 debent,
2265 4691 2378 4746 sed

790 4791 881 4829 res
912 4788 1092 4845 gestas
1121 4776 1414 4848 diligenter
1459 4779 1817 4850 investigare.
1856 4779 1955 4834 Cui
1993 4779 2313 4836 Eustathius
2348 4800 2362 4837 :

790 4863 979 4920 Fidem
1009 4882 1140 4939 ergo
1171 4868 1334 4923 nobis
1367 4869 1627 4925 omnibus
1664 4871 1830 4923 faciat
1862 4870 2144 4925 Eudoxius
2169 4886 2229 4926 se
2263 4872 2366 4926 ista

792 4974 899 5011 non
932 4960 1153 5027 sentire,
1193 4960 1543 5015 anathemate
1591 4960 1863 5015 damnans
1904 4961 2170 5030 scriptum
2198 4963 2363 5017 Aetii.

788 5048 964 5114 Quam
1024 5050 1454 5119 postulationem
1509 5068 1632 5105 cum
1691 5052 1979 5120 probasset
2025 5052 2362 5122 imperator,

791 5150 957 5210 atque
1017 5141 1091 5194 ita
1148 5140 1267 5195 fieri
1317 5143 1631 5209 mandaret,
1679 5144 2077 5213 tergiversatus
2125 5153 2210 5199 est
2258 5144 2365 5198 Eu-

787 5234 1008 5300 doxius,
1067 5234 1367 5305 multisque
1409 5236 1584 5290 modis
1649 5237 2095 5305 provocationem
2135 5236 2358 5291 eludere

2472 4598 2779 4669 βασιλείων.
2806 4601 3103 4666 Εύστάθιος
3128 4602 3183 4656 δὲ
3213 4604 3309 4657 καὶ
3342 4606 3433 4659 τὸν
3471 4607 3717 4671 Εὐδὸξιον
3749 4608 3849 4679 ἔφη
3875 4610 4055 4665 ταῦτα

2468 4695 2715 4762 φρονεῖν⁸
2777 4692 3022 4746 σύνοικον
3078 4695 3187 4765 γὰρ
3251 4696 3415 4749 αὐτοῦ
3477 4698 3571 4750 καὶ
3636 4698 3886 4752 σύσσιτον
3959 4703 4055 4755 τὸν

2481 4784 2684 4835 Ἀέτιον
2730 4777 2891 4848 εἶναι,
2945 4786 3039 4837 καὶ
3086 4788 3151 4854 τῇ
3212 4786 3401 4839 τούτου
3448 4788 3642 4859 γνώμῃ
3695 4790 4053 4845 διακονοῦντα

2469 4874 2675 4927 ἐκεῖνον
2700 4872 2798 4944 τὴν
2827 4873 3173 4945 βλασφημίαν
3204 4880 3666 4947 συγγεγραφέναι.
3697 4878 3807 4933 Καὶ
3841 4886 4054 4953 τεκμή-

2475 4984 2587 5037 ριον
2614 4967 2797 5034 ἔλεγεν
2827 4963 2962 5019 εἶναι
2995 4969 3161 5037 σαφὲς
3190 4969 3285 5021 τοῦ
3327 4970 3625 5025 συνειδέναι
3661 4976 3770 5035 τοῖς
3797 4991 4051 5045 γεγραμ-

2475 5058 2675 5128 μένοις,
2694 5059 2753 5110 τὺ
2777 5058 2979 5129 μηδένα
2997 5058 3202 5129 ἕτερον,
3220 5061 3335 5114 ἀλλ’
3355 5063 3517 5115 αὑτὸν
3533 5064 3807 5133 εἰρηκέναι
3842 5066 4054 5121 Ἀετίυυ

2472 5142 2611 5201 εἶναι
2632 5150 2730 5218 τὴν
2759 5143 2994 5205 ἔκθεσιν.
3039 5150 3180 5203 Ἀλλ’
3208 5153 3269 5205 ού
3304 5154 3409 5225 χρὴ
3439 5156 3773 5220 τοπάζοντας
3816 5160 3943 5221 τοὺς
3974 5161 4055 5213 δι-

2466 5238 2729 5303 κάζοντας
2760 5239 2985 5310 κρίνειν,
3015 5242 3043 5294 6
3064 5239 3315 5310 βασιλεὺς
3337 5243 3469 5316 ἔφη,
3500 5245 3568 5298 τὰ
3595 5245 3651 5299 δὲ
3679 5251 4056 5319 πεπραγμένα

2044 5411 2278 5468 VARI/ﬁ
2319 5412 2728 5471 LECTIONES.

859 5550 907 5584 "
936 5552 1168 5623 σιγῆναι.
1215 5552 1341 5608 Bas.
1386 5552 1560 5609 Graec.
1631 5553 1679 5585 "

783 5614 829 5645 ⁷⁸
867 5614 1200 5681 αὺτὸξίᾟιιε.
1236 5624 1408 5678 Grmc.

1730 5552 1997 5623 βασιλεύς.
2054 5552 2222 5608 idem.
2300 5554 2347 5585 ⁷⁸
2382 5554 2779 5655 συγγέγραφεν,
2814 5554 2939 5612 Bas.
2995 5558 3169 5614 Graec.
3213 5571 3266 5615 et
3313 5560 3498 5632 Steph.

1694 5625 1877 5655 5..-...”
1918 5623 2079 5655 Ωιοηιι
2138 5625 2171 5655 0
2200 5634 2245 5655 nn
2280 5624 2494 5655 [ηιμ-..1.
2616 5626 2636 5655 ο
2666 5628 2754 5655 ..-⁵.
2801 5631 2945 5655 nim...
2982 5646 3005 5655 ..
3033 5629 3133 5655 D..-
3188 5632 3340 5655 tum...
3438 5634 3481 5655 Ill

1514 5626 1558 5657 "’
1588 5622 1877 5693 δεξάμενος
1918 5623 2101 5691 Steph.
2138 5625 2173 5676 2
2200 5634 2251 5677 et
2280 5624 2514 5679 Casaub.

3606 5564 3651 5599 ⁷⁷
3695 5563 3822 5635 ἔφη.
3853 5558 4049 5621 Iidem.

2616 5626 2636 5655 ⁸
2666 5628 2760 5706 καὶ
2799 5631 2951 5706 abest
2981 5646 3006 5679 a
3033 5629 3155 5706 Bas.
3188 5626 3481 5706 price!“
3514 5632 3626 5706 iioc
3658 5626 3748 5689 est
3770 5626 3822 5689 et
3854 5636 4044 5706 Steph.

790 5692 903 5777 iiut
932 5693 1167 5777 Casaub.
1215 5696 1427 5777 codice:
1464 5693 1566 5777 Sc‘d
1596 5692 1925 5777 Bas-Graec.
1977 5694 2247 5777 et’Stcplt.
2301 5696 2324 5749 1
2372 5695 2762 5765 ἀνοσιουργῶν.
2836 5699 2881 5730 ⁸³
2924 5700 3317 5770 προσηλωθείς.
3362 5703 3487 5760 Bas.
3530 5700 3705 5761 Graec.
3734 5714 3788 5761 ct
3848 5692 4043 5777 Steph.

790 5765 995 5819 mnisso
1023 5764 1184 5834 paulo
1218 5774 1340 5833 post
1361 5764 1457 5834 τῷ,
1482 5764 1610 5834 γὰρ,
1640 5772 1765 5820 ante
1792 5765 1897 5817 τῶν
1924 5763 2189 5817 κολάκων.
