  <div class='ocr_page' id='page_1' title='image "/cluster/home/n/w/nwhite01/storage/ocr_20150623/82/nnc1.0046979700/570.png"; bbox 0 0 4206 6450; ppageno 0'>
   <div class='ocr_carea' id='block_1_1' title="bbox 192 380 328 446">
    <p class='ocr_par' dir='ltr' id='par_1_1' title="bbox 192 380 328 446">
     <span class='ocr_line' id='line_1_1' title="bbox 192 380 328 446; baseline 0.015 -2"><span class='ocrx_word' id='word_1_1' title='bbox 192 380 328 446; x_wconf 77' lang='grc'><strong>1069</strong></span> 
     </span>
    </p>
   </div>
   <div class='ocr_carea' id='block_1_2' title="bbox 1144 378 2453 442">
    <p class='ocr_par' dir='ltr' id='par_1_2' title="bbox 1144 378 2453 442">
     <span class='ocr_line' id='line_1_2' title="bbox 1144 378 2453 442; baseline -0.003 0"><span class='ocrx_word' id='word_1_2' title='bbox 1144 380 1737 442; x_wconf 66' lang='lat' dir='ltr'><strong>ECCLESIASTICE</strong></span> <span class='ocrx_word' id='word_1_3' title='bbox 1779 379 2160 439; x_wconf 59' lang='lat' dir='ltr'><strong>HISTORHS</strong></span> <span class='ocrx_word' id='word_1_4' title='bbox 2192 378 2336 442; x_wconf 80' lang='lat' dir='ltr'><strong>LIB.</strong></span> <span class='ocrx_word' id='word_1_5' title='bbox 2373 379 2453 439; x_wconf 87' lang='grc' dir='ltr'><strong>ΙΙ.</strong></span> 
     </span>
    </p>
   </div>
   <div class='ocr_carea' id='block_1_3' title="bbox 3309 376 3442 439">
    <p class='ocr_par' dir='ltr' id='par_1_3' title="bbox 3309 376 3442 439">
     <span class='ocr_line' id='line_1_3' title="bbox 3309 376 3442 439; baseline 0.008 -2"><span class='ocrx_word' id='word_1_6' title='bbox 3309 376 3442 439; x_wconf 76' lang='grc' dir='ltr'><strong>ῙΟΤΟ</strong></span> 
     </span>
    </p>
   </div>
   <div class='ocr_carea' id='block_1_4' title="bbox 188 486 1776 564">
    <p class='ocr_par' dir='ltr' id='par_1_4' title="bbox 188 490 1763 564">
     <span class='ocr_line' id='line_1_4' title="bbox 188 490 1763 564; baseline 0 -20"><span class='ocrx_word' id='word_1_7' title='bbox 188 492 289 545; x_wconf 73' lang='grc' dir='ltr'><strong>σὺν</strong></span> <span class='ocrx_word' id='word_1_8' title='bbox 323 492 580 564; x_wconf 67' lang='grc' dir='ltr'>ἀκριϐείᾳ</span> <span class='ocrx_word' id='word_1_9' title='bbox 614 492 818 563; x_wconf 73' lang='grc' dir='ltr'>ζητεῖν.</span> <span class='ocrx_word' id='word_1_10' title='bbox 845 490 1075 553; x_wconf 80' lang='grc' dir='ltr'>Οὐκοῦν.</span> <span class='ocrx_word' id='word_1_11' title='bbox 1104 491 1208 564; x_wconf 67' lang='grc' dir='ltr'><strong>ἔφη</strong></span> <span class='ocrx_word' id='word_1_12' title='bbox 1238 494 1265 545; x_wconf 99' lang='lat'><strong>6</strong></span> <span class='ocrx_word' id='word_1_13' title='bbox 1300 492 1615 557; x_wconf 74' lang='grc' dir='ltr'>Εὐστάθιος,</span> <span class='ocrx_word' id='word_1_14' title='bbox 1646 508 1763 545; x_wconf 79' lang='grc' dir='ltr'>πει-</span> 
     </span>
    </p>
   </div>
   <div class='ocr_carea' id='block_1_5' title="bbox 1880 486 3439 564">
    <p class='ocr_par' dir='ltr' id='par_1_5' title="bbox 1880 486 3439 563">
     <span class='ocr_line' id='line_1_5' title="bbox 1880 486 3439 563; baseline -0.003 -18"><span class='ocrx_word' id='word_1_15' title='bbox 1880 498 2099 545; x_wconf 87' lang='lat' dir='ltr'><strong>:ouatus</strong></span> <span class='ocrx_word' id='word_1_16' title='bbox 2125 500 2231 545; x_wconf 86' lang='lat' dir='ltr'><strong>est.</strong></span> <span class='ocrx_word' id='word_1_17' title='bbox 2254 487 2501 545; x_wconf 77' lang='lat' dir='ltr'><strong>Tandem</strong></span> <span class='ocrx_word' id='word_1_18' title='bbox 2544 488 2674 561; x_wconf 87' lang='lat' dir='ltr'><strong>quia</strong></span> <span class='ocrx_word' id='word_1_19' title='bbox 2702 487 3095 563; x_wconf 71' lang='lat' dir='ltr'><strong>indignabatur</strong></span> <span class='ocrx_word' id='word_1_20' title='bbox 3124 486 3439 559; x_wconf 88' lang='lat' dir='ltr'><strong>imperator.</strong></span> 
     </span>
    </p>
   </div>
   <div class='ocr_carea' id='block_1_6' title="bbox 189 583 1765 655">
    <p class='ocr_par' dir='ltr' id='par_1_6' title="bbox 189 583 1765 655">
     <span class='ocr_line' id='line_1_6' title="bbox 189 583 1765 655; baseline 0.002 -20"><span class='ocrx_word' id='word_1_21' title='bbox 189 584 340 638; x_wconf 83' lang='grc' dir='ltr'>σάτω</span> <span class='ocrx_word' id='word_1_22' title='bbox 386 585 594 649; x_wconf 82' lang='grc' dir='ltr'><strong>πάντας</strong></span> <span class='ocrx_word' id='word_1_23' title='bbox 639 586 784 655; x_wconf 75' lang='grc' dir='ltr'>ἡμᾶς</span> <span class='ocrx_word' id='word_1_24' title='bbox 834 584 910 655; x_wconf 83' lang='grc' dir='ltr'>μὴ</span> <span class='ocrx_word' id='word_1_25' title='bbox 956 583 1129 638; x_wconf 88' lang='grc' dir='ltr'>ταῦτα</span> <span class='ocrx_word' id='word_1_26' title='bbox 1158 586 1373 655; x_wconf 74' lang='grc' dir='ltr'>φρονεῖν</span> <span class='ocrx_word' id='word_1_27' title='bbox 1422 586 1450 638; x_wconf 90' lang='grc' dir='ltr'><strong>ό</strong></span> <span class='ocrx_word' id='word_1_28' title='bbox 1499 583 1765 651; x_wconf 76' lang='grc' dir='ltr'>Εὐδόξιος,</span> 
     </span>
    </p>
   </div>
   <div class='ocr_carea' id='block_1_7' title="bbox 186 674 1771 747">
    <p class='ocr_par' dir='ltr' id='par_1_7' title="bbox 186 674 1771 747">
     <span class='ocr_line' id='line_1_7' title="bbox 186 674 1771 747; baseline 0.001 -20"><span class='ocrx_word' id='word_1_29' title='bbox 186 675 603 745; x_wconf 76' lang='grc' dir='ltr'>ἀναθεματίζων</span> <span class='ocrx_word' id='word_1_30' title='bbox 626 675 721 729; x_wconf 88' lang='grc' dir='ltr'><strong>τοῦ</strong></span> <span class='ocrx_word' id='word_1_31' title='bbox 758 675 964 729; x_wconf 78' lang='grc' dir='ltr'><strong>Ἀετίου</strong></span> <span class='ocrx_word' id='word_1_32' title='bbox 994 675 1052 729; x_wconf 83' lang='grc' dir='ltr'><strong>τὸ</strong></span> <span class='ocrx_word' id='word_1_33' title='bbox 1080 675 1439 747; x_wconf 72' lang='grc' dir='ltr'>σύγγραμμα.</span> <span class='ocrx_word' id='word_1_34' title='bbox 1470 675 1576 729; x_wconf 86' lang='grc' dir='ltr'><strong>Τοῦ</strong></span> <span class='ocrx_word' id='word_1_35' title='bbox 1597 676 1652 729; x_wconf 82' lang='grc' dir='ltr'><strong>δέ</strong></span> <span class='ocrx_word' id='word_1_36' title='bbox 1675 674 1771 745; x_wconf 83' lang='grc' dir='ltr'><strong>βα-</strong></span> 
     </span>
    </p>
   </div>
   <div class='ocr_carea' id='block_1_8' title="bbox 190 765 1771 837">
    <p class='ocr_par' dir='ltr' id='par_1_8' title="bbox 190 765 1771 837">
     <span class='ocr_line' id='line_1_8' title="bbox 190 765 1771 837; baseline 0.001 -20"><span class='ocrx_word' id='word_1_37' title='bbox 190 766 386 829; x_wconf 80' lang='grc' dir='ltr'>σιλέως</span> <span class='ocrx_word' id='word_1_38' title='bbox 410 765 705 830; x_wconf 80' lang='grc' dir='ltr'><strong>ἀσπαστῶς</strong></span> <span class='ocrx_word' id='word_1_39' title='bbox 718 767 765 799; x_wconf 82' lang='grc'>⁸³</span> <span class='ocrx_word' id='word_1_40' title='bbox 785 765 1077 837; x_wconf 77' lang='grc' dir='ltr'><strong>δεξαμένου</strong></span> <span class='ocrx_word' id='word_1_41' title='bbox 1106 767 1204 837; x_wconf 79' lang='grc' dir='ltr'>τὴν</span> <span class='ocrx_word' id='word_1_42' title='bbox 1232 766 1466 834; x_wconf 78' lang='grc' dir='ltr'>αἴτησιν,</span> <span class='ocrx_word' id='word_1_43' title='bbox 1495 767 1590 818; x_wconf 69' lang='grc' dir='ltr'><strong>καὶ</strong></span> <span class='ocrx_word' id='word_1_44' title='bbox 1614 766 1771 819; x_wconf 86' lang='grc' dir='ltr'>τοῦτο</span> 
     </span>
    </p>
   </div>
   <div class='ocr_carea' id='block_1_9' title="bbox 187 856 1768 929">
    <p class='ocr_par' dir='ltr' id='par_1_9' title="bbox 187 856 1768 929">
     <span class='ocr_line' id='line_1_9' title="bbox 187 856 1768 929; baseline 0 -19"><span class='ocrx_word' id='word_1_45' title='bbox 187 858 447 927; x_wconf 76' lang='grc' dir='ltr'>γενέσθαι</span> <span class='ocrx_word' id='word_1_46' title='bbox 494 857 940 929; x_wconf 79' lang='grc' dir='ltr'>προστεταχότος,</span> <span class='ocrx_word' id='word_1_47' title='bbox 998 857 1250 912; x_wconf 70' lang='grc' dir='ltr'>ἀνεδύετο</span> <span class='ocrx_word' id='word_1_48' title='bbox 1289 859 1386 929; x_wconf 82' lang='grc' dir='ltr'><strong>μὲν</strong></span> <span class='ocrx_word' id='word_1_49' title='bbox 1416 860 1445 911; x_wconf 88' lang='grc' dir='ltr'><strong>ό</strong></span> <span class='ocrx_word' id='word_1_50' title='bbox 1502 856 1768 923; x_wconf 82' lang='grc' dir='ltr'>Εὐδόξιος,</span> 
     </span>
    </p>
   </div>
   <div class='ocr_carea' id='block_1_10' title="bbox 188 949 1769 1021">
    <p class='ocr_par' dir='ltr' id='par_1_10' title="bbox 188 949 1769 1021">
     <span class='ocr_line' id='line_1_10' title="bbox 188 949 1769 1021; baseline -0.001 -18"><span class='ocrx_word' id='word_1_51' title='bbox 188 951 285 1003; x_wconf 74' lang='grc' dir='ltr'><strong>καὶ</strong></span> <span class='ocrx_word' id='word_1_52' title='bbox 320 949 543 1013; x_wconf 82' lang='grc' dir='ltr'>πολλαῖς</span> <span class='ocrx_word' id='word_1_53' title='bbox 572 950 837 1020; x_wconf 75' lang='grc' dir='ltr'><strong>ἐκέχρητο</strong></span> <span class='ocrx_word' id='word_1_54' title='bbox 888 952 1177 1020; x_wconf 79' lang='grc' dir='ltr'>μηχαναῖς,</span> <span class='ocrx_word' id='word_1_55' title='bbox 1230 950 1470 1003; x_wconf 82' lang='grc' dir='ltr'>ἐκκλῖναι</span> <span class='ocrx_word' id='word_1_56' title='bbox 1500 951 1598 1019; x_wconf 74' lang='grc' dir='ltr'><strong>τὴν</strong></span> <span class='ocrx_word' id='word_1_57' title='bbox 1638 949 1769 1021; x_wconf 78' lang='grc' dir='ltr'>πρό-</span> 
     </span>
    </p>
   </div>
   <div class='ocr_carea' id='block_1_11' title="bbox 189 1040 1771 1112">
    <p class='ocr_par' dir='ltr' id='par_1_11' title="bbox 189 1040 1771 1112">
     <span class='ocr_line' id='line_1_11' title="bbox 189 1040 1771 1112; baseline -0.002 -18"><span class='ocrx_word' id='word_1_58' title='bbox 189 1041 388 1111; x_wconf 77' lang='grc' dir='ltr'>κλησιν</span> <span class='ocrx_word' id='word_1_59' title='bbox 406 1041 472 1095; x_wconf 63' lang='grc'><strong>⁵⁵.</strong></span> <span class='ocrx_word' id='word_1_60' title='bbox 507 1041 721 1112; x_wconf 78' lang='grc' dir='ltr'><strong>Ἐπειδὴ</strong></span> <span class='ocrx_word' id='word_1_61' title='bbox 754 1041 810 1094; x_wconf 84' lang='grc' dir='ltr'>δὲ</span> <span class='ocrx_word' id='word_1_62' title='bbox 840 1040 1168 1111; x_wconf 74' lang='grc' dir='ltr'>ἐχαλέπηνεν</span> <span class='ocrx_word' id='word_1_63' title='bbox 1197 1042 1224 1094; x_wconf 86' lang='grc' dir='ltr'>ὁ</span> <span class='ocrx_word' id='word_1_64' title='bbox 1252 1040 1522 1111; x_wconf 72' lang='grc' dir='ltr'>βασιλεὺς,</span> <span class='ocrx_word' id='word_1_65' title='bbox 1553 1040 1645 1093; x_wconf 67' lang='grc' dir='ltr'><strong>καὶ</strong></span> <span class='ocrx_word' id='word_1_66' title='bbox 1675 1041 1771 1092; x_wconf 70' lang='grc' dir='ltr'><strong>σὺν</strong></span> 
     </span>
    </p>
   </div>
   <div class='ocr_carea' id='block_1_12' title="bbox 203 1133 1769 1205">
    <p class='ocr_par' dir='ltr' id='par_1_12' title="bbox 203 1133 1769 1205">
     <span class='ocr_line' id='line_1_12' title="bbox 203 1133 1769 1205; baseline -0.002 -18"><span class='ocrx_word' id='word_1_67' title='bbox 203 1134 397 1205; x_wconf 81' lang='grc' dir='ltr'>’Δετίῳ</span> <span class='ocrx_word' id='word_1_68' title='bbox 418 1135 654 1205; x_wconf 60' lang='grc' dir='ltr'>πέμψειν</span> <span class='ocrx_word' id='word_1_69' title='bbox 681 1134 993 1205; x_wconf 72' lang='grc' dir='ltr'>ἠπείλησεν,</span> <span class='ocrx_word' id='word_1_70' title='bbox 1029 1134 1105 1199; x_wconf 84' lang='grc' dir='ltr'>ὡς</span> <span class='ocrx_word' id='word_1_71' title='bbox 1130 1134 1223 1187; x_wconf 89' lang='grc' dir='ltr'><strong>τοῦ</strong></span> <span class='ocrx_word' id='word_1_72' title='bbox 1252 1133 1541 1197; x_wconf 76' lang='grc' dir='ltr'>δυσσεϐοῦς</span> <span class='ocrx_word' id='word_1_73' title='bbox 1568 1133 1769 1204; x_wconf 83' lang='grc' dir='ltr'>φρονή-</span> 
     </span>
    </p>
   </div>
   <div class='ocr_carea' id='block_1_13' title="bbox 194 1224 1768 1296">
    <p class='ocr_par' dir='ltr' id='par_1_13' title="bbox 194 1224 1768 1296">
     <span class='ocr_line' id='line_1_13' title="bbox 194 1224 1768 1296; baseline -0.001 -19"><span class='ocrx_word' id='word_1_74' title='bbox 194 1243 367 1295; x_wconf 82' lang='grc' dir='ltr'>ματος</span> <span class='ocrx_word' id='word_1_75' title='bbox 424 1227 697 1290; x_wconf 60' lang='grc' dir='ltr'>κοινωνὸν,</span> <span class='ocrx_word' id='word_1_76' title='bbox 738 1225 836 1296; x_wconf 80' lang='grc' dir='ltr'><strong>τὴν</strong></span> <span class='ocrx_word' id='word_1_77' title='bbox 880 1226 1087 1279; x_wconf 71' lang='grc' dir='ltr'>οἰκείαν</span> <span class='ocrx_word' id='word_1_78' title='bbox 1139 1225 1348 1296; x_wconf 74' lang='grc' dir='ltr'>ἠρνήθη</span> <span class='ocrx_word' id='word_1_79' title='bbox 1399 1224 1768 1287; x_wconf 75' lang='grc' dir='ltr'>διδασκαλίαν,</span> 
     </span>
    </p>
   </div>
   <div class='ocr_carea' id='block_1_14' title="bbox 195 1315 1771 1389">
    <p class='ocr_par' dir='ltr' id='par_1_14' title="bbox 195 1315 1771 1389">
     <span class='ocr_line' id='line_1_14' title="bbox 195 1315 1771 1389; baseline 0 -20"><span class='ocrx_word' id='word_1_80' title='bbox 195 1317 262 1387; x_wconf 74' lang='grc' dir='ltr'>ἦν</span> <span class='ocrx_word' id='word_1_81' title='bbox 292 1320 389 1371; x_wconf 83' lang='grc' dir='ltr'><strong>καί</strong></span> <span class='ocrx_word' id='word_1_82' title='bbox 418 1319 540 1371; x_wconf 86' lang='grc' dir='ltr'>τότε</span> <span class='ocrx_word' id='word_1_83' title='bbox 590 1319 684 1370; x_wconf 71' lang='grc' dir='ltr'><strong>καὶ</strong></span> <span class='ocrx_word' id='word_1_84' title='bbox 721 1317 858 1388; x_wconf 86' lang='grc' dir='ltr'><strong>μετά</strong></span> <span class='ocrx_word' id='word_1_85' title='bbox 890 1318 1062 1371; x_wconf 88' lang='grc' dir='ltr'>ταῦτα</span> <span class='ocrx_word' id='word_1_86' title='bbox 1101 1316 1253 1389; x_wconf 77' lang='grc'><strong>[115]</strong></span> <span class='ocrx_word' id='word_1_87' title='bbox 1300 1315 1620 1388; x_wconf 72' lang='grc' dir='ltr'>πρεσϐεύων</span> <span class='ocrx_word' id='word_1_88' title='bbox 1655 1316 1771 1369; x_wconf 85' lang='grc' dir='ltr'>δια·</span> 
     </span>
    </p>
   </div>
   <div class='ocr_carea' id='block_1_15' title="bbox 196 1407 1773 1480">
    <p class='ocr_par' dir='ltr' id='par_1_15' title="bbox 196 1407 1773 1480">
     <span class='ocr_line' id='line_1_15' title="bbox 196 1407 1773 1480; baseline -0.003 -19"><span class='ocrx_word' id='word_1_89' title='bbox 196 1410 498 1464; x_wconf 83' lang='grc' dir='ltr'>τετέλεκεν.</span> <span class='ocrx_word' id='word_1_90' title='bbox 552 1411 924 1480; x_wconf 80' lang='grc' dir='ltr'>Ἀντεπήγαγε</span> <span class='ocrx_word' id='word_1_91' title='bbox 970 1409 1151 1479; x_wconf 77' lang='grc' dir='ltr'>μέντοι</span> <span class='ocrx_word' id='word_1_92' title='bbox 1185 1409 1277 1461; x_wconf 78' lang='grc' dir='ltr'><strong>καὶ</strong></span> <span class='ocrx_word' id='word_1_93' title='bbox 1307 1408 1468 1471; x_wconf 80' lang='grc' dir='ltr'>αὐτὸς</span> <span class='ocrx_word' id='word_1_94' title='bbox 1500 1410 1612 1470; x_wconf 77' lang='grc' dir='ltr'>τοῖς</span> <span class='ocrx_word' id='word_1_95' title='bbox 1645 1407 1773 1475; x_wconf 81' lang='grc' dir='ltr'>περὶ</span> 
     </span>
    </p>
   </div>
   <div class='ocr_carea' id='block_1_16' title="bbox 196 1495 1772 1571">
    <p class='ocr_par' dir='ltr' id='par_1_16' title="bbox 196 1495 1772 1571">
     <span class='ocr_line' id='line_1_16' title="bbox 196 1495 1772 1571; baseline -0.003 -21"><span class='ocrx_word' id='word_1_96' title='bbox 196 1498 285 1550; x_wconf 80' lang='grc' dir='ltr'><strong>τὸν</strong></span> <span class='ocrx_word' id='word_1_97' title='bbox 319 1498 638 1561; x_wconf 82' lang='grc' dir='ltr'>Εὐστάθιον,</span> <span class='ocrx_word' id='word_1_98' title='bbox 682 1500 878 1571; x_wconf 81' lang='grc' dir='ltr'>χρῆναι</span> <span class='ocrx_word' id='word_1_99' title='bbox 908 1498 1001 1551; x_wconf 72' lang='grc' dir='ltr'>καὶ</span> <span class='ocrx_word' id='word_1_100' title='bbox 1027 1499 1225 1562; x_wconf 77' lang='grc' dir='ltr'>αὐτοὺς</span> <span class='ocrx_word' id='word_1_101' title='bbox 1264 1496 1658 1567; x_wconf 85' lang='grc' dir='ltr'>ἀναθεματίσαι</span> <span class='ocrx_word' id='word_1_102' title='bbox 1683 1495 1772 1546; x_wconf 83' lang='grc' dir='ltr'>λέ-</span> 
     </span>
    </p>
   </div>
   <div class='ocr_carea' id='block_1_17' title="bbox 196 1583 1774 1660">
    <p class='ocr_par' dir='ltr' id='par_1_17' title="bbox 196 1583 1774 1660">
     <span class='ocr_line' id='line_1_17' title="bbox 196 1583 1774 1660; baseline -0.004 -17"><span class='ocrx_word' id='word_1_103' title='bbox 196 1606 303 1656; x_wconf 77' lang='grc' dir='ltr'><strong>γων</strong></span> <span class='ocrx_word' id='word_1_104' title='bbox 338 1592 586 1660; x_wconf 76' lang='grc' dir='ltr'>ἄγραφον</span> <span class='ocrx_word' id='word_1_105' title='bbox 614 1590 673 1643; x_wconf 79' lang='grc' dir='ltr'>ὃν</span> <span class='ocrx_word' id='word_1_106' title='bbox 699 1590 793 1642; x_wconf 90' lang='grc' dir='ltr'><strong>τοῦ</strong></span> <span class='ocrx_word' id='word_1_107' title='bbox 818 1590 1150 1658; x_wconf 82' lang='grc' dir='ltr'>ὀμοουσίου</span> <span class='ocrx_word' id='word_1_108' title='bbox 1174 1588 1234 1640; x_wconf 84' lang='grc' dir='ltr'><strong>τδ</strong></span> <span class='ocrx_word' id='word_1_109' title='bbox 1262 1588 1577 1658; x_wconf 82' lang='grc' dir='ltr'>πρόσρημα.</span> <span class='ocrx_word' id='word_1_110' title='bbox 1615 1583 1774 1638; x_wconf 86' lang='grc' dir='ltr'>Ἀλλά</span> 
     </span>
    </p>
   </div>
   <div class='ocr_carea' id='block_1_18' title="bbox 200 1676 1773 1747">
    <p class='ocr_par' dir='ltr' id='par_1_18' title="bbox 200 1676 1773 1747">
     <span class='ocr_line' id='line_1_18' title="bbox 200 1676 1773 1747; baseline -0.004 -12"><span class='ocrx_word' id='word_1_111' title='bbox 200 1681 291 1735; x_wconf 73' lang='grc' dir='ltr'>καὶ</span> <span class='ocrx_word' id='word_1_112' title='bbox 322 1682 386 1733; x_wconf 83' lang='grc' dir='ltr'><strong>τὸ</strong></span> <span class='ocrx_word' id='word_1_113' title='bbox 419 1681 489 1744; x_wconf 80' lang='grc' dir='ltr'>ἐξ</span> <span class='ocrx_word' id='word_1_114' title='bbox 518 1683 627 1734; x_wconf 80' lang='grc' dir='ltr'><strong>οὐκ</strong></span> <span class='ocrx_word' id='word_1_115' title='bbox 670 1680 882 1743; x_wconf 79' lang='grc' dir='ltr'>ὄντων,</span> <span class='ocrx_word' id='word_1_116' title='bbox 916 1681 945 1732; x_wconf 84' lang='lat'><strong>6</strong></span> <span class='ocrx_word' id='word_1_117' title='bbox 989 1678 1249 1741; x_wconf 80' lang='grc' dir='ltr'>Σιλϐανδς</span> <span class='ocrx_word' id='word_1_118' title='bbox 1280 1677 1406 1747; x_wconf 74' lang='grc' dir='ltr'>ἔφη,</span> <span class='ocrx_word' id='word_1_119' title='bbox 1440 1678 1535 1731; x_wconf 79' lang='grc' dir='ltr'><strong>καὶ</strong></span> <span class='ocrx_word' id='word_1_120' title='bbox 1566 1677 1625 1729; x_wconf 75' lang='grc' dir='ltr'><strong>τδ</strong></span> <span class='ocrx_word' id='word_1_121' title='bbox 1654 1676 1773 1729; x_wconf 82' lang='grc' dir='ltr'>κτί-</span> 
     </span>
    </p>
   </div>
   <div class='ocr_carea' id='block_1_19' title="bbox 194 1767 1774 1840">
    <p class='ocr_par' dir='ltr' id='par_1_19' title="bbox 194 1767 1774 1840">
     <span class='ocr_line' id='line_1_19' title="bbox 194 1767 1774 1840; baseline -0.003 -16"><span class='ocrx_word' id='word_1_122' title='bbox 194 1788 340 1838; x_wconf 78' lang='grc' dir='ltr'>σμα,</span> <span class='ocrx_word' id='word_1_123' title='bbox 377 1772 471 1824; x_wconf 73' lang='grc' dir='ltr'><strong>καὶ</strong></span> <span class='ocrx_word' id='word_1_124' title='bbox 502 1773 561 1824; x_wconf 80' lang='grc' dir='ltr'><strong>τὸ</strong></span> <span class='ocrx_word' id='word_1_125' title='bbox 599 1772 977 1839; x_wconf 79' lang='grc' dir='ltr'>ἐτεροούσιον</span> <span class='ocrx_word' id='word_1_126' title='bbox 1006 1770 1229 1840; x_wconf 77' lang='grc' dir='ltr'>ἄγραφα</span> <span class='ocrx_word' id='word_1_127' title='bbox 1271 1769 1628 1839; x_wconf 78' lang='grc' dir='ltr'>τυγχάνοντα,</span> <span class='ocrx_word' id='word_1_128' title='bbox 1679 1767 1774 1821; x_wconf 80' lang='grc' dir='ltr'><strong>καὶ</strong></span> 
     </span>
    </p>
   </div>
   <div class='ocr_carea' id='block_1_20' title="bbox 1873 580 3442 653">
    <p class='ocr_par' dir='ltr' id='par_1_20' title="bbox 1873 580 3442 653">
     <span class='ocr_line' id='line_1_20' title="bbox 1873 580 3442 653; baseline -0.001 -17"><span class='ocrx_word' id='word_1_129' title='bbox 1873 590 1926 636; x_wconf 92' lang='lat' dir='ltr'><strong>ct</strong></span> <span class='ocrx_word' id='word_1_130' title='bbox 1950 580 2205 636; x_wconf 79' lang='lat' dir='ltr'><strong>exsilium</strong></span> <span class='ocrx_word' id='word_1_131' title='bbox 2231 596 2354 635; x_wconf 91' lang='lat' dir='ltr'><strong>cum</strong></span> <span class='ocrx_word' id='word_1_132' title='bbox 2374 580 2554 644; x_wconf 73' lang='lat' dir='ltr'><strong>Aetio,</strong></span> <span class='ocrx_word' id='word_1_133' title='bbox 2585 582 2731 637; x_wconf 85' lang='lat' dir='ltr'><strong>velut</strong></span> <span class='ocrx_word' id='word_1_134' title='bbox 2754 582 2932 653; x_wconf 76' lang='lat' dir='ltr'><strong>impiae</strong></span> <span class='ocrx_word' id='word_1_135' title='bbox 2956 581 3242 637; x_wconf 71' lang='lat' dir='ltr'><strong>sententiae</strong></span> <span class='ocrx_word' id='word_1_136' title='bbox 3270 580 3442 645; x_wconf 87' lang='lat' dir='ltr'><strong>socio,</strong></span> 
     </span>
    </p>
   </div>
   <div class='ocr_carea' id='block_1_21' title="bbox 1876 668 3443 742">
    <p class='ocr_par' dir='ltr' id='par_1_21' title="bbox 1876 668 3443 742">
     <span class='ocr_line' id='line_1_21' title="bbox 1876 668 3443 742; baseline -0.004 -17"><span class='ocrx_word' id='word_1_137' title='bbox 1876 672 2218 734; x_wconf 77' lang='lat' dir='ltr'><strong>minabatur,</strong></span> <span class='ocrx_word' id='word_1_138' title='bbox 2279 670 2557 741; x_wconf 86' lang='lat' dir='ltr'><strong>propriam</strong></span> <span class='ocrx_word' id='word_1_139' title='bbox 2639 672 2756 742; x_wconf 87' lang='lat' dir='ltr'><strong>ipse</strong></span> <span class='ocrx_word' id='word_1_140' title='bbox 2810 671 3117 727; x_wconf 85' lang='lat' dir='ltr'><strong>doctrinam</strong></span> <span class='ocrx_word' id='word_1_141' title='bbox 3182 668 3443 740; x_wconf 87' lang='lat' dir='ltr'><strong>ejuravit,</strong></span> 
     </span>
    </p>
   </div>
   <div class='ocr_carea' id='block_1_22' title="bbox 1875 761 3447 837">
    <p class='ocr_par' dir='ltr' id='par_1_22' title="bbox 1875 761 3447 837">
     <span class='ocr_line' id='line_1_22' title="bbox 1875 761 3447 837; baseline -0.001 -21"><span class='ocrx_word' id='word_1_142' title='bbox 1875 779 2040 833; x_wconf 90' lang='lat' dir='ltr'><strong>quam</strong></span> <span class='ocrx_word' id='word_1_143' title='bbox 2070 774 2124 818; x_wconf 90' lang='lat' dir='ltr'><strong>et</strong></span> <span class='ocrx_word' id='word_1_144' title='bbox 2160 764 2254 819; x_wconf 91' lang='lat' dir='ltr'><strong>illo</strong></span> <span class='ocrx_word' id='word_1_145' title='bbox 2294 773 2564 837; x_wconf 90' lang='lat' dir='ltr'><strong>tempore,</strong></span> <span class='ocrx_word' id='word_1_146' title='bbox 2614 772 2670 820; x_wconf 92' lang='lat' dir='ltr'><strong>et</strong></span> <span class='ocrx_word' id='word_1_147' title='bbox 2727 771 2919 834; x_wconf 88' lang='lat' dir='ltr'><strong>postea</strong></span> <span class='ocrx_word' id='word_1_148' title='bbox 2951 778 3165 834; x_wconf 83' lang='lat' dir='ltr'><strong>semper</strong></span> <span class='ocrx_word' id='word_1_149' title='bbox 3198 761 3447 833; x_wconf 90' lang='lat' dir='ltr'><strong>proﬁteri</strong></span> 
     </span>
    </p>
   </div>
   <div class='ocr_carea' id='block_1_23' title="bbox 1876 852 3446 926">
    <p class='ocr_par' dir='ltr' id='par_1_23' title="bbox 1876 852 3446 926">
     <span class='ocr_line' id='line_1_23' title="bbox 1876 852 3446 926; baseline -0.002 -17"><span class='ocrx_word' id='word_1_150' title='bbox 1876 869 1985 909; x_wconf 90' lang='lat' dir='ltr'><strong>non</strong></span> <span class='ocrx_word' id='word_1_151' title='bbox 2017 854 2248 909; x_wconf 86' lang='lat' dir='ltr'><strong>destitit.</strong></span> <span class='ocrx_word' id='word_1_152' title='bbox 2287 858 2546 911; x_wconf 82' lang='lat' dir='ltr'><strong>Attamen</strong></span> <span class='ocrx_word' id='word_1_153' title='bbox 2573 856 2775 926; x_wconf 87' lang='lat' dir='ltr'><strong>objecit</strong></span> <span class='ocrx_word' id='word_1_154' title='bbox 2814 865 2868 913; x_wconf 92' lang='lat' dir='ltr'><strong>et</strong></span> <span class='ocrx_word' id='word_1_155' title='bbox 2901 859 3017 925; x_wconf 87' lang='lat' dir='ltr'><strong>ipse</strong></span> <span class='ocrx_word' id='word_1_156' title='bbox 3056 854 3298 910; x_wconf 78' lang='lat' dir='ltr'><strong>vicissim</strong></span> <span class='ocrx_word' id='word_1_157' title='bbox 3331 852 3446 907; x_wconf 88' lang='lat' dir='ltr'><strong>Eu-</strong></span> 
     </span>
    </p>
   </div>
   <div class='ocr_carea' id='block_1_24' title="bbox 1876 946 3446 1021">
    <p class='ocr_par' dir='ltr' id='par_1_24' title="bbox 1876 946 3446 1021">
     <span class='ocr_line' id='line_1_24' title="bbox 1876 946 3446 1021; baseline -0.001 -20"><span class='ocrx_word' id='word_1_158' title='bbox 1876 947 2082 1002; x_wconf 79' lang='lat' dir='ltr'><strong>statliio</strong></span> <span class='ocrx_word' id='word_1_159' title='bbox 2114 957 2166 1003; x_wconf 90' lang='lat' dir='ltr'><strong>et</strong></span> <span class='ocrx_word' id='word_1_160' title='bbox 2190 949 2379 1015; x_wconf 88' lang='lat' dir='ltr'><strong>sociis,</strong></span> <span class='ocrx_word' id='word_1_161' title='bbox 2424 950 2685 1004; x_wconf 76' lang='lat' dir='ltr'><strong>homousii</strong></span> <span class='ocrx_word' id='word_1_162' title='bbox 2715 966 2933 1021; x_wconf 90' lang='lat' dir='ltr'><strong>quoque</strong></span> <span class='ocrx_word' id='word_1_163' title='bbox 2962 964 3181 1015; x_wconf 90' lang='lat' dir='ltr'><strong>nomen,</strong></span> <span class='ocrx_word' id='word_1_164' title='bbox 3215 946 3361 1019; x_wconf 89' lang='lat' dir='ltr'><strong>quod</strong></span> <span class='ocrx_word' id='word_1_165' title='bbox 3392 948 3446 999; x_wconf 90' lang='lat' dir='ltr'><strong>in</strong></span> 
     </span>
    </p>
   </div>
   <div class='ocr_carea' id='block_1_25' title="bbox 1877 1037 3444 1112">
    <p class='ocr_par' dir='ltr' id='par_1_25' title="bbox 1877 1037 3444 1112">
     <span class='ocr_line' id='line_1_25' title="bbox 1877 1037 3444 1112; baseline -0.001 -20"><span class='ocrx_word' id='word_1_166' title='bbox 1877 1037 2182 1109; x_wconf 72' lang='lat' dir='ltr'><strong>Scriptura:</strong></span> <span class='ocrx_word' id='word_1_167' title='bbox 2238 1056 2349 1095; x_wconf 92' lang='lat' dir='ltr'><strong>non</strong></span> <span class='ocrx_word' id='word_1_168' title='bbox 2396 1048 2595 1106; x_wconf 81' lang='lat' dir='ltr'><strong>exstet,</strong></span> <span class='ocrx_word' id='word_1_169' title='bbox 2660 1042 2921 1097; x_wconf 83' lang='lat' dir='ltr'><strong>damnare</strong></span> <span class='ocrx_word' id='word_1_170' title='bbox 2975 1041 3127 1112; x_wconf 89' lang='lat' dir='ltr'><strong>ipsos</strong></span> <span class='ocrx_word' id='word_1_171' title='bbox 3170 1046 3444 1109; x_wconf 85' lang='lat' dir='ltr'><strong>oportere.</strong></span> 
     </span>
    </p>
   </div>
   <div class='ocr_carea' id='block_1_26' title="bbox 1880 1129 3449 1199">
    <p class='ocr_par' dir='ltr' id='par_1_26' title="bbox 1880 1129 3449 1199">
     <span class='ocr_line' id='line_1_26' title="bbox 1880 1129 3449 1199; baseline -0.002 -16"><span class='ocrx_word' id='word_1_172' title='bbox 1880 1129 1986 1184; x_wconf 87' lang='lat' dir='ltr'><strong>Sed</strong></span> <span class='ocrx_word' id='word_1_173' title='bbox 2032 1140 2087 1186; x_wconf 91' lang='lat' dir='ltr'><strong>et</strong></span> <span class='ocrx_word' id='word_1_174' title='bbox 2129 1146 2196 1185; x_wconf 79' lang='lat' dir='ltr'><strong>ea:</strong></span> <span class='ocrx_word' id='word_1_175' title='bbox 2226 1148 2329 1185; x_wconf 84' lang='lat' dir='ltr'><strong>non</strong></span> <span class='ocrx_word' id='word_1_176' title='bbox 2355 1132 2708 1199; x_wconf 74' lang='lat' dir='ltr'><strong>exstantibus,</strong></span> <span class='ocrx_word' id='word_1_177' title='bbox 2736 1132 2816 1187; x_wconf 92' lang='lat' dir='ltr'><strong>ait</strong></span> <span class='ocrx_word' id='word_1_178' title='bbox 2846 1132 3126 1197; x_wconf 80' lang='lat' dir='ltr'><strong>Silvanus,</strong></span> <span class='ocrx_word' id='word_1_179' title='bbox 3154 1140 3209 1186; x_wconf 88' lang='lat' dir='ltr'><strong>et</strong></span> <span class='ocrx_word' id='word_1_180' title='bbox 3234 1138 3449 1183; x_wconf 80' lang='lat' dir='ltr'><strong>creatu-</strong></span> 
     </span>
    </p>
   </div>
   <div class='ocr_carea' id='block_1_27' title="bbox 1879 1223 3447 1294">
    <p class='ocr_par' dir='ltr' id='par_1_27' title="bbox 1879 1223 3447 1294">
     <span class='ocr_line' id='line_1_27' title="bbox 1879 1223 3447 1294; baseline -0.001 -19"><span class='ocrx_word' id='word_1_181' title='bbox 1879 1239 2015 1287; x_wconf 83' lang='lat' dir='ltr'><strong>ram,</strong></span> <span class='ocrx_word' id='word_1_182' title='bbox 2046 1231 2099 1278; x_wconf 89' lang='lat' dir='ltr'><strong>et</strong></span> <span class='ocrx_word' id='word_1_183' title='bbox 2134 1223 2357 1277; x_wconf 85' lang='lat' dir='ltr'><strong>alterius</strong></span> <span class='ocrx_word' id='word_1_184' title='bbox 2398 1223 2733 1288; x_wconf 62' lang='lat' dir='ltr'><strong>substantiis,</strong></span> <span class='ocrx_word' id='word_1_185' title='bbox 2768 1240 2890 1294; x_wconf 66' lang='lat' dir='ltr'><strong>qua:</strong></span> <span class='ocrx_word' id='word_1_186' title='bbox 2920 1225 2976 1278; x_wconf 89' lang='lat' dir='ltr'><strong>iu</strong></span> <span class='ocrx_word' id='word_1_187' title='bbox 3021 1224 3309 1293; x_wconf 84' lang='lat' dir='ltr'><strong>Scriptura</strong></span> <span class='ocrx_word' id='word_1_188' title='bbox 3337 1235 3447 1276; x_wconf 88' lang='lat' dir='ltr'><strong>non</strong></span> 
     </span>
    </p>
   </div>
   <div class='ocr_carea' id='block_1_28' title="bbox 1880 1311 3451 1385">
    <p class='ocr_par' dir='ltr' id='par_1_28' title="bbox 1880 1311 3451 1385">
     <span class='ocr_line' id='line_1_28' title="bbox 1880 1311 3451 1385; baseline -0.003 -17"><span class='ocrx_word' id='word_1_189' title='bbox 1880 1321 2029 1375; x_wconf 89' lang='lat' dir='ltr'><strong>sunt,</strong></span> <span class='ocrx_word' id='word_1_190' title='bbox 2064 1321 2119 1367; x_wconf 84' lang='lat' dir='ltr'><strong>ct</strong></span> <span class='ocrx_word' id='word_1_191' title='bbox 2151 1329 2330 1383; x_wconf 89' lang='lat' dir='ltr'><strong>neque</strong></span> <span class='ocrx_word' id='word_1_192' title='bbox 2367 1314 2421 1368; x_wconf 89' lang='lat' dir='ltr'><strong>in</strong></span> <span class='ocrx_word' id='word_1_193' title='bbox 2449 1314 2805 1383; x_wconf 83' lang='lat' dir='ltr'><strong>propheticis,</strong></span> <span class='ocrx_word' id='word_1_194' title='bbox 2844 1330 3019 1385; x_wconf 87' lang='lat' dir='ltr'><strong>neque</strong></span> <span class='ocrx_word' id='word_1_195' title='bbox 3049 1315 3103 1367; x_wconf 90' lang='lat' dir='ltr'><strong>in</strong></span> <span class='ocrx_word' id='word_1_196' title='bbox 3134 1311 3451 1383; x_wconf 81' lang='lat' dir='ltr'><strong>apostolicis</strong></span> 
     </span>
    </p>
   </div>
   <div class='ocr_carea' id='block_1_29' title="bbox 1880 1405 3452 1477">
    <p class='ocr_par' dir='ltr' id='par_1_29' title="bbox 1880 1405 3452 1477">
     <span class='ocr_line' id='line_1_29' title="bbox 1880 1405 3452 1477; baseline -0.006 -12"><span class='ocrx_word' id='word_1_197' title='bbox 1880 1405 2105 1475; x_wconf 83' lang='lat' dir='ltr'><strong>scriptis</strong></span> <span class='ocrx_word' id='word_1_198' title='bbox 2151 1406 2320 1477; x_wconf 78' lang='lat'><strong>898</strong></span> <span class='ocrx_word' id='word_1_199' title='bbox 2372 1422 2605 1477; x_wconf 77' lang='lat' dir='ltr'><strong>usquam</strong></span> <span class='ocrx_word' id='word_1_200' title='bbox 2664 1407 3013 1477; x_wconf 87' lang='lat' dir='ltr'><strong>reperiuntur</strong></span> <span class='ocrx_word' id='word_1_201' title='bbox 3042 1448 3057 1472; x_wconf 92' lang='lat'><strong>,</strong></span> <span class='ocrx_word' id='word_1_202' title='bbox 3117 1420 3332 1475; x_wconf 65' lang='lat' dir='ltr'><strong>aequum</strong></span> <span class='ocrx_word' id='word_1_203' title='bbox 3366 1410 3452 1458; x_wconf 80' lang='lat' dir='ltr'><strong>est</strong></span> 
     </span>
    </p>
   </div>
   <div class='ocr_carea' id='block_1_30' title="bbox 1882 1494 3450 1570">
    <p class='ocr_par' dir='ltr' id='par_1_30' title="bbox 1882 1494 3450 1570">
     <span class='ocr_line' id='line_1_30' title="bbox 1882 1494 3450 1570; baseline -0.003 -22"><span class='ocrx_word' id='word_1_204' title='bbox 1882 1494 2009 1552; x_wconf 90' lang='lat' dir='ltr'><strong>illos</strong></span> <span class='ocrx_word' id='word_1_205' title='bbox 2048 1511 2330 1568; x_wconf 75' lang='lat' dir='ltr'><strong>respuere,</strong></span> <span class='ocrx_word' id='word_1_206' title='bbox 2359 1506 2524 1570; x_wconf 91' lang='lat' dir='ltr'><strong>atque</strong></span> <span class='ocrx_word' id='word_1_207' title='bbox 2571 1514 2637 1554; x_wconf 82' lang='lat' dir='ltr'><strong>ex</strong></span> <span class='ocrx_word' id='word_1_208' title='bbox 2669 1500 2874 1554; x_wconf 78' lang='lat' dir='ltr'><strong>divinis</strong></span> <span class='ocrx_word' id='word_1_209' title='bbox 2926 1498 3165 1553; x_wconf 62' lang='lat' dir='ltr'><strong>coetibus</strong></span> <span class='ocrx_word' id='word_1_210' title='bbox 3193 1494 3450 1549; x_wconf 77' lang='lat' dir='ltr'><strong>exterrui-</strong></span> 
     </span>
    </p>
   </div>
   <div class='ocr_carea' id='block_1_31' title="bbox 1880 1583 3451 1658">
    <p class='ocr_par' dir='ltr' id='par_1_31' title="bbox 1880 1583 3451 1658">
     <span class='ocr_line' id='line_1_31' title="bbox 1880 1583 3451 1658; baseline -0.002 -21"><span class='ocrx_word' id='word_1_211' title='bbox 1880 1598 2035 1639; x_wconf 90' lang='lat' dir='ltr'><strong>nare.</strong></span> <span class='ocrx_word' id='word_1_212' title='bbox 2064 1583 2159 1641; x_wconf 84' lang='lat' dir='ltr'><strong>His</strong></span> <span class='ocrx_word' id='word_1_213' title='bbox 2193 1600 2457 1643; x_wconf 87' lang='lat' dir='ltr'><strong>assensus</strong></span> <span class='ocrx_word' id='word_1_214' title='bbox 2483 1596 2567 1643; x_wconf 88' lang='lat' dir='ltr'><strong>est</strong></span> <span class='ocrx_word' id='word_1_215' title='bbox 2616 1588 2937 1658; x_wconf 89' lang='lat' dir='ltr'><strong>imperator,</strong></span> <span class='ocrx_word' id='word_1_216' title='bbox 2977 1594 3031 1642; x_wconf 89' lang='lat' dir='ltr'><strong>et</strong></span> <span class='ocrx_word' id='word_1_217' title='bbox 3064 1597 3120 1641; x_wconf 93' lang='lat' dir='ltr'><strong>ut</strong></span> <span class='ocrx_word' id='word_1_218' title='bbox 3153 1584 3451 1639; x_wconf 82' lang='lat' dir='ltr'><strong>anathema</strong></span> 
     </span>
    </p>
   </div>
   <div class='ocr_carea' id='block_1_32' title="bbox 1880 1676 3452 1750">
    <p class='ocr_par' dir='ltr' id='par_1_32' title="bbox 1880 1676 3452 1750">
     <span class='ocr_line' id='line_1_32' title="bbox 1880 1676 3452 1750; baseline -0.003 -18"><span class='ocrx_word' id='word_1_219' title='bbox 1880 1676 2128 1732; x_wconf 87' lang='lat' dir='ltr'><strong>dicerent</strong></span> <span class='ocrx_word' id='word_1_220' title='bbox 2156 1677 2467 1748; x_wconf 83' lang='lat' dir='ltr'><strong>imperavit.</strong></span> <span class='ocrx_word' id='word_1_221' title='bbox 2505 1678 2585 1735; x_wconf 82' lang='lat' dir='ltr'><strong>illi</strong></span> <span class='ocrx_word' id='word_1_222' title='bbox 2621 1690 2802 1736; x_wconf 87' lang='lat' dir='ltr'><strong>autem</strong></span> <span class='ocrx_word' id='word_1_223' title='bbox 2836 1680 3075 1750; x_wconf 90' lang='lat' dir='ltr'><strong>primum</strong></span> <span class='ocrx_word' id='word_1_224' title='bbox 3113 1676 3335 1748; x_wconf 78' lang='lat' dir='ltr'><strong>quidem</strong></span> <span class='ocrx_word' id='word_1_225' title='bbox 3364 1689 3452 1729; x_wconf 88' lang='lat' dir='ltr'><strong>re-</strong></span> 
     </span>
    </p>
   </div>
   <div class='ocr_carea' id='block_1_33' title="bbox 1879 1772 3454 1843">
    <p class='ocr_par' dir='ltr' id='par_1_33' title="bbox 1879 1772 3454 1843">
     <span class='ocr_line' id='line_1_33' title="bbox 1879 1772 3454 1843; baseline -0.002 -19"><span class='ocrx_word' id='word_1_226' title='bbox 1879 1777 2193 1839; x_wconf 79' lang='lat' dir='ltr'><strong>pugnarunt</strong></span> <span class='ocrx_word' id='word_1_227' title='bbox 2222 1788 2237 1823; x_wconf 88' lang='lat'><strong>:</strong></span> <span class='ocrx_word' id='word_1_228' title='bbox 2281 1779 2471 1841; x_wconf 84' lang='lat' dir='ltr'><strong>postea</strong></span> <span class='ocrx_word' id='word_1_229' title='bbox 2507 1788 2639 1828; x_wconf 88' lang='lat' dir='ltr'><strong>vero</strong></span> <span class='ocrx_word' id='word_1_230' title='bbox 2666 1772 3015 1843; x_wconf 84' lang='lat' dir='ltr'><strong>imperatoris</strong></span> <span class='ocrx_word' id='word_1_231' title='bbox 3047 1772 3186 1826; x_wconf 89' lang='lat' dir='ltr'><strong>iram</strong></span> <span class='ocrx_word' id='word_1_232' title='bbox 3217 1784 3454 1824; x_wconf 87' lang='lat' dir='ltr'><strong>cernen-</strong></span> 
     </span>
    </p>
   </div>
   <div class='ocr_carea' id='block_1_34' title="bbox 190 1858 1776 1933">
    <p class='ocr_par' dir='ltr' id='par_1_34' title="bbox 190 1859 1775 1933">
     <span class='ocr_line' id='line_1_34' title="bbox 190 1859 1775 1933; baseline -0.001 -20"><span class='ocrx_word' id='word_1_233' title='bbox 190 1861 319 1915; x_wconf 81' lang='grc' dir='ltr'>οὐτε</span> <span class='ocrx_word' id='word_1_234' title='bbox 359 1864 745 1933; x_wconf 80' lang='grc' dir='ltr'>προφητικοῖς,</span> <span class='ocrx_word' id='word_1_235' title='bbox 786 1861 911 1915; x_wconf 76' lang='grc' dir='ltr'>οὐτε</span> <span class='ocrx_word' id='word_1_236' title='bbox 956 1861 1331 1924; x_wconf 74' lang='grc' dir='ltr'>ἀποπολικοῖς</span> <span class='ocrx_word' id='word_1_237' title='bbox 1378 1859 1579 1928; x_wconf 81' lang='grc' dir='ltr'>λογίοις</span> <span class='ocrx_word' id='word_1_238' title='bbox 1606 1876 1775 1929; x_wconf 88' lang='grc' dir='ltr'>προσ-</span> 
     </span>
    </p>
   </div>
   <div class='ocr_carea' id='block_1_35' title="bbox 1880 1858 3455 1933">
    <p class='ocr_par' dir='ltr' id='par_1_35' title="bbox 1880 1860 3455 1930">
     <span class='ocr_line' id='line_1_35' title="bbox 1880 1860 3455 1930; baseline 0.001 -19"><span class='ocrx_word' id='word_1_239' title='bbox 1880 1866 1981 1921; x_wconf 88' lang='lat' dir='ltr'><strong>tes,</strong></span> <span class='ocrx_word' id='word_1_240' title='bbox 2012 1874 2156 1929; x_wconf 65' lang='lat' dir='ltr'><strong>aegre</strong></span> <span class='ocrx_word' id='word_1_241' title='bbox 2206 1860 2451 1929; x_wconf 87' lang='lat' dir='ltr'><strong>quidem,</strong></span> <span class='ocrx_word' id='word_1_242' title='bbox 2487 1864 2581 1917; x_wconf 85' lang='lat' dir='ltr'><strong>sed</strong></span> <span class='ocrx_word' id='word_1_243' title='bbox 2620 1865 2951 1918; x_wconf 90' lang='lat' dir='ltr'><strong>damnarunt</strong></span> <span class='ocrx_word' id='word_1_244' title='bbox 2988 1874 3173 1917; x_wconf 87' lang='lat' dir='ltr'><strong>tamen</strong></span> <span class='ocrx_word' id='word_1_245' title='bbox 3218 1876 3282 1916; x_wconf 87' lang='lat' dir='ltr'><strong>ea</strong></span> <span class='ocrx_word' id='word_1_246' title='bbox 3330 1874 3455 1930; x_wconf 83' lang='lat' dir='ltr'><strong>quae</strong></span> 
     </span>
    </p>
   </div>
   <div class='ocr_carea' id='block_1_36' title="bbox 194 1951 1777 2025">
    <p class='ocr_par' dir='ltr' id='par_1_36' title="bbox 194 1951 1777 2025">
     <span class='ocr_line' id='line_1_36' title="bbox 194 1951 1777 2025; baseline -0.002 -18"><span class='ocrx_word' id='word_1_247' title='bbox 194 1954 451 2025; x_wconf 82' lang='grc' dir='ltr'>κείμενα,</span> <span class='ocrx_word' id='word_1_248' title='bbox 476 1955 684 2008; x_wconf 82' lang='grc' dir='ltr'>δίκαιον</span> <span class='ocrx_word' id='word_1_249' title='bbox 725 1954 924 2018; x_wconf 81' lang='grc' dir='ltr'>αὐτοὺς</span> <span class='ocrx_word' id='word_1_250' title='bbox 960 1952 1327 2024; x_wconf 79' lang='grc' dir='ltr'>ἀποκηρῦξαι,</span> <span class='ocrx_word' id='word_1_251' title='bbox 1379 1953 1471 2005; x_wconf 82' lang='grc' dir='ltr'><strong>καὶ</strong></span> <span class='ocrx_word' id='word_1_252' title='bbox 1502 1952 1661 2005; x_wconf 86' lang='grc' dir='ltr'>θείων</span> <span class='ocrx_word' id='word_1_253' title='bbox 1694 1951 1777 2019; x_wconf 81' lang='grc' dir='ltr'>ἐξ·</span> 
     </span>
    </p>
   </div>
   <div class='ocr_carea' id='block_1_37' title="bbox 194 2043 1775 2115">
    <p class='ocr_par' dir='ltr' id='par_1_37' title="bbox 194 2043 1775 2115">
     <span class='ocr_line' id='line_1_37' title="bbox 194 2043 1775 2115; baseline -0.003 -16"><span class='ocrx_word' id='word_1_254' title='bbox 194 2047 388 2101; x_wconf 78' lang='grc' dir='ltr'>ελάσαι</span> <span class='ocrx_word' id='word_1_255' title='bbox 437 2046 728 2113; x_wconf 81' lang='grc' dir='ltr'>συλλόγων.</span> <span class='ocrx_word' id='word_1_256' title='bbox 760 2044 983 2109; x_wconf 83' lang='grc' dir='ltr'>Τούτοις</span> <span class='ocrx_word' id='word_1_257' title='bbox 1032 2044 1128 2098; x_wconf 77' lang='grc' dir='ltr'>καὶ</span> <span class='ocrx_word' id='word_1_258' title='bbox 1159 2043 1410 2114; x_wconf 81' lang='grc' dir='ltr'>βασιλεὺς</span> <span class='ocrx_word' id='word_1_259' title='bbox 1449 2044 1775 2115; x_wconf 53' lang='grc' dir='ltr'>ἐπεψήφισε,</span> 
     </span>
    </p>
   </div>
   <div class='ocr_carea' id='block_1_38' title="bbox 193 2134 1778 2206">
    <p class='ocr_par' dir='ltr' id='par_1_38' title="bbox 193 2134 1778 2206">
     <span class='ocr_line' id='line_1_38' title="bbox 193 2134 1778 2206; baseline -0.001 -17"><span class='ocrx_word' id='word_1_260' title='bbox 193 2136 292 2189; x_wconf 65' lang='lat' dir='ltr'><strong>xa‘t</strong></span> <span class='ocrx_word' id='word_1_261' title='bbox 322 2135 743 2204; x_wconf 76' lang='grc' dir='ltr'>ἀναθεματίζειν</span> <span class='ocrx_word' id='word_1_262' title='bbox 770 2135 1009 2198; x_wconf 77' lang='grc' dir='ltr'>ἐκείνους</span> <span class='ocrx_word' id='word_1_263' title='bbox 1052 2134 1357 2188; x_wconf 77' lang='grc' dir='ltr'>ἐκέλευσεν.</span> <span class='ocrx_word' id='word_1_264' title='bbox 1388 2137 1450 2188; x_wconf 73' lang='lat' dir='ltr'><strong>Ut</strong></span> <span class='ocrx_word' id='word_1_265' title='bbox 1490 2136 1546 2189; x_wconf 78' lang='grc' dir='ltr'>δὲ</span> <span class='ocrx_word' id='word_1_266' title='bbox 1573 2135 1641 2189; x_wconf 84' lang='grc' dir='ltr'><strong>τά</strong></span> <span class='ocrx_word' id='word_1_267' title='bbox 1678 2134 1778 2206; x_wconf 79' lang='grc' dir='ltr'>μὲν</span> 
     </span>
    </p>
   </div>
   <div class='ocr_carea' id='block_1_39' title="bbox 195 2224 1777 2297">
    <p class='ocr_par' dir='ltr' id='par_1_39' title="bbox 195 2224 1777 2297">
     <span class='ocr_line' id='line_1_39' title="bbox 195 2224 1777 2297; baseline 0 -18"><span class='ocrx_word' id='word_1_268' title='bbox 195 2226 393 2297; x_wconf 81' lang='grc' dir='ltr'>πρῶτα</span> <span class='ocrx_word' id='word_1_269' title='bbox 438 2228 517 2288; x_wconf 88' lang='grc' dir='ltr'><strong>είς</strong></span> <span class='ocrx_word' id='word_1_270' title='bbox 548 2226 857 2294; x_wconf 78' lang='grc' dir='ltr'>ἀντιλογίαν</span> <span class='ocrx_word' id='word_1_271' title='bbox 904 2224 1230 2279; x_wconf 86' lang='grc' dir='ltr'>καθίσταντο</span> <span class='ocrx_word' id='word_1_272' title='bbox 1251 2243 1265 2258; x_wconf 90' lang='grc'><strong>·</strong></span> <span class='ocrx_word' id='word_1_273' title='bbox 1301 2227 1527 2297; x_wconf 81' lang='grc' dir='ltr'>ὕστερον</span> <span class='ocrx_word' id='word_1_274' title='bbox 1573 2227 1652 2292; x_wconf 85' lang='grc' dir='ltr'><strong>δέ,</strong></span> <span class='ocrx_word' id='word_1_275' title='bbox 1681 2225 1777 2281; x_wconf 83' lang='grc' dir='ltr'><strong>τοῦ</strong></span> 
     </span>
    </p>
   </div>
   <div class='ocr_carea' id='block_1_40' title="bbox 195 2318 1774 2391">
    <p class='ocr_par' dir='ltr' id='par_1_40' title="bbox 195 2318 1774 2391">
     <span class='ocr_line' id='line_1_40' title="bbox 195 2318 1774 2391; baseline -0.001 -19"><span class='ocrx_word' id='word_1_276' title='bbox 195 2319 467 2389; x_wconf 77' lang='grc' dir='ltr'>βασιλέως</span> <span class='ocrx_word' id='word_1_277' title='bbox 495 2318 586 2371; x_wconf 81' lang='grc' dir='ltr'><strong>τὸν</strong></span> <span class='ocrx_word' id='word_1_278' title='bbox 614 2319 784 2389; x_wconf 81' lang='grc' dir='ltr'>θυμὸν</span> <span class='ocrx_word' id='word_1_279' title='bbox 817 2318 1164 2390; x_wconf 86' lang='grc' dir='ltr'>θεασάμενοι,</span> <span class='ocrx_word' id='word_1_280' title='bbox 1192 2320 1631 2391; x_wconf 80' lang='grc' dir='ltr'>δυσχεραίνοντες</span> <span class='ocrx_word' id='word_1_281' title='bbox 1655 2319 1774 2389; x_wconf 75' lang='grc' dir='ltr'>μὲν,</span> 
     </span>
    </p>
   </div>
   <div class='ocr_carea' id='block_1_41' title="bbox 195 2412 1779 2485">
    <p class='ocr_par' dir='ltr' id='par_1_41' title="bbox 195 2412 1779 2485">
     <span class='ocr_line' id='line_1_41' title="bbox 195 2412 1779 2485; baseline 0.001 -19"><span class='ocrx_word' id='word_1_282' title='bbox 195 2412 555 2483; x_wconf 75' lang='grc' dir='ltr'>ἀπεκήρυξαν</span> <span class='ocrx_word' id='word_1_283' title='bbox 586 2414 643 2466; x_wconf 82' lang='grc' dir='ltr'><strong>δὲ</strong></span> <span class='ocrx_word' id='word_1_284' title='bbox 676 2415 825 2479; x_wconf 81' lang='grc' dir='ltr'>ὅμως</span> <span class='ocrx_word' id='word_1_285' title='bbox 869 2414 1012 2485; x_wconf 79' lang='grc' dir='ltr'>ἅπερ</span> <span class='ocrx_word' id='word_1_286' title='bbox 1042 2414 1071 2467; x_wconf 90' lang='lat'><strong>6</strong></span> <span class='ocrx_word' id='word_1_287' title='bbox 1113 2414 1369 2475; x_wconf 79' lang='grc' dir='ltr'>Σιλδανδς</span> <span class='ocrx_word' id='word_1_288' title='bbox 1397 2414 1579 2477; x_wconf 79' lang='grc' dir='ltr'>αὐτοῖς</span> <span class='ocrx_word' id='word_1_289' title='bbox 1609 2413 1779 2485; x_wconf 75' lang='grc' dir='ltr'>προῦ-</span> 
     </span>
    </p>
   </div>
   <div class='ocr_carea' id='block_1_42' title="bbox 194 2504 1781 2577">
    <p class='ocr_par' dir='ltr' id='par_1_42' title="bbox 194 2504 1781 2577">
     <span class='ocr_line' id='line_1_42' title="bbox 194 2504 1781 2577; baseline -0.001 -18"><span class='ocrx_word' id='word_1_290' title='bbox 194 2523 394 2559; x_wconf 89' lang='grc' dir='ltr'>τεινεν.</span> <span class='ocrx_word' id='word_1_291' title='bbox 442 2505 754 2559; x_wconf 79' lang='grc' dir='ltr'>Ἑπέκειντο</span> <span class='ocrx_word' id='word_1_292' title='bbox 776 2505 833 2557; x_wconf 79' lang='grc' dir='ltr'>δὲ</span> <span class='ocrx_word' id='word_1_293' title='bbox 855 2504 1041 2558; x_wconf 79' lang='grc' dir='ltr'>λοιπὸν</span> <span class='ocrx_word' id='word_1_294' title='bbox 1064 2504 1441 2577; x_wconf 79' lang='grc' dir='ltr'>σφοδρότερον,</span> <span class='ocrx_word' id='word_1_295' title='bbox 1466 2504 1559 2558; x_wconf 88' lang='grc' dir='ltr'><strong>τοῦ</strong></span> <span class='ocrx_word' id='word_1_296' title='bbox 1588 2507 1781 2575; x_wconf 87' lang='grc' dir='ltr'>ὁμοου-</span> 
     </span>
    </p>
   </div>
   <div class='ocr_carea' id='block_1_43' title="bbox 195 2597 1781 2669">
    <p class='ocr_par' dir='ltr' id='par_1_43' title="bbox 195 2597 1781 2669">
     <span class='ocr_line' id='line_1_43' title="bbox 195 2597 1781 2669; baseline -0.002 -16"><span class='ocrx_word' id='word_1_297' title='bbox 195 2600 317 2653; x_wconf 81' lang='grc' dir='ltr'>σίου</span> <span class='ocrx_word' id='word_1_298' title='bbox 350 2600 447 2653; x_wconf 83' lang='grc' dir='ltr'><strong>τὸν</strong></span> <span class='ocrx_word' id='word_1_299' title='bbox 475 2598 918 2668; x_wconf 80' lang='grc' dir='ltr'>ἀναθεματισμδν</span> <span class='ocrx_word' id='word_1_300' title='bbox 947 2598 1417 2669; x_wconf 75' lang='grc' dir='ltr'>εἰσπραττόμενοι.</span> <span class='ocrx_word' id='word_1_301' title='bbox 1463 2598 1623 2652; x_wconf 82' lang='grc' dir='ltr'>Ἀλλά</span> <span class='ocrx_word' id='word_1_302' title='bbox 1655 2597 1781 2651; x_wconf 83' lang='grc' dir='ltr'>συλ-</span> 
     </span>
    </p>
   </div>
   <div class='ocr_carea' id='block_1_44' title="bbox 198 2689 1780 2762">
    <p class='ocr_par' dir='ltr' id='par_1_44' title="bbox 198 2689 1780 2762">
     <span class='ocr_line' id='line_1_44' title="bbox 198 2689 1780 2762; baseline -0.001 -18"><span class='ocrx_word' id='word_1_303' title='bbox 198 2691 528 2762; x_wconf 82' lang='grc' dir='ltr'>λογιστικῶς</span> <span class='ocrx_word' id='word_1_304' title='bbox 572 2708 633 2744; x_wconf 88' lang='grc' dir='ltr'><strong>τε</strong></span> <span class='ocrx_word' id='word_1_305' title='bbox 660 2692 755 2745; x_wconf 78' lang='grc' dir='ltr'>καὶ</span> <span class='ocrx_word' id='word_1_306' title='bbox 792 2690 1010 2761; x_wconf 85' lang='grc' dir='ltr'>ἀληθῶς</span> <span class='ocrx_word' id='word_1_307' title='bbox 1062 2693 1091 2744; x_wconf 93' lang='grc' dir='ltr'><strong>ό</strong></span> <span class='ocrx_word' id='word_1_308' title='bbox 1120 2689 1379 2754; x_wconf 78' lang='grc' dir='ltr'>Σιλϐανδς</span> <span class='ocrx_word' id='word_1_309' title='bbox 1412 2691 1549 2762; x_wconf 89' lang='grc' dir='ltr'>πρός</span> <span class='ocrx_word' id='word_1_310' title='bbox 1579 2707 1639 2743; x_wconf 88' lang='grc' dir='ltr'><strong>τε</strong></span> <span class='ocrx_word' id='word_1_311' title='bbox 1682 2691 1780 2744; x_wconf 87' lang='grc' dir='ltr'>αὐ-</span> 
     </span>
    </p>
   </div>
   <div class='ocr_carea' id='block_1_45' title="bbox 195 2781 1778 2852">
    <p class='ocr_par' dir='ltr' id='par_1_45' title="bbox 195 2781 1778 2852">
     <span class='ocr_line' id='line_1_45' title="bbox 195 2781 1778 2852; baseline -0.003 -15"><span class='ocrx_word' id='word_1_312' title='bbox 195 2786 324 2847; x_wconf 77' lang='grc' dir='ltr'>τοὺς</span> <span class='ocrx_word' id='word_1_313' title='bbox 352 2785 451 2837; x_wconf 70' lang='grc' dir='ltr'><strong>καὶ</strong></span> <span class='ocrx_word' id='word_1_314' title='bbox 475 2783 567 2836; x_wconf 67' lang='grc' dir='ltr'>τὴν</span> <span class='ocrx_word' id='word_1_315' title='bbox 597 2782 820 2851; x_wconf 76' lang='grc' dir='ltr'>βασιλέα</span> <span class='ocrx_word' id='word_1_316' title='bbox 844 2782 946 2852; x_wconf 78' lang='grc' dir='ltr'><strong>ἐφη</strong></span> <span class='ocrx_word' id='word_1_317' title='bbox 967 2798 980 2812; x_wconf 92' lang='grc'>·</span> <span class='ocrx_word' id='word_1_318' title='bbox 1004 2782 1067 2835; x_wconf 80' lang='lat' dir='ltr'><strong>Et</strong></span> <span class='ocrx_word' id='word_1_319' title='bbox 1089 2781 1149 2846; x_wconf 78' lang='grc' dir='ltr'><strong>ἐξ</strong></span> <span class='ocrx_word' id='word_1_320' title='bbox 1175 2782 1275 2835; x_wconf 87' lang='grc' dir='ltr'><strong>οὐκ</strong></span> <span class='ocrx_word' id='word_1_321' title='bbox 1300 2781 1469 2835; x_wconf 75' lang='grc' dir='ltr'>ὄντων</span> <span class='ocrx_word' id='word_1_322' title='bbox 1488 2781 1586 2833; x_wconf 80' lang='grc' dir='ltr'><strong>οὐκ</strong></span> <span class='ocrx_word' id='word_1_323' title='bbox 1612 2781 1778 2846; x_wconf 84' lang='grc' dir='ltr'>ἐστιν,</span> 
     </span>
    </p>
   </div>
   <div class='ocr_carea' id='block_1_46' title="bbox 193 2872 1778 2946">
    <p class='ocr_par' dir='ltr' id='par_1_46' title="bbox 193 2872 1778 2946">
     <span class='ocr_line' id='line_1_46' title="bbox 193 2872 1778 2946; baseline -0.003 -16"><span class='ocrx_word' id='word_1_324' title='bbox 193 2876 322 2930; x_wconf 71' lang='grc' dir='ltr'>οὔτε</span> <span class='ocrx_word' id='word_1_325' title='bbox 376 2877 603 2946; x_wconf 82' lang='grc' dir='ltr'>κτίσμα,</span> <span class='ocrx_word' id='word_1_326' title='bbox 654 2875 778 2929; x_wconf 80' lang='grc' dir='ltr'>οὐτε</span> <span class='ocrx_word' id='word_1_327' title='bbox 818 2876 875 2942; x_wconf 87' lang='grc' dir='ltr'><strong>ἐξ</strong></span> <span class='ocrx_word' id='word_1_328' title='bbox 904 2875 1099 2945; x_wconf 76' lang='grc' dir='ltr'>ἐτέρας</span> <span class='ocrx_word' id='word_1_329' title='bbox 1144 2872 1333 2938; x_wconf 84' lang='grc' dir='ltr'>οὐσίας</span> <span class='ocrx_word' id='word_1_330' title='bbox 1364 2874 1394 2926; x_wconf 89' lang='lat'><strong>6</strong></span> <span class='ocrx_word' id='word_1_331' title='bbox 1421 2872 1553 2938; x_wconf 78' lang='grc' dir='ltr'>Θεὸς</span> <span class='ocrx_word' id='word_1_332' title='bbox 1585 2874 1778 2941; x_wconf 81' lang='grc' dir='ltr'>Λόγος,</span> 
     </span>
    </p>
   </div>
   <div class='ocr_carea' id='block_1_47' title="bbox 195 2963 1781 3039">
    <p class='ocr_par' dir='ltr' id='par_1_47' title="bbox 195 2963 1781 3039">
     <span class='ocr_line' id='line_1_47' title="bbox 195 2963 1781 3039; baseline -0.004 -17"><span class='ocrx_word' id='word_1_333' title='bbox 195 2968 484 3039; x_wconf 75' lang='grc' dir='ltr'>ὁμοούσιος</span> <span class='ocrx_word' id='word_1_334' title='bbox 518 2968 624 3039; x_wconf 84' lang='grc' dir='ltr'><strong>ἀρα</strong></span> <span class='ocrx_word' id='word_1_335' title='bbox 654 2966 770 3020; x_wconf 81' lang='grc' dir='ltr'>ἐστὶ</span> <span class='ocrx_word' id='word_1_336' title='bbox 796 2966 873 3035; x_wconf 84' lang='grc' dir='ltr'>τῷ</span> <span class='ocrx_word' id='word_1_337' title='bbox 902 2965 1252 3038; x_wconf 80' lang='grc' dir='ltr'>γεγεννηκότι</span> <span class='ocrx_word' id='word_1_338' title='bbox 1280 2964 1422 3036; x_wconf 85' lang='grc' dir='ltr'>Θεῷ,</span> <span class='ocrx_word' id='word_1_339' title='bbox 1448 2963 1524 3028; x_wconf 82' lang='grc' dir='ltr'>ὡς</span> <span class='ocrx_word' id='word_1_340' title='bbox 1549 2963 1681 3027; x_wconf 80' lang='grc' dir='ltr'>Θεὸς</span> <span class='ocrx_word' id='word_1_341' title='bbox 1715 2965 1781 3017; x_wconf 83' lang='grc' dir='ltr'><strong>ἐκ</strong></span> 
     </span>
    </p>
   </div>
   <div class='ocr_carea' id='block_1_48' title="bbox 193 3056 1781 3130">
    <p class='ocr_par' dir='ltr' id='par_1_48' title="bbox 193 3056 1781 3130">
     <span class='ocr_line' id='line_1_48' title="bbox 193 3056 1781 3130; baseline -0.004 -14"><span class='ocrx_word' id='word_1_342' title='bbox 193 3061 358 3125; x_wconf 86' lang='grc' dir='ltr'>Θεοῦ,</span> <span class='ocrx_word' id='word_1_343' title='bbox 389 3062 485 3115; x_wconf 75' lang='grc' dir='ltr'><strong>καὶ</strong></span> <span class='ocrx_word' id='word_1_344' title='bbox 514 3060 630 3129; x_wconf 81' lang='grc' dir='ltr'>φῶς</span> <span class='ocrx_word' id='word_1_345' title='bbox 657 3061 722 3114; x_wconf 81' lang='grc' dir='ltr'><strong>ἐκ</strong></span> <span class='ocrx_word' id='word_1_346' title='bbox 750 3059 949 3127; x_wconf 77' lang='grc' dir='ltr'>φωτὸς,</span> <span class='ocrx_word' id='word_1_347' title='bbox 971 3059 1065 3112; x_wconf 70' lang='grc' dir='ltr'>καὶ</span> <span class='ocrx_word' id='word_1_348' title='bbox 1092 3060 1193 3130; x_wconf 78' lang='grc' dir='ltr'>τὴν</span> <span class='ocrx_word' id='word_1_349' title='bbox 1219 3057 1387 3128; x_wconf 77' lang='grc' dir='ltr'>αὐτὴν</span> <span class='ocrx_word' id='word_1_350' title='bbox 1413 3056 1525 3127; x_wconf 77' lang='grc' dir='ltr'>ἔχει</span> <span class='ocrx_word' id='word_1_351' title='bbox 1552 3056 1630 3126; x_wconf 79' lang='grc' dir='ltr'>τῷ</span> <span class='ocrx_word' id='word_1_352' title='bbox 1660 3073 1781 3125; x_wconf 87' lang='grc' dir='ltr'>γεν-</span> 
     </span>
    </p>
   </div>
   <div class='ocr_carea' id='block_1_49' title="bbox 194 3147 1779 3223">
    <p class='ocr_par' dir='ltr' id='par_1_49' title="bbox 194 3147 1779 3223">
     <span class='ocr_line' id='line_1_49' title="bbox 194 3147 1779 3223; baseline -0.003 -18"><span class='ocrx_word' id='word_1_353' title='bbox 194 3154 387 3223; x_wconf 82' lang='grc' dir='ltr'>νήτορι</span> <span class='ocrx_word' id='word_1_354' title='bbox 436 3153 616 3222; x_wconf 69' lang='grc' dir='ltr'>φύσιν.</span> <span class='ocrx_word' id='word_1_355' title='bbox 686 3150 846 3205; x_wconf 82' lang='grc' dir='ltr'>Ἀλλὰ</span> <span class='ocrx_word' id='word_1_356' title='bbox 902 3148 1075 3204; x_wconf 84' lang='grc' dir='ltr'>ταῦτα</span> <span class='ocrx_word' id='word_1_357' title='bbox 1109 3150 1209 3219; x_wconf 85' lang='grc' dir='ltr'>μὲν</span> <span class='ocrx_word' id='word_1_358' title='bbox 1254 3150 1350 3203; x_wconf 81' lang='grc' dir='ltr'><strong>καὶ</strong></span> <span class='ocrx_word' id='word_1_359' title='bbox 1397 3147 1637 3210; x_wconf 83' lang='grc' dir='ltr'>δυνατῶς</span> <span class='ocrx_word' id='word_1_360' title='bbox 1684 3148 1779 3201; x_wconf 76' lang='grc' dir='ltr'>καὶ</span> 
     </span>
    </p>
   </div>
   <div class='ocr_carea' id='block_1_50' title="bbox 1878 1942 3455 2023">
    <p class='ocr_par' dir='ltr' id='par_1_50' title="bbox 1878 1942 3455 2023">
     <span class='ocr_line' id='line_1_50' title="bbox 1878 1942 3455 2023; baseline 0.003 -20"><span class='ocrx_word' id='word_1_361' title='bbox 1878 1950 2135 2006; x_wconf 84' lang='lat' dir='ltr'><strong>Silvanus</strong></span> <span class='ocrx_word' id='word_1_362' title='bbox 2190 1963 2572 2022; x_wconf 83' lang='lat' dir='ltr'><strong>proposuerat.</strong></span> <span class='ocrx_word' id='word_1_363' title='bbox 2609 1954 2751 2009; x_wconf 87' lang='lat' dir='ltr'><strong>Tum</strong></span> <span class='ocrx_word' id='word_1_364' title='bbox 2795 1956 3077 2011; x_wconf 84' lang='lat' dir='ltr'><strong>instabant</strong></span> <span class='ocrx_word' id='word_1_365' title='bbox 3092 1942 3215 2023; x_wconf 12' lang='lat' dir='ltr'><strong>r&#39;ipsi</strong></span> <span class='ocrx_word' id='word_1_366' title='bbox 3249 1953 3317 2008; x_wconf 91' lang='lat' dir='ltr'><strong>de</strong></span> <span class='ocrx_word' id='word_1_367' title='bbox 3348 1965 3455 2006; x_wconf 67' lang='lat' dir='ltr'><strong>ca:-</strong></span> 
     </span>
    </p>
   </div>
   <div class='ocr_carea' id='block_1_51' title="bbox 1879 2040 3455 2113">
    <p class='ocr_par' dir='ltr' id='par_1_51' title="bbox 1879 2040 3455 2113">
     <span class='ocr_line' id='line_1_51' title="bbox 1879 2040 3455 2113; baseline 0 -20"><span class='ocrx_word' id='word_1_368' title='bbox 1879 2049 1999 2095; x_wconf 91' lang='lat' dir='ltr'><strong>tero</strong></span> <span class='ocrx_word' id='word_1_369' title='bbox 2022 2041 2429 2110; x_wconf 87' lang='lat' dir='ltr'><strong>vehementius,</strong></span> <span class='ocrx_word' id='word_1_370' title='bbox 2470 2041 2779 2113; x_wconf 80' lang='lat' dir='ltr'><strong>ﬂagitantes</strong></span> <span class='ocrx_word' id='word_1_371' title='bbox 2810 2052 2868 2097; x_wconf 91' lang='lat' dir='ltr'><strong>ut</strong></span> <span class='ocrx_word' id='word_1_372' title='bbox 2893 2044 3203 2099; x_wconf 78' lang='lat' dir='ltr'><strong>homousion</strong></span> <span class='ocrx_word' id='word_1_373' title='bbox 3228 2040 3455 2095; x_wconf 87' lang='lat' dir='ltr'><strong>damna-</strong></span> 
     </span>
    </p>
   </div>
   <div class='ocr_carea' id='block_1_52' title="bbox 1878 2135 3451 2209">
    <p class='ocr_par' dir='ltr' id='par_1_52' title="bbox 1878 2135 3451 2209">
     <span class='ocr_line' id='line_1_52' title="bbox 1878 2135 3451 2209; baseline 0.001 -20"><span class='ocrx_word' id='word_1_374' title='bbox 1878 2145 2051 2191; x_wconf 89' lang='lat' dir='ltr'><strong>retur.</strong></span> <span class='ocrx_word' id='word_1_375' title='bbox 2084 2136 2191 2191; x_wconf 89' lang='lat' dir='ltr'><strong>Sed</strong></span> <span class='ocrx_word' id='word_1_376' title='bbox 2220 2135 2481 2193; x_wconf 86' lang='lat' dir='ltr'><strong>Silvanus</strong></span> <span class='ocrx_word' id='word_1_377' title='bbox 2505 2140 2523 2160; x_wconf 79' lang='lat'><strong>‘</strong></span> <span class='ocrx_word' id='word_1_378' title='bbox 2565 2138 2631 2193; x_wconf 85' lang='lat' dir='ltr'><strong>ad</strong></span> <span class='ocrx_word' id='word_1_379' title='bbox 2672 2139 2795 2194; x_wconf 89' lang='lat' dir='ltr'><strong>illos</strong></span> <span class='ocrx_word' id='word_1_380' title='bbox 2830 2146 2885 2194; x_wconf 92' lang='lat' dir='ltr'><strong>et</strong></span> <span class='ocrx_word' id='word_1_381' title='bbox 2930 2138 3322 2209; x_wconf 88' lang='lat' dir='ltr'><strong>imperatorem</strong></span> <span class='ocrx_word' id='word_1_382' title='bbox 3358 2150 3451 2190; x_wconf 84' lang='lat' dir='ltr'><strong>ar-</strong></span> 
     </span>
    </p>
   </div>
   <div class='ocr_carea' id='block_1_53' title="bbox 1879 2228 3452 2300">
    <p class='ocr_par' dir='ltr' id='par_1_53' title="bbox 1879 2228 3452 2300">
     <span class='ocr_line' id='line_1_53' title="bbox 1879 2228 3452 2300; baseline 0 -20"><span class='ocrx_word' id='word_1_383' title='bbox 1879 2236 2007 2298; x_wconf 85' lang='lat' dir='ltr'><strong>gute</strong></span> <span class='ocrx_word' id='word_1_384' title='bbox 2060 2238 2113 2284; x_wconf 87' lang='lat' dir='ltr'><strong>et</strong></span> <span class='ocrx_word' id='word_1_385' title='bbox 2139 2244 2267 2285; x_wconf 87' lang='lat' dir='ltr'><strong>vere</strong></span> <span class='ocrx_word' id='word_1_386' title='bbox 2310 2247 2323 2284; x_wconf 93' lang='lat'>:</span> <span class='ocrx_word' id='word_1_387' title='bbox 2366 2228 2423 2284; x_wconf 83' lang='lat' dir='ltr'><strong>Si</strong></span> <span class='ocrx_word' id='word_1_388' title='bbox 2462 2229 2609 2285; x_wconf 82' lang='lat' dir='ltr'><strong>Deus</strong></span> <span class='ocrx_word' id='word_1_389' title='bbox 2653 2229 2915 2297; x_wconf 83' lang='lat' dir='ltr'><strong>Verbum,</strong></span> <span class='ocrx_word' id='word_1_390' title='bbox 2977 2230 3176 2300; x_wconf 90' lang='lat' dir='ltr'><strong>inquit,</strong></span> <span class='ocrx_word' id='word_1_391' title='bbox 3227 2244 3293 2285; x_wconf 80' lang='lat' dir='ltr'><strong>ex</strong></span> <span class='ocrx_word' id='word_1_392' title='bbox 3342 2242 3452 2283; x_wconf 86' lang='lat' dir='ltr'><strong>non</strong></span> 
     </span>
    </p>
   </div>
   <div class='ocr_carea' id='block_1_54' title="bbox 1877 2321 3452 2393">
    <p class='ocr_par' dir='ltr' id='par_1_54' title="bbox 1877 2321 3452 2393">
     <span class='ocr_line' id='line_1_54' title="bbox 1877 2321 3452 2393; baseline 0.001 -19"><span class='ocrx_word' id='word_1_393' title='bbox 1877 2321 2228 2378; x_wconf 79' lang='lat' dir='ltr'><strong>exstantibus</strong></span> <span class='ocrx_word' id='word_1_394' title='bbox 2254 2336 2365 2377; x_wconf 90' lang='lat' dir='ltr'><strong>non</strong></span> <span class='ocrx_word' id='word_1_395' title='bbox 2387 2329 2495 2388; x_wconf 88' lang='lat' dir='ltr'><strong>est,</strong></span> <span class='ocrx_word' id='word_1_396' title='bbox 2530 2338 2707 2393; x_wconf 88' lang='lat' dir='ltr'><strong>neque</strong></span> <span class='ocrx_word' id='word_1_397' title='bbox 2740 2331 3016 2387; x_wconf 85' lang='lat' dir='ltr'><strong>creatura,</strong></span> <span class='ocrx_word' id='word_1_398' title='bbox 3056 2338 3233 2393; x_wconf 90' lang='lat' dir='ltr'><strong>neque</strong></span> <span class='ocrx_word' id='word_1_399' title='bbox 3265 2337 3333 2377; x_wconf 80' lang='lat' dir='ltr'><strong>ex</strong></span> <span class='ocrx_word' id='word_1_400' title='bbox 3368 2322 3452 2375; x_wconf 82' lang='lat' dir='ltr'><strong>al—</strong></span> 
     </span>
    </p>
   </div>
   <div class='ocr_carea' id='block_1_55' title="bbox 1879 2413 3454 2485">
    <p class='ocr_par' dir='ltr' id='par_1_55' title="bbox 1879 2413 3454 2485">
     <span class='ocr_line' id='line_1_55' title="bbox 1879 2413 3454 2485; baseline 0.001 -20"><span class='ocrx_word' id='word_1_401' title='bbox 1879 2420 1996 2468; x_wconf 88' lang='lat' dir='ltr'><strong>tera</strong></span> <span class='ocrx_word' id='word_1_402' title='bbox 2039 2414 2372 2478; x_wconf 86' lang='lat' dir='ltr'><strong>substantia,</strong></span> <span class='ocrx_word' id='word_1_403' title='bbox 2410 2415 2909 2472; x_wconf 88' lang='lat' dir='ltr'><strong>consubstantialis</strong></span> <span class='ocrx_word' id='word_1_404' title='bbox 2963 2422 3052 2471; x_wconf 78' lang='lat' dir='ltr'><strong>est</strong></span> <span class='ocrx_word' id='word_1_405' title='bbox 3110 2416 3301 2485; x_wconf 88' lang='lat' dir='ltr'><strong>utique</strong></span> <span class='ocrx_word' id='word_1_406' title='bbox 3344 2413 3454 2469; x_wconf 86' lang='lat' dir='ltr'><strong>Deo</strong></span> 
     </span>
    </p>
   </div>
   <div class='ocr_carea' id='block_1_56' title="bbox 1880 2505 3456 2577">
    <p class='ocr_par' dir='ltr' id='par_1_56' title="bbox 1880 2505 3456 2577">
     <span class='ocr_line' id='line_1_56' title="bbox 1880 2505 3456 2577; baseline 0.003 -20"><span class='ocrx_word' id='word_1_407' title='bbox 1880 2505 1973 2575; x_wconf 87' lang='lat' dir='ltr'><strong>qui</strong></span> <span class='ocrx_word' id='word_1_408' title='bbox 1999 2507 2207 2577; x_wconf 86' lang='lat' dir='ltr'><strong>genuit,</strong></span> <span class='ocrx_word' id='word_1_409' title='bbox 2233 2514 2296 2561; x_wconf 91' lang='lat' dir='ltr'><strong>ut</strong></span> <span class='ocrx_word' id='word_1_410' title='bbox 2325 2507 2466 2563; x_wconf 85' lang='lat' dir='ltr'><strong>Deus</strong></span> <span class='ocrx_word' id='word_1_411' title='bbox 2490 2507 2557 2563; x_wconf 91' lang='lat' dir='ltr'><strong>de</strong></span> <span class='ocrx_word' id='word_1_412' title='bbox 2588 2507 2717 2571; x_wconf 85' lang='lat' dir='ltr'><strong>Deo,</strong></span> <span class='ocrx_word' id='word_1_413' title='bbox 2749 2517 2804 2565; x_wconf 92' lang='lat' dir='ltr'><strong>et</strong></span> <span class='ocrx_word' id='word_1_414' title='bbox 2828 2509 3010 2564; x_wconf 89' lang='lat' dir='ltr'><strong>lumen</strong></span> <span class='ocrx_word' id='word_1_415' title='bbox 3043 2508 3111 2564; x_wconf 90' lang='lat' dir='ltr'><strong>de</strong></span> <span class='ocrx_word' id='word_1_416' title='bbox 3144 2508 3368 2572; x_wconf 91' lang='lat' dir='ltr'><strong>lumine,</strong></span> <span class='ocrx_word' id='word_1_417' title='bbox 3400 2519 3456 2563; x_wconf 88' lang='lat' dir='ltr'><strong>et</strong></span> 
     </span>
    </p>
   </div>
   <div class='ocr_carea' id='block_1_57' title="bbox 1879 2592 3457 2666">
    <p class='ocr_par' dir='ltr' id='par_1_57' title="bbox 1879 2592 3457 2666">
     <span class='ocr_line' id='line_1_57' title="bbox 1879 2592 3457 2666; baseline 0.003 -15"><span class='ocrx_word' id='word_1_418' title='bbox 1879 2597 2127 2653; x_wconf 87' lang='lat' dir='ltr'><strong>eamdem</strong></span> <span class='ocrx_word' id='word_1_419' title='bbox 2183 2612 2307 2653; x_wconf 88' lang='lat' dir='ltr'><strong>cum</strong></span> <span class='ocrx_word' id='word_1_420' title='bbox 2344 2597 2601 2655; x_wconf 85' lang='lat' dir='ltr'><strong>Genitore</strong></span> <span class='ocrx_word' id='word_1_421' title='bbox 2650 2592 2903 2654; x_wconf 87' lang='lat' dir='ltr'><strong>naturam</strong></span> <span class='ocrx_word' id='word_1_422' title='bbox 2941 2600 3122 2655; x_wconf 81' lang='lat' dir='ltr'><strong>habet.</strong></span> <span class='ocrx_word' id='word_1_423' title='bbox 3159 2599 3293 2666; x_wconf 70' lang='lat' dir='ltr'><strong>Quae</strong></span> <span class='ocrx_word' id='word_1_424' title='bbox 3330 2600 3457 2655; x_wconf 82' lang='lat' dir='ltr'><strong>licet</strong></span> 
     </span>
    </p>
   </div>
   <div class='ocr_carea' id='block_1_58' title="bbox 1879 2687 3457 2754">
    <p class='ocr_par' dir='ltr' id='par_1_58' title="bbox 1879 2687 3457 2754">
     <span class='ocr_line' id='line_1_58' title="bbox 1879 2687 3457 2754; baseline 0.003 -12"><span class='ocrx_word' id='word_1_425' title='bbox 1879 2687 1950 2743; x_wconf 90' lang='lat' dir='ltr'><strong>ab</strong></span> <span class='ocrx_word' id='word_1_426' title='bbox 1975 2689 2070 2744; x_wconf 93' lang='lat' dir='ltr'><strong>illo</strong></span> <span class='ocrx_word' id='word_1_427' title='bbox 2104 2688 2259 2744; x_wconf 88' lang='lat' dir='ltr'><strong>ﬁrma</strong></span> <span class='ocrx_word' id='word_1_428' title='bbox 2292 2697 2349 2745; x_wconf 90' lang='lat' dir='ltr'><strong>et</strong></span> <span class='ocrx_word' id='word_1_429' title='bbox 2404 2705 2538 2747; x_wconf 85' lang='lat' dir='ltr'><strong>vera</strong></span> <span class='ocrx_word' id='word_1_430' title='bbox 2594 2692 2808 2746; x_wconf 89' lang='lat' dir='ltr'><strong>ratione</strong></span> <span class='ocrx_word' id='word_1_431' title='bbox 2848 2691 3192 2754; x_wconf 87' lang='lat' dir='ltr'><strong>dicerentur,</strong></span> <span class='ocrx_word' id='word_1_432' title='bbox 3223 2692 3457 2747; x_wconf 85' lang='lat' dir='ltr'><strong>audien-</strong></span> 
     </span>
    </p>
   </div>
   <div class='ocr_carea' id='block_1_59' title="bbox 1881 2781 3457 2854">
    <p class='ocr_par' dir='ltr' id='par_1_59' title="bbox 1881 2781 3457 2854">
     <span class='ocr_line' id='line_1_59' title="bbox 1881 2781 3457 2854; baseline 0.004 -19"><span class='ocrx_word' id='word_1_433' title='bbox 1881 2781 2018 2836; x_wconf 92' lang='lat' dir='ltr'><strong>tium</strong></span> <span class='ocrx_word' id='word_1_434' title='bbox 2043 2789 2227 2838; x_wconf 84' lang='lat' dir='ltr'><strong>tamen</strong></span> <span class='ocrx_word' id='word_1_435' title='bbox 2253 2783 2459 2838; x_wconf 90' lang='lat' dir='ltr'><strong>nemini</strong></span> <span class='ocrx_word' id='word_1_436' title='bbox 2497 2793 2894 2854; x_wconf 85' lang='lat' dir='ltr'><strong>persuaserunt</strong></span> <span class='ocrx_word' id='word_1_437' title='bbox 2929 2804 2944 2840; x_wconf 89' lang='lat'><strong><em>:</em></strong></span> <span class='ocrx_word' id='word_1_438' title='bbox 2981 2787 3077 2841; x_wconf 87' lang='lat' dir='ltr'><strong>sed</strong></span> <span class='ocrx_word' id='word_1_439' title='bbox 3123 2786 3340 2841; x_wconf 84' lang='lat' dir='ltr'><strong>clamor</strong></span> <span class='ocrx_word' id='word_1_440' title='bbox 3368 2785 3457 2842; x_wconf 90' lang='lat' dir='ltr'><strong>in-</strong></span> 
     </span>
    </p>
   </div>
   <div class='ocr_carea' id='block_1_60' title="bbox 1880 2873 3457 2949">
    <p class='ocr_par' dir='ltr' id='par_1_60' title="bbox 1880 2873 3457 2949">
     <span class='ocr_line' id='line_1_60' title="bbox 1880 2873 3457 2949; baseline 0.004 -21"><span class='ocrx_word' id='word_1_441' title='bbox 1880 2888 2014 2944; x_wconf 85' lang='lat' dir='ltr'><strong>gens</strong></span> <span class='ocrx_word' id='word_1_442' title='bbox 2037 2873 2290 2931; x_wconf 80' lang='lat' dir='ltr'><strong>sublatus</strong></span> <span class='ocrx_word' id='word_1_443' title='bbox 2315 2884 2399 2929; x_wconf 86' lang='lat' dir='ltr'><strong>est</strong></span> <span class='ocrx_word' id='word_1_444' title='bbox 2428 2875 2607 2945; x_wconf 87' lang='lat' dir='ltr'><strong>partis</strong></span> <span class='ocrx_word' id='word_1_445' title='bbox 2638 2876 2824 2931; x_wconf 80' lang='lat' dir='ltr'><strong>Acacii</strong></span> <span class='ocrx_word' id='word_1_446' title='bbox 2862 2885 2917 2934; x_wconf 93' lang='lat' dir='ltr'><strong>et</strong></span> <span class='ocrx_word' id='word_1_447' title='bbox 2964 2877 3222 2933; x_wconf 79' lang='lat' dir='ltr'><strong>Eudoxii.</strong></span> <span class='ocrx_word' id='word_1_448' title='bbox 3265 2876 3457 2949; x_wconf 83' lang='lat' dir='ltr'><strong>Itaque</strong></span> 
     </span>
    </p>
   </div>
   <div class='ocr_carea' id='block_1_61' title="bbox 1882 2966 3456 3039">
    <p class='ocr_par' dir='ltr' id='par_1_61' title="bbox 1882 2966 3456 3039">
     <span class='ocr_line' id='line_1_61' title="bbox 1882 2966 3456 3039; baseline 0.003 -20"><span class='ocrx_word' id='word_1_449' title='bbox 1882 2966 2144 3022; x_wconf 88' lang='lat' dir='ltr'><strong>incensus</strong></span> <span class='ocrx_word' id='word_1_450' title='bbox 2190 2966 2511 3037; x_wconf 87' lang='lat' dir='ltr'><strong>imperator,</strong></span> <span class='ocrx_word' id='word_1_451' title='bbox 2567 2966 2830 3024; x_wconf 83' lang='lat' dir='ltr'><strong>Ecclesiis</strong></span> <span class='ocrx_word' id='word_1_452' title='bbox 2878 2982 2936 3025; x_wconf 90' lang='lat' dir='ltr'><strong>se</strong></span> <span class='ocrx_word' id='word_1_453' title='bbox 2966 2968 3091 3025; x_wconf 91' lang='lat' dir='ltr'><strong>illos</strong></span> <span class='ocrx_word' id='word_1_454' title='bbox 3145 2968 3456 3039; x_wconf 73' lang='lat' dir='ltr'><strong>eiecturum</strong></span> 
     </span>
    </p>
   </div>
   <div class='ocr_carea' id='block_1_62' title="bbox 1882 3056 3460 3127">
    <p class='ocr_par' dir='ltr' id='par_1_62' title="bbox 1882 3056 3460 3127">
     <span class='ocr_line' id='line_1_62' title="bbox 1882 3056 3460 3127; baseline 0.006 -19"><span class='ocrx_word' id='word_1_455' title='bbox 1882 3056 2127 3112; x_wconf 91' lang='lat' dir='ltr'><strong>minatus</strong></span> <span class='ocrx_word' id='word_1_456' title='bbox 2165 3066 2271 3113; x_wconf 87' lang='lat' dir='ltr'><strong>est.</strong></span> <span class='ocrx_word' id='word_1_457' title='bbox 2314 3058 2413 3113; x_wconf 89' lang='lat' dir='ltr'><strong>Cui</strong></span> <span class='ocrx_word' id='word_1_458' title='bbox 2445 3057 2703 3115; x_wconf 86' lang='lat' dir='ltr'><strong>Eleusius</strong></span> <span class='ocrx_word' id='word_1_459' title='bbox 2732 3066 2785 3115; x_wconf 89' lang='lat' dir='ltr'><strong>et</strong></span> <span class='ocrx_word' id='word_1_460' title='bbox 2827 3056 3107 3127; x_wconf 85' lang='lat' dir='ltr'><strong>Silvanus,</strong></span> <span class='ocrx_word' id='word_1_461' title='bbox 3146 3074 3271 3116; x_wconf 90' lang='lat' dir='ltr'><strong>cum</strong></span> <span class='ocrx_word' id='word_1_462' title='bbox 3298 3068 3460 3116; x_wconf 65' lang='lat' dir='ltr'><strong>cate-</strong></span> 
     </span>
    </p>
   </div>
   <div class='ocr_carea' id='block_1_63' title="bbox 1881 3148 3458 3223">
    <p class='ocr_par' dir='ltr' id='par_1_63' title="bbox 1881 3148 3458 3223">
     <span class='ocr_line' id='line_1_63' title="bbox 1881 3148 3458 3223; baseline 0.004 -22"><span class='ocrx_word' id='word_1_463' title='bbox 1881 3148 1982 3212; x_wconf 87' lang='lat' dir='ltr'><strong>ris,</strong></span> <span class='ocrx_word' id='word_1_464' title='bbox 2007 3148 2061 3202; x_wconf 91' lang='lat' dir='ltr'><strong>in</strong></span> <span class='ocrx_word' id='word_1_465' title='bbox 2094 3148 2266 3220; x_wconf 86' lang='lat' dir='ltr'><strong>ipsius</strong></span> <span class='ocrx_word' id='word_1_466' title='bbox 2308 3157 2580 3219; x_wconf 89' lang='lat' dir='ltr'><strong>potestate</strong></span> <span class='ocrx_word' id='word_1_467' title='bbox 2604 3151 2771 3206; x_wconf 89' lang='lat' dir='ltr'><strong>situm</strong></span> <span class='ocrx_word' id='word_1_468' title='bbox 2803 3167 2926 3208; x_wconf 87' lang='lat' dir='ltr'><strong>esse</strong></span> <span class='ocrx_word' id='word_1_469' title='bbox 2946 3152 3275 3223; x_wconf 88' lang='lat' dir='ltr'><strong>supplicium</strong></span> <span class='ocrx_word' id='word_1_470' title='bbox 3300 3152 3458 3208; x_wconf 77' lang='lat' dir='ltr'><strong>diae-</strong></span> 
     </span>
    </p>
   </div>
   <div class='ocr_carea' id='block_1_64' title="bbox 196 3214 1776 3315">
    <p class='ocr_par' dir='ltr' id='par_1_64' title="bbox 196 3214 1775 3315">
     <span class='ocr_line' id='line_1_64' title="bbox 196 3214 1775 3315; baseline -0.004 -17"><span class='ocrx_word' id='word_1_471' title='bbox 196 3214 417 3315; x_wconf 66' lang='grc' dir='ltr'>άληθῶς</span> <span class='ocrx_word' id='word_1_472' title='bbox 448 3214 691 3314; x_wconf 73' lang='grc' dir='ltr'>εἰρήκειο</span> <span class='ocrx_word' id='word_1_473' title='bbox 732 3242 979 3295; x_wconf 86' lang='grc' dir='ltr'>ἐπείθετο</span> <span class='ocrx_word' id='word_1_474' title='bbox 1004 3241 1058 3294; x_wconf 83' lang='grc' dir='ltr'><strong>δέ</strong></span> <span class='ocrx_word' id='word_1_475' title='bbox 1097 3214 1207 3295; x_wconf 79' lang='grc' dir='ltr'>τῶν</span> <span class='ocrx_word' id='word_1_476' title='bbox 1249 3240 1531 3313; x_wconf 86' lang='grc' dir='ltr'>παρόντων</span> <span class='ocrx_word' id='word_1_477' title='bbox 1561 3238 1737 3301; x_wconf 88' lang='grc' dir='ltr'>οὐδείς</span> <span class='ocrx_word' id='word_1_478' title='bbox 1760 3254 1775 3269; x_wconf 72' lang='grc'><strong>⁸</strong></span> 
     </span>
    </p>
   </div>
   <div class='ocr_carea' id='block_1_65' title="bbox 1880 3214 3461 3315">
    <p class='ocr_par' dir='ltr' id='par_1_65' title="bbox 1883 3214 3461 3312">
     <span class='ocr_line' id='line_1_65' title="bbox 1883 3214 3461 3312; baseline 0.005 -20"><span class='ocrx_word' id='word_1_479' title='bbox 1883 3246 2035 3303; x_wconf 85' lang='lat' dir='ltr'><strong>runt,</strong></span> <span class='ocrx_word' id='word_1_480' title='bbox 2077 3239 2131 3293; x_wconf 91' lang='lat' dir='ltr'><strong>in</strong></span> <span class='ocrx_word' id='word_1_481' title='bbox 2167 3254 2265 3295; x_wconf 88' lang='lat' dir='ltr'><strong>sua</strong></span> <span class='ocrx_word' id='word_1_482' title='bbox 2295 3241 2550 3310; x_wconf 85' lang='lat' dir='ltr'><strong>pietatem</strong></span> <span class='ocrx_word' id='word_1_483' title='bbox 2583 3241 2664 3298; x_wconf 88' lang='lat' dir='ltr'><strong>vel</strong></span> <span class='ocrx_word' id='word_1_484' title='bbox 2701 3214 3071 3312; x_wconf 52' lang='lat' dir='ltr'><strong>impietatem;</strong></span> <span class='ocrx_word' id='word_1_485' title='bbox 3107 3251 3365 3299; x_wconf 69' lang='lat' dir='ltr'><strong>caeterum</strong></span> <span class='ocrx_word' id='word_1_486' title='bbox 3398 3260 3461 3300; x_wconf 88' lang='lat' dir='ltr'><strong>se</strong></span> 
     </span>
    </p>
   </div>
   <div class='ocr_carea' id='block_1_66' title="bbox 196 3331 1776 3407">
    <p class='ocr_par' dir='ltr' id='par_1_66' title="bbox 196 3331 1776 3407">
     <span class='ocr_line' id='line_1_66' title="bbox 196 3331 1776 3407; baseline -0.005 -16"><span class='ocrx_word' id='word_1_487' title='bbox 196 3338 335 3391; x_wconf 72' lang='grc' dir='ltr'>ἀλλὰ</span> <span class='ocrx_word' id='word_1_488' title='bbox 362 3337 457 3407; x_wconf 81' lang='grc' dir='ltr'><strong>βοή</strong></span> <span class='ocrx_word' id='word_1_489' title='bbox 485 3353 545 3389; x_wconf 87' lang='grc' dir='ltr'><strong>τε</strong></span> <span class='ocrx_word' id='word_1_490' title='bbox 580 3334 746 3405; x_wconf 75' lang='grc' dir='ltr'>πολλὴ</span> <span class='ocrx_word' id='word_1_491' title='bbox 778 3335 887 3388; x_wconf 84' lang='grc' dir='ltr'>τῶν</span> <span class='ocrx_word' id='word_1_492' title='bbox 932 3334 1060 3406; x_wconf 79' lang='grc' dir='ltr'>περὶ</span> <span class='ocrx_word' id='word_1_493' title='bbox 1104 3333 1358 3387; x_wconf 82' lang='grc' dir='ltr'>Ἀκάκιον</span> <span class='ocrx_word' id='word_1_494' title='bbox 1406 3333 1498 3385; x_wconf 68' lang='grc' dir='ltr'><strong>καὶ</strong></span> <span class='ocrx_word' id='word_1_495' title='bbox 1528 3331 1776 3395; x_wconf 79' lang='grc' dir='ltr'>Εὐδόξιον</span> 
     </span>
    </p>
   </div>
   <div class='ocr_carea' id='block_1_67' title="bbox 198 3424 1778 3501">
    <p class='ocr_par' dir='ltr' id='par_1_67' title="bbox 198 3424 1778 3501">
     <span class='ocr_line' id='line_1_67' title="bbox 198 3424 1778 3501; baseline -0.005 -17"><span class='ocrx_word' id='word_1_496' title='bbox 198 3432 431 3501; x_wconf 86' lang='grc' dir='ltr'>ἐγίνετο,</span> <span class='ocrx_word' id='word_1_497' title='bbox 464 3430 557 3483; x_wconf 76' lang='grc' dir='ltr'><strong>καὶ</strong></span> <span class='ocrx_word' id='word_1_498' title='bbox 584 3429 613 3481; x_wconf 82' lang='grc' dir='ltr'><strong>ὁ</strong></span> <span class='ocrx_word' id='word_1_499' title='bbox 645 3427 894 3498; x_wconf 76' lang='grc' dir='ltr'>βασιλεὺς</span> <span class='ocrx_word' id='word_1_500' title='bbox 925 3426 1247 3495; x_wconf 75' lang='grc' dir='ltr'>ἐχαλέπηνε,</span> <span class='ocrx_word' id='word_1_501' title='bbox 1276 3424 1502 3479; x_wconf 73' lang='grc' dir='ltr'>καὶτῶν</span> <span class='ocrx_word' id='word_1_502' title='bbox 1546 3424 1778 3495; x_wconf 80' lang='grc' dir='ltr'>Ἐκκλη-</span> 
     </span>
    </p>
   </div>
   <div class='ocr_carea' id='block_1_68' title="bbox 202 3515 1778 3589">
    <p class='ocr_par' dir='ltr' id='par_1_68' title="bbox 202 3515 1778 3589">
     <span class='ocr_line' id='line_1_68' title="bbox 202 3515 1778 3589; baseline -0.006 -13"><span class='ocrx_word' id='word_1_503' title='bbox 202 3523 340 3576; x_wconf 81' lang='grc' dir='ltr'>σιῶν</span> <span class='ocrx_word' id='word_1_504' title='bbox 369 3520 645 3584; x_wconf 84' lang='grc' dir='ltr'>ἐξελάσειν</span> <span class='ocrx_word' id='word_1_505' title='bbox 664 3519 981 3589; x_wconf 76' lang='grc' dir='ltr'>ἠπείλησεν.</span> <span class='ocrx_word' id='word_1_506' title='bbox 1017 3516 1289 3580; x_wconf 81' lang='grc' dir='ltr'>Ἐλεύσιος</span> <span class='ocrx_word' id='word_1_507' title='bbox 1304 3516 1360 3568; x_wconf 77' lang='grc' dir='ltr'><strong>δὲ</strong></span> <span class='ocrx_word' id='word_1_508' title='bbox 1387 3517 1479 3569; x_wconf 76' lang='grc' dir='ltr'>καὶ</span> <span class='ocrx_word' id='word_1_509' title='bbox 1500 3515 1778 3578; x_wconf 70' lang='grc' dir='ltr'>Σιλὸανὸε,</span> 
     </span>
    </p>
   </div>
   <div class='ocr_carea' id='block_1_69' title="bbox 198 3606 1781 3678">
    <p class='ocr_par' dir='ltr' id='par_1_69' title="bbox 198 3606 1781 3678">
     <span class='ocr_line' id='line_1_69' title="bbox 198 3606 1781 3678; baseline -0.004 -12"><span class='ocrx_word' id='word_1_510' title='bbox 198 3614 297 3666; x_wconf 70' lang='grc' dir='ltr'><strong>σὺν</strong></span> <span class='ocrx_word' id='word_1_511' title='bbox 322 3614 438 3673; x_wconf 81' lang='grc' dir='ltr'>τοῖς</span> <span class='ocrx_word' id='word_1_512' title='bbox 464 3610 661 3673; x_wconf 78' lang='grc' dir='ltr'>ἄλλοις,</span> <span class='ocrx_word' id='word_1_513' title='bbox 690 3610 783 3663; x_wconf 79' lang='grc' dir='ltr'><strong>καὶ</strong></span> <span class='ocrx_word' id='word_1_514' title='bbox 810 3608 971 3662; x_wconf 78' lang='grc' dir='ltr'>αὐτὸν</span> <span class='ocrx_word' id='word_1_515' title='bbox 1002 3607 1212 3676; x_wconf 75' lang='grc' dir='ltr'>ἔφασαν</span> <span class='ocrx_word' id='word_1_516' title='bbox 1238 3606 1487 3673; x_wconf 84' lang='grc' dir='ltr'>ἐξουσίαν</span> <span class='ocrx_word' id='word_1_517' title='bbox 1516 3608 1659 3677; x_wconf 81' lang='grc' dir='ltr'>ἔχειν</span> <span class='ocrx_word' id='word_1_518' title='bbox 1682 3609 1781 3678; x_wconf 84' lang='grc' dir='ltr'>τῆς</span> 
     </span>
    </p>
   </div>
   <div class='ocr_carea' id='block_1_70' title="bbox 194 3697 1778 3774">
    <p class='ocr_par' dir='ltr' id='par_1_70' title="bbox 194 3697 1778 3774">
     <span class='ocr_line' id='line_1_70' title="bbox 194 3697 1778 3774; baseline -0.004 -17"><span class='ocrx_word' id='word_1_519' title='bbox 194 3702 490 3774; x_wconf 83' lang='grc' dir='ltr'>τιμωρίας,</span> <span class='ocrx_word' id='word_1_520' title='bbox 534 3703 628 3755; x_wconf 69' lang='grc' dir='ltr'><strong>καὶ</strong></span> <span class='ocrx_word' id='word_1_521' title='bbox 678 3702 819 3769; x_wconf 76' lang='grc' dir='ltr'>σφᾶς</span> <span class='ocrx_word' id='word_1_522' title='bbox 870 3699 1069 3762; x_wconf 82' lang='grc' dir='ltr'>αὐτοὺς</span> <span class='ocrx_word' id='word_1_523' title='bbox 1121 3699 1223 3768; x_wconf 83' lang='grc' dir='ltr'>τῆς</span> <span class='ocrx_word' id='word_1_524' title='bbox 1271 3697 1553 3761; x_wconf 77' lang='grc' dir='ltr'>εὐσεϐείας</span> <span class='ocrx_word' id='word_1_525' title='bbox 1585 3699 1618 3768; x_wconf 80' lang='grc' dir='ltr'>ἢ</span> <span class='ocrx_word' id='word_1_526' title='bbox 1651 3698 1778 3751; x_wconf 87' lang='grc' dir='ltr'>δυσ-</span> 
     </span>
    </p>
   </div>
   <div class='ocr_carea' id='block_1_71' title="bbox 197 3788 1780 3862">
    <p class='ocr_par' dir='ltr' id='par_1_71' title="bbox 197 3788 1780 3862">
     <span class='ocr_line' id='line_1_71' title="bbox 197 3788 1780 3862; baseline -0.004 -14"><span class='ocrx_word' id='word_1_527' title='bbox 197 3794 446 3855; x_wconf 70' lang='grc' dir='ltr'>σεϐείας*</span> <span class='ocrx_word' id='word_1_528' title='bbox 490 3794 551 3845; x_wconf 87' lang='grc' dir='ltr'><strong>οὐ</strong></span> <span class='ocrx_word' id='word_1_529' title='bbox 598 3791 703 3862; x_wconf 84' lang='grc' dir='ltr'><strong>μὴν</strong></span> <span class='ocrx_word' id='word_1_530' title='bbox 747 3788 1085 3861; x_wconf 81' lang='grc' dir='ltr'>προήσεσθαι</span> <span class='ocrx_word' id='word_1_531' title='bbox 1110 3789 1484 3861; x_wconf 73' lang='grc' dir='ltr'>τὴνπατρῴαν</span> <span class='ocrx_word' id='word_1_532' title='bbox 1527 3789 1780 3843; x_wconf 86' lang='grc' dir='ltr'>διδασκα-</span> 
     </span>
    </p>
   </div>
   <div class='ocr_carea' id='block_1_72' title="bbox 196 3880 1783 3952">
    <p class='ocr_par' dir='ltr' id='par_1_72' title="bbox 196 3880 1783 3952">
     <span class='ocr_line' id='line_1_72' title="bbox 196 3880 1783 3952; baseline -0.003 -15"><span class='ocrx_word' id='word_1_533' title='bbox 196 3886 341 3939; x_wconf 78' lang='grc' dir='ltr'>λίαν.</span> <span class='ocrx_word' id='word_1_534' title='bbox 407 3883 467 3938; x_wconf 90' lang='lat'><strong>&#39;0</strong></span> <span class='ocrx_word' id='word_1_535' title='bbox 499 3884 554 3937; x_wconf 78' lang='grc' dir='ltr'>δὲ</span> <span class='ocrx_word' id='word_1_536' title='bbox 595 3882 992 3946; x_wconf 82' lang='grc' dir='ltr'>Κωνστάντιος,</span> <span class='ocrx_word' id='word_1_537' title='bbox 1047 3881 1343 3952; x_wconf 78' lang='grc' dir='ltr'>θαυμάζειν</span> <span class='ocrx_word' id='word_1_538' title='bbox 1387 3880 1504 3933; x_wconf 81' lang='grc' dir='ltr'>δέον</span> <span class='ocrx_word' id='word_1_539' title='bbox 1558 3880 1652 3933; x_wconf 74' lang='grc' dir='ltr'><strong>καὶ</strong></span> <span class='ocrx_word' id='word_1_540' title='bbox 1683 3880 1783 3951; x_wconf 77' lang='grc' dir='ltr'>τὴν</span> 
     </span>
    </p>
   </div>
   <div class='ocr_carea' id='block_1_73' title="bbox 205 3970 1780 4045">
    <p class='ocr_par' dir='ltr' id='par_1_73' title="bbox 205 3970 1780 4045">
     <span class='ocr_line' id='line_1_73' title="bbox 205 3970 1780 4045; baseline -0.005 -16"><span class='ocrx_word' id='word_1_541' title='bbox 205 3976 424 4044; x_wconf 80' lang='grc' dir='ltr'>σοφίαν.</span> <span class='ocrx_word' id='word_1_542' title='bbox 475 3976 568 4028; x_wconf 73' lang='grc' dir='ltr'><strong>καὶ</strong></span> <span class='ocrx_word' id='word_1_543' title='bbox 622 3974 721 4045; x_wconf 82' lang='grc' dir='ltr'>τὴν</span> <span class='ocrx_word' id='word_1_544' title='bbox 756 3973 1034 4044; x_wconf 80' lang='grc' dir='ltr'>ἀνδρείαν,</span> <span class='ocrx_word' id='word_1_545' title='bbox 1080 3972 1222 4042; x_wconf 73' lang='grc' dir='ltr'>ὑπὲρ</span> <span class='ocrx_word' id='word_1_546' title='bbox 1251 3971 1360 4023; x_wconf 85' lang='grc' dir='ltr'><strong>τῶν</strong></span> <span class='ocrx_word' id='word_1_547' title='bbox 1406 3970 1780 4025; x_wconf 82' lang='grc' dir='ltr'>άποστολικῶν</span> 
     </span>
    </p>
   </div>
   <div class='ocr_carea' id='block_1_74' title="bbox 1880 3330 3457 3407">
    <p class='ocr_par' dir='ltr' id='par_1_74' title="bbox 1880 3330 3457 3407">
     <span class='ocr_line' id='line_1_74' title="bbox 1880 3330 3457 3407; baseline 0.006 -23"><span class='ocrx_word' id='word_1_548' title='bbox 1880 3330 2190 3387; x_wconf 87' lang='lat' dir='ltr'><strong>doctrinam</strong></span> <span class='ocrx_word' id='word_1_549' title='bbox 2251 3332 2478 3389; x_wconf 82' lang='lat' dir='ltr'><strong>Patrqu</strong></span> <span class='ocrx_word' id='word_1_550' title='bbox 2536 3351 2644 3391; x_wconf 92' lang='lat' dir='ltr'><strong>non</strong></span> <span class='ocrx_word' id='word_1_551' title='bbox 2691 3337 3033 3407; x_wconf 89' lang='lat' dir='ltr'><strong>prodituros.</strong></span> <span class='ocrx_word' id='word_1_552' title='bbox 3091 3336 3457 3394; x_wconf 86' lang='lat' dir='ltr'><strong>Constantius</strong></span> 
     </span>
    </p>
   </div>
   <div class='ocr_carea' id='block_1_75' title="bbox 1883 3425 3460 3498">
    <p class='ocr_par' dir='ltr' id='par_1_75' title="bbox 1883 3425 3460 3498">
     <span class='ocr_line' id='line_1_75' title="bbox 1883 3425 3460 3498; baseline 0.006 -22"><span class='ocrx_word' id='word_1_553' title='bbox 1883 3438 2036 3489; x_wconf 91' lang='lat' dir='ltr'><strong>vero,</strong></span> <span class='ocrx_word' id='word_1_554' title='bbox 2069 3438 2195 3479; x_wconf 89' lang='lat' dir='ltr'><strong>cum</strong></span> <span class='ocrx_word' id='word_1_555' title='bbox 2228 3425 2490 3481; x_wconf 85' lang='lat' dir='ltr'><strong>admirari</strong></span> <span class='ocrx_word' id='word_1_556' title='bbox 2523 3441 2715 3483; x_wconf 91' lang='lat' dir='ltr'><strong>eorum</strong></span> <span class='ocrx_word' id='word_1_557' title='bbox 2749 3428 3075 3498; x_wconf 85' lang='lat' dir='ltr'><strong>sapientiam</strong></span> <span class='ocrx_word' id='word_1_558' title='bbox 3098 3437 3155 3485; x_wconf 90' lang='lat' dir='ltr'><strong>et</strong></span> <span class='ocrx_word' id='word_1_559' title='bbox 3182 3430 3460 3486; x_wconf 84' lang='lat' dir='ltr'><strong>fortitudi-</strong></span> 
     </span>
    </p>
   </div>
   <div class='ocr_carea' id='block_1_76' title="bbox 1886 3515 3462 3589">
    <p class='ocr_par' dir='ltr' id='par_1_76' title="bbox 1886 3515 3462 3589">
     <span class='ocr_line' id='line_1_76' title="bbox 1886 3515 3462 3589; baseline 0.004 -20"><span class='ocrx_word' id='word_1_560' title='bbox 1886 3530 2034 3579; x_wconf 89' lang='lat' dir='ltr'><strong>nem,</strong></span> <span class='ocrx_word' id='word_1_561' title='bbox 2069 3527 2233 3585; x_wconf 88' lang='lat' dir='ltr'><strong>atque</strong></span> <span class='ocrx_word' id='word_1_562' title='bbox 2284 3515 2339 3571; x_wconf 90' lang='lat' dir='ltr'><strong>in</strong></span> <span class='ocrx_word' id='word_1_563' title='bbox 2380 3517 2603 3574; x_wconf 90' lang='lat' dir='ltr'><strong>tuendis</strong></span> <span class='ocrx_word' id='word_1_564' title='bbox 2654 3518 2974 3588; x_wconf 85' lang='lat' dir='ltr'><strong>apostolicis</strong></span> <span class='ocrx_word' id='word_1_565' title='bbox 3009 3518 3361 3589; x_wconf 81' lang='lat' dir='ltr'><strong>dogmatibus</strong></span> <span class='ocrx_word' id='word_1_566' title='bbox 3392 3520 3462 3574; x_wconf 88' lang='lat' dir='ltr'><strong>li--</strong></span> 
     </span>
    </p>
   </div>
   <div class='ocr_carea' id='block_1_77' title="bbox 1888 3607 3462 3684">
    <p class='ocr_par' dir='ltr' id='par_1_77' title="bbox 1888 3607 3462 3684">
     <span class='ocr_line' id='line_1_77' title="bbox 1888 3607 3462 3684; baseline 0.004 -24"><span class='ocrx_word' id='word_1_567' title='bbox 1888 3607 2156 3663; x_wconf 88' lang='lat' dir='ltr'><strong>bertatem</strong></span> <span class='ocrx_word' id='word_1_568' title='bbox 2197 3608 2445 3673; x_wconf 87' lang='lat' dir='ltr'><strong>deberet,</strong></span> <span class='ocrx_word' id='word_1_569' title='bbox 2480 3611 2743 3666; x_wconf 87' lang='lat' dir='ltr'><strong>Ecclesiis</strong></span> <span class='ocrx_word' id='word_1_570' title='bbox 2775 3611 2901 3668; x_wconf 84' lang='lat' dir='ltr'><strong>illos</strong></span> <span class='ocrx_word' id='word_1_571' title='bbox 2928 3613 3160 3683; x_wconf 73' lang='lat' dir='ltr'><strong>expulit,</strong></span> <span class='ocrx_word' id='word_1_572' title='bbox 3214 3613 3462 3684; x_wconf 87' lang='lat' dir='ltr'><strong>aliosque</strong></span> 
     </span>
    </p>
   </div>
   <div class='ocr_carea' id='block_1_78' title="bbox 1885 3702 3461 3777">
    <p class='ocr_par' dir='ltr' id='par_1_78' title="bbox 1885 3702 3461 3777">
     <span class='ocr_line' id='line_1_78' title="bbox 1885 3702 3461 3777; baseline 0.006 -23"><span class='ocrx_word' id='word_1_573' title='bbox 1885 3714 2074 3755; x_wconf 89' lang='lat' dir='ltr'><strong>eorum</strong></span> <span class='ocrx_word' id='word_1_574' title='bbox 2123 3702 2243 3757; x_wconf 91' lang='lat' dir='ltr'><strong>loco</strong></span> <span class='ocrx_word' id='word_1_575' title='bbox 2296 3702 2584 3775; x_wconf 80' lang='lat' dir='ltr'><strong>subrogari</strong></span> <span class='ocrx_word' id='word_1_576' title='bbox 2642 3707 2920 3777; x_wconf 81' lang='lat' dir='ltr'><strong>praecepit.</strong></span> <span class='ocrx_word' id='word_1_577' title='bbox 2983 3704 3140 3761; x_wconf 85' lang='lat' dir='ltr'><strong>Tunc</strong></span> <span class='ocrx_word' id='word_1_578' title='bbox 3197 3708 3461 3777; x_wconf 89' lang='lat' dir='ltr'><strong>temporis</strong></span> 
     </span>
    </p>
   </div>
   <div class='ocr_carea' id='block_1_79' title="bbox 1883 3788 3462 3864">
    <p class='ocr_par' dir='ltr' id='par_1_79' title="bbox 1883 3788 3462 3864">
     <span class='ocr_line' id='line_1_79' title="bbox 1883 3788 3462 3864; baseline 0.002 -21"><span class='ocrx_word' id='word_1_579' title='bbox 1883 3788 2553 3862; x_wconf 88' lang='lat' dir='ltr'><strong>Constantinopolitanam</strong></span> <span class='ocrx_word' id='word_1_580' title='bbox 2620 3792 2923 3849; x_wconf 86' lang='lat' dir='ltr'><strong>Ecelesiam</strong></span> <span class='ocrx_word' id='word_1_581' title='bbox 2973 3808 3068 3864; x_wconf 76' lang='lat' dir='ltr'><strong>per</strong></span> <span class='ocrx_word' id='word_1_582' title='bbox 3113 3792 3462 3864; x_wconf 82' lang='lat' dir='ltr'><strong>tyrannidem</strong></span> 
     </span>
    </p>
   </div>
   <div class='ocr_carea' id='block_1_80' title="bbox 1884 3881 3464 3955">
    <p class='ocr_par' dir='ltr' id='par_1_80' title="bbox 1884 3881 3464 3955">
     <span class='ocr_line' id='line_1_80' title="bbox 1884 3881 3464 3955; baseline 0.003 -21"><span class='ocrx_word' id='word_1_583' title='bbox 1884 3883 2175 3952; x_wconf 85' lang='lat' dir='ltr'><strong>occupavit</strong></span> <span class='ocrx_word' id='word_1_584' title='bbox 2206 3881 2512 3950; x_wconf 84' lang='lat' dir='ltr'><strong>Eudoxius,</strong></span> <span class='ocrx_word' id='word_1_585' title='bbox 2561 3884 2763 3955; x_wconf 84' lang='lat' dir='ltr'><strong>Cyzico</strong></span> <span class='ocrx_word' id='word_1_586' title='bbox 2799 3892 2980 3940; x_wconf 90' lang='lat' dir='ltr'><strong>autem</strong></span> <span class='ocrx_word' id='word_1_587' title='bbox 3030 3882 3308 3939; x_wconf 86' lang='lat' dir='ltr'><strong>Eleusium</strong></span> <span class='ocrx_word' id='word_1_588' title='bbox 3348 3884 3464 3955; x_wconf 83' lang='lat' dir='ltr'><strong>pel-</strong></span> 
     </span>
    </p>
   </div>
   <div class='ocr_carea' id='block_1_81' title="bbox 1882 3973 3211 4046">
    <p class='ocr_par' dir='ltr' id='par_1_81' title="bbox 1882 3973 3211 4046">
     <span class='ocr_line' id='line_1_81' title="bbox 1882 3973 3211 4046; baseline 0.004 -21"><span class='ocrx_word' id='word_1_589' title='bbox 1882 3973 2081 4037; x_wconf 81' lang='lat' dir='ltr'><strong>lentes,</strong></span> <span class='ocrx_word' id='word_1_590' title='bbox 2118 3973 2452 4030; x_wconf 85' lang='lat' dir='ltr'><strong>Eunomium</strong></span> <span class='ocrx_word' id='word_1_591' title='bbox 2488 3977 2609 4046; x_wconf 84' lang='lat' dir='ltr'><strong>ejus</strong></span> <span class='ocrx_word' id='word_1_592' title='bbox 2640 3977 2760 4032; x_wconf 91' lang='lat' dir='ltr'><strong>loco</strong></span> <span class='ocrx_word' id='word_1_593' title='bbox 2786 3977 3211 4032; x_wconf 87' lang='lat' dir='ltr'><strong>substituerunt.</strong></span> 
     </span>
    </p>
   </div>
   <div class='ocr_carea' id='block_1_82' title="bbox 194 4064 3464 4143">
    <p class='ocr_par' dir='ltr' id='par_1_82' title="bbox 194 4064 3464 4143">
     <span class='ocr_line' id='line_1_82' title="bbox 194 4064 3464 4143; baseline 0.001 -22"><span class='ocrx_word' id='word_1_594' title='bbox 194 4068 490 4138; x_wconf 74' lang='grc' dir='ltr'>δογμάτων</span> <span class='ocrx_word' id='word_1_595' title='bbox 512 4068 843 4139; x_wconf 78' lang='grc' dir='ltr'>παρρησίαν,</span> <span class='ocrx_word' id='word_1_596' title='bbox 878 4069 1005 4131; x_wconf 79' lang='grc' dir='ltr'><strong>τούς</strong></span> <span class='ocrx_word' id='word_1_597' title='bbox 1038 4068 1135 4139; x_wconf 81' lang='grc' dir='ltr'>μὲν</span> <span class='ocrx_word' id='word_1_598' title='bbox 1156 4064 1384 4136; x_wconf 80' lang='grc' dir='ltr'>ἐξήλασε</span> <span class='ocrx_word' id='word_1_599' title='bbox 1412 4064 1522 4118; x_wconf 83' lang='grc' dir='ltr'><strong>τῶν</strong></span> <span class='ocrx_word' id='word_1_600' title='bbox 1554 4066 1909 4137; x_wconf 83' lang='grc' dir='ltr'>Ἐκκλησιῶν,</span> <span class='ocrx_word' id='word_1_601' title='bbox 1940 4068 2160 4139; x_wconf 81' lang='grc' dir='ltr'>ἐτέρους</span> <span class='ocrx_word' id='word_1_602' title='bbox 2191 4070 2247 4124; x_wconf 88' lang='grc' dir='ltr'>δὲ</span> <span class='ocrx_word' id='word_1_603' title='bbox 2280 4071 2395 4125; x_wconf 83' lang='grc' dir='ltr'>ἀντ’</span> <span class='ocrx_word' id='word_1_604' title='bbox 2422 4073 2601 4127; x_wconf 85' lang='grc' dir='ltr'>αὐτῶν</span> <span class='ocrx_word' id='word_1_605' title='bbox 2625 4072 2964 4143; x_wconf 84' lang='grc' dir='ltr'>καταστῆναι</span> <span class='ocrx_word' id='word_1_606' title='bbox 2992 4070 3312 4143; x_wconf 69' lang='grc' dir='ltr'>προσέταξε.</span> <span class='ocrx_word' id='word_1_607' title='bbox 3331 4071 3464 4126; x_wconf 86' lang='grc' dir='ltr'>Τότε</span> 
     </span>
    </p>
   </div>
   <div class='ocr_carea' id='block_1_83' title="bbox 197 4157 3465 4238">
    <p class='ocr_par' dir='ltr' id='par_1_83' title="bbox 197 4157 3465 4238">
     <span class='ocr_line' id='line_1_83' title="bbox 197 4157 3465 4238; baseline 0.002 -27"><span class='ocrx_word' id='word_1_608' title='bbox 197 4161 294 4230; x_wconf 76' lang='grc' dir='ltr'><strong>τῆς</strong></span> <span class='ocrx_word' id='word_1_609' title='bbox 324 4161 427 4230; x_wconf 81' lang='grc' dir='ltr'>μὲν</span> <span class='ocrx_word' id='word_1_610' title='bbox 448 4159 1066 4223; x_wconf 81' lang='grc' dir='ltr'>Κωνσταντινουπύλεως</span> <span class='ocrx_word' id='word_1_611' title='bbox 1087 4157 1134 4190; x_wconf 79' lang='grc'><strong>⁸⁸</strong></span> <span class='ocrx_word' id='word_1_612' title='bbox 1164 4158 1490 4228; x_wconf 78' lang='grc' dir='ltr'>Ἐκγλησίας</span> <span class='ocrx_word' id='word_1_613' title='bbox 1512 4160 1540 4211; x_wconf 85' lang='lat'><strong>6</strong></span> <span class='ocrx_word' id='word_1_614' title='bbox 1560 4158 1606 4189; x_wconf 76' lang='grc'>⁸⁸</span> <span class='ocrx_word' id='word_1_615' title='bbox 1639 4159 1886 4225; x_wconf 80' lang='grc' dir='ltr'>Εὐδόξιος</span> <span class='ocrx_word' id='word_1_616' title='bbox 1915 4164 2251 4233; x_wconf 83' lang='grc' dir='ltr'>τυραννικῶς</span> <span class='ocrx_word' id='word_1_617' title='bbox 2278 4165 2512 4237; x_wconf 78' lang='grc' dir='ltr'>ἁρπάζει</span> <span class='ocrx_word' id='word_1_618' title='bbox 2536 4166 2629 4219; x_wconf 81' lang='grc' dir='ltr'><strong>τὸν</strong></span> <span class='ocrx_word' id='word_1_619' title='bbox 2654 4164 2871 4238; x_wconf 85' lang='grc' dir='ltr'>θρόνον·</span> <span class='ocrx_word' id='word_1_620' title='bbox 2905 4164 3006 4236; x_wconf 83' lang='grc' dir='ltr'>τῆς</span> <span class='ocrx_word' id='word_1_621' title='bbox 3024 4165 3081 4219; x_wconf 80' lang='grc' dir='ltr'>δὲ</span> <span class='ocrx_word' id='word_1_622' title='bbox 3102 4165 3339 4231; x_wconf 75' lang='grc' dir='ltr'>Κυζίκου</span> <span class='ocrx_word' id='word_1_623' title='bbox 3372 4166 3465 4220; x_wconf 83' lang='grc' dir='ltr'><strong>τὸν</strong></span> 
     </span>
    </p>
   </div>
   <div class='ocr_carea' id='block_1_84' title="bbox 208 4248 2199 4325">
    <p class='ocr_par' dir='ltr' id='par_1_84' title="bbox 208 4248 2199 4325">
     <span class='ocr_line' id='line_1_84' title="bbox 208 4248 2199 4325; baseline 0.002 -18"><span class='ocrx_word' id='word_1_624' title='bbox 208 4252 485 4307; x_wconf 76' lang='grc' dir='ltr'>Ἑλεύσιον</span> <span class='ocrx_word' id='word_1_625' title='bbox 517 4251 866 4317; x_wconf 75' lang='grc' dir='ltr'>ἐξελάσαντες</span> <span class='ocrx_word' id='word_1_626' title='bbox 886 4252 976 4316; x_wconf 80' lang='grc'><strong>¹¹⁶’,</strong></span> <span class='ocrx_word' id='word_1_627' title='bbox 1004 4252 1121 4304; x_wconf 80' lang='grc' dir='ltr'>ἀντ’</span> <span class='ocrx_word' id='word_1_628' title='bbox 1163 4249 1374 4305; x_wconf 84' lang='grc' dir='ltr'>ἐκείνου</span> <span class='ocrx_word' id='word_1_629' title='bbox 1418 4248 1759 4320; x_wconf 77' lang='grc' dir='ltr'>κατέστησαν</span> <span class='ocrx_word' id='word_1_630' title='bbox 1786 4252 1875 4305; x_wconf 73' lang='grc' dir='ltr'>τὸν</span> <span class='ocrx_word' id='word_1_631' title='bbox 1916 4253 2199 4325; x_wconf 83' lang='grc' dir='ltr'>Εὐνόμιον.</span> 
     </span>
    </p>
   </div>
   <div class='ocr_carea' id='block_1_85' title="bbox 783 4411 1196 4464">
    <p class='ocr_par' dir='ltr' id='par_1_85' title="bbox 783 4411 1196 4464">
     <span class='ocr_line' id='line_1_85' title="bbox 783 4411 1196 4464; baseline -0.005 0"><span class='ocrx_word' id='word_1_632' title='bbox 783 4411 1033 4464; x_wconf 75' lang='grc' dir='ltr'><strong>ΚΕΦΛΛ.</strong></span> <span class='ocrx_word' id='word_1_633' title='bbox 1074 4411 1196 4463; x_wconf 78' lang='lat' dir='ltr'><strong>KA&#39;.</strong></span> 
     </span>
    </p>
   </div>
   <div class='ocr_carea' id='block_1_86' title="bbox 267 4523 1705 4595">
    <p class='ocr_par' dir='ltr' id='par_1_86' title="bbox 267 4523 1705 4595">
     <span class='ocr_line' id='line_1_86' title="bbox 267 4523 1705 4595; baseline -0.006 -12"><span class='ocrx_word' id='word_1_634' title='bbox 267 4526 572 4595; x_wconf 78' lang='grc' dir='ltr'>Συνοδικὴ</span> <span class='ocrx_word' id='word_1_635' title='bbox 611 4524 907 4593; x_wconf 72' lang='grc' dir='ltr'>ἐπιστολὴ</span> <span class='ocrx_word' id='word_1_636' title='bbox 946 4523 1239 4595; x_wconf 69' lang='grc' dir='ltr'>τραφεῖσα</span> <span class='ocrx_word' id='word_1_637' title='bbox 1268 4524 1418 4577; x_wconf 83' lang='grc' dir='ltr'>κατὰ</span> <span class='ocrx_word' id='word_1_638' title='bbox 1458 4524 1705 4577; x_wconf 85' lang='grc' dir='ltr'>Ἀετίου.</span> 
     </span>
    </p>
   </div>
   <div class='ocr_carea' id='block_1_87' title="bbox 271 4636 1781 4709">
    <p class='ocr_par' dir='ltr' id='par_1_87' title="bbox 271 4636 1781 4709">
     <span class='ocr_line' id='line_1_87' title="bbox 271 4636 1781 4709; baseline -0.008 -11"><span class='ocrx_word' id='word_1_639' title='bbox 271 4643 387 4698; x_wconf 77' lang='grc' dir='ltr'><strong>Καὶ</strong></span> <span class='ocrx_word' id='word_1_640' title='bbox 420 4642 623 4696; x_wconf 81' lang='grc' dir='ltr'>τούτων</span> <span class='ocrx_word' id='word_1_641' title='bbox 653 4640 712 4694; x_wconf 77' lang='grc' dir='ltr'>δὲ</span> <span class='ocrx_word' id='word_1_642' title='bbox 757 4639 934 4702; x_wconf 72' lang='grc' dir='ltr'>οὕτως</span> <span class='ocrx_word' id='word_1_643' title='bbox 967 4637 1368 4709; x_wconf 72' lang='grc' dir='ltr'>γεγενημένων,</span> <span class='ocrx_word' id='word_1_644' title='bbox 1396 4636 1781 4708; x_wconf 83' lang='grc' dir='ltr'>ἀποκηρυχθῆ-</span> 
     </span>
    </p>
   </div>
   <div class='ocr_carea' id='block_1_88' title="bbox 2364 4405 2945 4479">
    <p class='ocr_par' dir='ltr' id='par_1_88' title="bbox 2364 4405 2945 4479">
     <span class='ocr_line' id='line_1_88' title="bbox 2364 4405 2945 4479; baseline -0.005 -17"><span class='ocrx_word' id='word_1_645' title='bbox 2364 4407 2533 4479; x_wconf 76' lang='lat'><strong>399</strong></span> <span class='ocrx_word' id='word_1_646' title='bbox 2569 4405 2719 4463; x_wconf 67' lang='lat' dir='ltr'><strong>cap.</strong></span> <span class='ocrx_word' id='word_1_647' title='bbox 2756 4405 2945 4461; x_wconf 58' lang='grc' dir='ltr'>χειν.</span> 
     </span>
    </p>
   </div>
   <div class='ocr_carea' id='block_1_89' title="bbox 2066 4518 3282 4591">
    <p class='ocr_par' dir='ltr' id='par_1_89' title="bbox 2066 4518 3282 4591">
     <span class='ocr_line' id='line_1_89' title="bbox 2066 4518 3282 4591; baseline 0 -18"><span class='ocrx_word' id='word_1_648' title='bbox 2066 4518 2311 4590; x_wconf 79' lang='lat' dir='ltr'><strong>Epistota</strong></span> <span class='ocrx_word' id='word_1_649' title='bbox 2334 4521 2589 4591; x_wconf 81' lang='lat' dir='ltr'><strong>synodica</strong></span> <span class='ocrx_word' id='word_1_650' title='bbox 2621 4530 2808 4575; x_wconf 84' lang='lat' dir='ltr'><strong>contra</strong></span> <span class='ocrx_word' id='word_1_651' title='bbox 2836 4519 3042 4574; x_wconf 75' lang='lat' dir='ltr'><strong>Aetium</strong></span> <span class='ocrx_word' id='word_1_652' title='bbox 3065 4520 3282 4589; x_wconf 77' lang='lat' dir='ltr'><strong>scripta.</strong></span> 
     </span>
    </p>
   </div>
   <div class='ocr_carea' id='block_1_90' title="bbox 1959 4630 3459 4703">
    <p class='ocr_par' dir='ltr' id='par_1_90' title="bbox 1959 4630 3459 4703">
     <span class='ocr_line' id='line_1_90' title="bbox 1959 4630 3459 4703; baseline -0.001 -17"><span class='ocrx_word' id='word_1_653' title='bbox 1959 4633 2057 4689; x_wconf 77' lang='lat' dir='ltr'><strong>liis</strong></span> <span class='ocrx_word' id='word_1_654' title='bbox 2094 4633 2165 4688; x_wconf 86' lang='lat' dir='ltr'><strong>ita</strong></span> <span class='ocrx_word' id='word_1_655' title='bbox 2200 4633 2393 4703; x_wconf 84' lang='lat' dir='ltr'><strong>gestis,</strong></span> <span class='ocrx_word' id='word_1_656' title='bbox 2451 4634 2670 4689; x_wconf 88' lang='lat' dir='ltr'><strong>Aetium</strong></span> <span class='ocrx_word' id='word_1_657' title='bbox 2733 4633 2938 4703; x_wconf 87' lang='lat' dir='ltr'><strong>scripto</strong></span> <span class='ocrx_word' id='word_1_658' title='bbox 2996 4632 3245 4687; x_wconf 88' lang='lat' dir='ltr'><strong>damnari</strong></span> <span class='ocrx_word' id='word_1_659' title='bbox 3291 4630 3459 4701; x_wconf 80' lang='lat' dir='ltr'><strong>jussit</strong></span> 
     </span>
    </p>
   </div>
   <div class='ocr_carea' id='block_1_91' title="bbox 199 4714 1776 4803">
    <p class='ocr_par' dir='ltr' id='par_1_91' title="bbox 199 4715 1776 4803">
     <span class='ocr_line' id='line_1_91' title="bbox 199 4715 1776 4803; baseline -0.003 -17"><span class='ocrx_word' id='word_1_660' title='bbox 199 4752 284 4787; x_wconf 84' lang='grc' dir='ltr'><strong>ναι</strong></span> <span class='ocrx_word' id='word_1_661' title='bbox 326 4732 423 4785; x_wconf 67' lang='grc' dir='ltr'><strong>τὸν</strong></span> <span class='ocrx_word' id='word_1_662' title='bbox 466 4732 670 4785; x_wconf 81' lang='grc' dir='ltr'>Ἀέτιον</span> <span class='ocrx_word' id='word_1_663' title='bbox 703 4731 996 4801; x_wconf 76' lang='grc' dir='ltr'>ἐγγράφως</span> <span class='ocrx_word' id='word_1_664' title='bbox 1027 4728 1327 4803; x_wconf 77' lang='grc' dir='ltr'>προσέταξε</span> <span class='ocrx_word' id='word_1_665' title='bbox 1367 4728 1621 4799; x_wconf 83' lang='grc' dir='ltr'>βασιλεύς</span> <span class='ocrx_word' id='word_1_666' title='bbox 1645 4745 1660 4758; x_wconf 83' lang='lat'><strong><em>°</em></strong></span> <span class='ocrx_word' id='word_1_667' title='bbox 1696 4715 1776 4783; x_wconf 52' lang='grc' dir='ltr'>καὶ</span> 
     </span>
    </p>
   </div>
   <div class='ocr_carea' id='block_1_92' title="bbox 1880 4714 3459 4803">
    <p class='ocr_par' dir='ltr' id='par_1_92' title="bbox 1891 4724 3459 4796">
     <span class='ocr_line' id='line_1_92' title="bbox 1891 4724 3459 4796; baseline -0.001 -18"><span class='ocrx_word' id='word_1_668' title='bbox 1891 4724 2190 4796; x_wconf 88' lang='lat' dir='ltr'><strong>imperator</strong></span> <span class='ocrx_word' id='word_1_669' title='bbox 2219 4744 2232 4779; x_wconf 88' lang='lat'><strong>:</strong></span> <span class='ocrx_word' id='word_1_670' title='bbox 2267 4726 2355 4779; x_wconf 91' lang='lat' dir='ltr'><strong>cui</strong></span> <span class='ocrx_word' id='word_1_671' title='bbox 2398 4725 2846 4796; x_wconf 86' lang='lat' dir='ltr'><strong>obtemperantes</strong></span> <span class='ocrx_word' id='word_1_672' title='bbox 2898 4724 3202 4795; x_wconf 88' lang='lat' dir='ltr'><strong>impietatis</strong></span> <span class='ocrx_word' id='word_1_673' title='bbox 3227 4738 3459 4779; x_wconf 85' lang='lat' dir='ltr'><strong>consor-</strong></span> 
     </span>
    </p>
   </div>
   <div class='ocr_carea' id='block_1_93' title="bbox 194 4813 1776 4895">
    <p class='ocr_par' dir='ltr' id='par_1_93' title="bbox 194 4818 1776 4895">
     <span class='ocr_line' id='line_1_93' title="bbox 194 4818 1776 4895; baseline -0.002 -18"><span class='ocrx_word' id='word_1_674' title='bbox 194 4825 297 4895; x_wconf 78' lang='grc' dir='ltr'>τῆς</span> <span class='ocrx_word' id='word_1_675' title='bbox 328 4822 653 4886; x_wconf 67' lang='grc' dir='ltr'>δυσσεϐείας</span> <span class='ocrx_word' id='word_1_676' title='bbox 682 4822 732 4875; x_wconf 87' lang='grc' dir='ltr'><strong>οί</strong></span> <span class='ocrx_word' id='word_1_677' title='bbox 776 4822 1024 4875; x_wconf 71' lang='grc' dir='ltr'>κοινωνοὶ</span> <span class='ocrx_word' id='word_1_678' title='bbox 1070 4820 1385 4883; x_wconf 80' lang='grc' dir='ltr'>πεισθέντες</span> <span class='ocrx_word' id='word_1_679' title='bbox 1431 4818 1776 4890; x_wconf 77' lang='grc' dir='ltr'>ἀπεκήρυξαν</span> 
     </span>
    </p>
   </div>
   <div class='ocr_carea' id='block_1_94' title="bbox 1880 4813 3461 4895">
    <p class='ocr_par' dir='ltr' id='par_1_94' title="bbox 1880 4813 3461 4886">
     <span class='ocr_line' id='line_1_94' title="bbox 1880 4813 3461 4886; baseline 0 -16"><span class='ocrx_word' id='word_1_680' title='bbox 1880 4825 1962 4872; x_wconf 92' lang='lat' dir='ltr'><strong>tes</strong></span> <span class='ocrx_word' id='word_1_681' title='bbox 1996 4816 2286 4872; x_wconf 72' lang='lat' dir='ltr'><strong>sententia:</strong></span> <span class='ocrx_word' id='word_1_682' title='bbox 2314 4832 2431 4872; x_wconf 79' lang='lat' dir='ltr'><strong>sua:</strong></span> <span class='ocrx_word' id='word_1_683' title='bbox 2464 4816 2678 4872; x_wconf 90' lang='lat' dir='ltr'><strong>socium</strong></span> <span class='ocrx_word' id='word_1_684' title='bbox 2719 4816 3177 4871; x_wconf 84' lang='lat' dir='ltr'><strong>condemnarunt.</strong></span> <span class='ocrx_word' id='word_1_685' title='bbox 3211 4813 3461 4886; x_wconf 88' lang='lat' dir='ltr'><strong>Scripse-</strong></span> 
     </span>
    </p>
   </div>
   <div class='ocr_carea' id='block_1_95' title="bbox 198 4904 1776 4986">
    <p class='ocr_par' dir='ltr' id='par_1_95' title="bbox 198 4911 1776 4986">
     <span class='ocr_line' id='line_1_95' title="bbox 198 4911 1776 4986; baseline -0.004 -16"><span class='ocrx_word' id='word_1_686' title='bbox 198 4917 289 4970; x_wconf 71' lang='grc' dir='ltr'><strong>τὸν</strong></span> <span class='ocrx_word' id='word_1_687' title='bbox 320 4916 622 4986; x_wconf 77' lang='grc' dir='ltr'>ὁμόφρονα.</span> <span class='ocrx_word' id='word_1_688' title='bbox 660 4913 948 4984; x_wconf 78' lang='grc' dir='ltr'>Ἕγραψαν</span> <span class='ocrx_word' id='word_1_689' title='bbox 992 4912 1049 4967; x_wconf 78' lang='grc' dir='ltr'>δὲ</span> <span class='ocrx_word' id='word_1_690' title='bbox 1084 4913 1179 4967; x_wconf 71' lang='grc' dir='ltr'><strong>καὶ</strong></span> <span class='ocrx_word' id='word_1_691' title='bbox 1219 4911 1353 4984; x_wconf 77' lang='grc' dir='ltr'>πρὸς</span> <span class='ocrx_word' id='word_1_692' title='bbox 1386 4911 1653 4981; x_wconf 77' lang='grc' dir='ltr'>Γεὼργιον</span> <span class='ocrx_word' id='word_1_693' title='bbox 1693 4911 1776 4963; x_wconf 56' lang='grc' dir='ltr'><strong>τοι</strong></span> 
     </span>
    </p>
   </div>
   <div class='ocr_carea' id='block_1_96' title="bbox 1880 4904 3461 4986">
    <p class='ocr_par' dir='ltr' id='par_1_96' title="bbox 1880 4904 3461 4977">
     <span class='ocr_line' id='line_1_96' title="bbox 1880 4904 3461 4977; baseline -0.001 -16"><span class='ocrx_word' id='word_1_694' title='bbox 1880 4915 2007 4961; x_wconf 91' lang='lat' dir='ltr'><strong>runt</strong></span> <span class='ocrx_word' id='word_1_695' title='bbox 2060 4907 2227 4961; x_wconf 87' lang='lat' dir='ltr'><strong>etiam</strong></span> <span class='ocrx_word' id='word_1_696' title='bbox 2290 4908 2357 4964; x_wconf 89' lang='lat' dir='ltr'><strong>de</strong></span> <span class='ocrx_word' id='word_1_697' title='bbox 2412 4908 2507 4962; x_wconf 88' lang='lat' dir='ltr'><strong>illo</strong></span> <span class='ocrx_word' id='word_1_698' title='bbox 2559 4908 2627 4961; x_wconf 87' lang='lat' dir='ltr'><strong>ad</strong></span> <span class='ocrx_word' id='word_1_699' title='bbox 2686 4904 2982 4977; x_wconf 86' lang='lat' dir='ltr'><strong>Georgium</strong></span> <span class='ocrx_word' id='word_1_700' title='bbox 3030 4905 3461 4961; x_wconf 78' lang='lat' dir='ltr'><strong>Alexandrinum</strong></span> 
     </span>
    </p>
   </div>
   <div class='ocr_carea' id='block_1_97' title="bbox 198 4997 1776 5077">
    <p class='ocr_par' dir='ltr' id='par_1_97' title="bbox 198 5000 1776 5077">
     <span class='ocr_line' id='line_1_97' title="bbox 198 5000 1776 5077; baseline -0.004 -19"><span class='ocrx_word' id='word_1_701' title='bbox 198 5010 296 5077; x_wconf 76' lang='grc' dir='ltr'>τῆς</span> <span class='ocrx_word' id='word_1_702' title='bbox 329 5003 729 5073; x_wconf 78' lang='grc' dir='ltr'>’Δλεξανδρέων</span> <span class='ocrx_word' id='word_1_703' title='bbox 752 5003 1053 5075; x_wconf 66' lang='grc' dir='ltr'><strong>⁴ἡγούμενον</strong></span> <span class='ocrx_word' id='word_1_704' title='bbox 1077 5002 1144 5055; x_wconf 75' lang='grc' dir='ltr'><strong>τὰ</strong></span> <span class='ocrx_word' id='word_1_705' title='bbox 1173 5002 1314 5056; x_wconf 80' lang='grc' dir='ltr'>κατά</span> <span class='ocrx_word' id='word_1_706' title='bbox 1342 5000 1529 5054; x_wconf 88' lang='grc' dir='ltr'>τοῦτον</span> <span class='ocrx_word' id='word_1_707' title='bbox 1554 5000 1776 5070; x_wconf 83' lang='grc' dir='ltr'>μηνύον-</span> 
     </span>
    </p>
   </div>
   <div class='ocr_carea' id='block_1_98' title="bbox 1880 4997 3463 5077">
    <p class='ocr_par' dir='ltr' id='par_1_98' title="bbox 1880 4997 3463 5070">
     <span class='ocr_line' id='line_1_98' title="bbox 1880 4997 3463 5070; baseline -0.001 -16"><span class='ocrx_word' id='word_1_708' title='bbox 1880 4999 2187 5066; x_wconf 82' lang='lat' dir='ltr'><strong>epistolam,</strong></span> <span class='ocrx_word' id='word_1_709' title='bbox 2218 5014 2383 5070; x_wconf 88' lang='lat' dir='ltr'><strong>quam</strong></span> <span class='ocrx_word' id='word_1_710' title='bbox 2416 4999 2634 5070; x_wconf 88' lang='lat' dir='ltr'><strong>quidem</strong></span> <span class='ocrx_word' id='word_1_711' title='bbox 2679 4998 2925 5053; x_wconf 65' lang='lat' dir='ltr'><strong>historiae</strong></span> <span class='ocrx_word' id='word_1_712' title='bbox 2970 4997 3230 5062; x_wconf 88' lang='lat' dir='ltr'><strong>inseram,</strong></span> <span class='ocrx_word' id='word_1_713' title='bbox 3264 5004 3324 5051; x_wconf 89' lang='lat' dir='ltr'><strong>ut</strong></span> <span class='ocrx_word' id='word_1_714' title='bbox 3369 5012 3463 5052; x_wconf 83' lang='lat' dir='ltr'><strong>eo—</strong></span> 
     </span>
    </p>
   </div>
   <div class='ocr_carea' id='block_1_99' title="bbox 197 5086 1776 5166">
    <p class='ocr_par' dir='ltr' id='par_1_99' title="bbox 197 5086 1776 5166">
     <span class='ocr_line' id='line_1_99' title="bbox 197 5086 1776 5166; baseline -0.003 -19"><span class='ocrx_word' id='word_1_715' title='bbox 197 5112 306 5158; x_wconf 85' lang='grc' dir='ltr'>τες.</span> <span class='ocrx_word' id='word_1_716' title='bbox 351 5093 500 5163; x_wconf 83' lang='grc' dir='ltr'><strong>Ἐγὼ</strong></span> <span class='ocrx_word' id='word_1_717' title='bbox 541 5094 598 5147; x_wconf 79' lang='grc' dir='ltr'><strong>δὲ</strong></span> <span class='ocrx_word' id='word_1_718' title='bbox 631 5094 789 5165; x_wconf 86' lang='grc' dir='ltr'>τήνδε</span> <span class='ocrx_word' id='word_1_719' title='bbox 824 5094 921 5166; x_wconf 79' lang='grc' dir='ltr'><strong>τὴν</strong></span> <span class='ocrx_word' id='word_1_720' title='bbox 972 5086 1262 5166; x_wconf 72' lang='grc' dir='ltr'>ἐπιστολὴν</span> <span class='ocrx_word' id='word_1_721' title='bbox 1295 5092 1506 5164; x_wconf 81' lang='grc' dir='ltr'>ἐνθήσω</span> <span class='ocrx_word' id='word_1_722' title='bbox 1552 5093 1616 5162; x_wconf 80' lang='grc' dir='ltr'>τῇ</span> <span class='ocrx_word' id='word_1_723' title='bbox 1652 5108 1776 5159; x_wconf 89' lang='grc' dir='ltr'>συγ-</span> 
     </span>
    </p>
   </div>
   <div class='ocr_carea' id='block_1_100' title="bbox 1880 5086 3463 5166">
    <p class='ocr_par' dir='ltr' id='par_1_100' title="bbox 1880 5088 3463 5161">
     <span class='ocr_line' id='line_1_100' title="bbox 1880 5088 3463 5161; baseline -0.001 -18"><span class='ocrx_word' id='word_1_724' title='bbox 1880 5106 1999 5143; x_wconf 90' lang='lat' dir='ltr'><strong>rum</strong></span> <span class='ocrx_word' id='word_1_725' title='bbox 2058 5091 2382 5161; x_wconf 84' lang='lat' dir='ltr'><strong>improbitas</strong></span> <span class='ocrx_word' id='word_1_726' title='bbox 2463 5090 2737 5161; x_wconf 87' lang='lat' dir='ltr'><strong>pateﬁat:</strong></span> <span class='ocrx_word' id='word_1_727' title='bbox 2781 5091 2983 5161; x_wconf 90' lang='lat' dir='ltr'><strong>quippe</strong></span> <span class='ocrx_word' id='word_1_728' title='bbox 3048 5088 3142 5159; x_wconf 86' lang='lat' dir='ltr'><strong>qui</strong></span> <span class='ocrx_word' id='word_1_729' title='bbox 3200 5089 3463 5147; x_wconf 73' lang='lat' dir='ltr'><strong>doctrina:</strong></span> 
     </span>
    </p>
   </div>
   <div class='ocr_carea' id='block_1_101' title="bbox 198 5178 1776 5259">
    <p class='ocr_par' dir='ltr' id='par_1_101' title="bbox 198 5181 1776 5259">
     <span class='ocr_line' id='line_1_101' title="bbox 198 5181 1776 5259; baseline -0.003 -19"><span class='ocrx_word' id='word_1_730' title='bbox 198 5190 410 5259; x_wconf 66' lang='grc' dir='ltr'>γραφῇ,</span> <span class='ocrx_word' id='word_1_731' title='bbox 437 5185 537 5256; x_wconf 83' lang='grc' dir='ltr'><strong>τὴν</strong></span> <span class='ocrx_word' id='word_1_732' title='bbox 563 5186 788 5239; x_wconf 82' lang='grc' dir='ltr'>ἐκείνων</span> <span class='ocrx_word' id='word_1_733' title='bbox 814 5186 1115 5258; x_wconf 83' lang='grc' dir='ltr'>μοχθηρίαν</span> <span class='ocrx_word' id='word_1_734' title='bbox 1139 5184 1466 5247; x_wconf 77' lang='grc' dir='ltr'>ἐπιδεικνύς.</span> <span class='ocrx_word' id='word_1_735' title='bbox 1494 5181 1647 5255; x_wconf 68' lang='grc'><strong>[114]</strong></span> <span class='ocrx_word' id='word_1_736' title='bbox 1672 5184 1776 5241; x_wconf 74' lang='grc' dir='ltr'><strong>Καὶ</strong></span> 
     </span>
    </p>
   </div>
   <div class='ocr_carea' id='block_1_102' title="bbox 1880 5178 3462 5259">
    <p class='ocr_par' dir='ltr' id='par_1_102' title="bbox 1883 5178 3462 5237">
     <span class='ocr_line' id='line_1_102' title="bbox 1883 5178 3462 5237; baseline -0.002 -2"><span class='ocrx_word' id='word_1_737' title='bbox 1883 5197 1998 5237; x_wconf 76' lang='lat' dir='ltr'><strong>sua:</strong></span> <span class='ocrx_word' id='word_1_738' title='bbox 2051 5182 2298 5237; x_wconf 81' lang='lat' dir='ltr'><strong>faventes</strong></span> <span class='ocrx_word' id='word_1_739' title='bbox 2354 5190 2407 5237; x_wconf 88' lang='lat' dir='ltr'><strong>et</strong></span> <span class='ocrx_word' id='word_1_740' title='bbox 2454 5181 2811 5237; x_wconf 86' lang='lat' dir='ltr'><strong>adversarios</strong></span> <span class='ocrx_word' id='word_1_741' title='bbox 2849 5196 2959 5237; x_wconf 90' lang='lat' dir='ltr'><strong>non</strong></span> <span class='ocrx_word' id='word_1_742' title='bbox 3000 5179 3253 5237; x_wconf 88' lang='lat' dir='ltr'><strong>dissimili</strong></span> <span class='ocrx_word' id='word_1_743' title='bbox 3296 5178 3462 5233; x_wconf 86' lang='lat' dir='ltr'><strong>modo</strong></span> 
     </span>
    </p>
   </div>
   <div class='ocr_carea' id='block_1_103' title="bbox 198 5273 1776 5350">
    <p class='ocr_par' dir='ltr' id='par_1_103' title="bbox 198 5275 1775 5350">
     <span class='ocr_line' id='line_1_103' title="bbox 198 5275 1775 5350; baseline -0.004 -19"><span class='ocrx_word' id='word_1_744' title='bbox 198 5280 305 5350; x_wconf 75' lang='grc' dir='ltr'><strong>γὰρ</strong></span> <span class='ocrx_word' id='word_1_745' title='bbox 338 5280 455 5341; x_wconf 83' lang='grc' dir='ltr'>τοῖς</span> <span class='ocrx_word' id='word_1_746' title='bbox 487 5277 923 5349; x_wconf 65' lang='grc' dir='ltr'><strong>συμιρρονοῦσι⁸⁷</strong></span> <span class='ocrx_word' id='word_1_747' title='bbox 959 5279 1054 5331; x_wconf 80' lang='grc' dir='ltr'><strong>καὶ</strong></span> <span class='ocrx_word' id='word_1_748' title='bbox 1086 5280 1197 5341; x_wconf 82' lang='grc' dir='ltr'>τοῖς</span> <span class='ocrx_word' id='word_1_749' title='bbox 1232 5275 1571 5344; x_wconf 82' lang='grc' dir='ltr'>ἀντιλέγουσι</span> <span class='ocrx_word' id='word_1_750' title='bbox 1601 5289 1775 5345; x_wconf 81' lang='grc' dir='ltr'>παρα-</span> 
     </span>
    </p>
   </div>
   <div class='ocr_carea' id='block_1_104' title="bbox 1880 5273 2191 5350">
    <p class='ocr_par' dir='ltr' id='par_1_104' title="bbox 1883 5273 2191 5328">
     <span class='ocr_line' id='line_1_104' title="bbox 1883 5273 2191 5328; baseline 0 -1"><span class='ocrx_word' id='word_1_751' title='bbox 1883 5282 2056 5328; x_wconf 77' lang='lat' dir='ltr'><strong>tracta</strong></span> <span class='ocrx_word' id='word_1_752' title='bbox 2066 5273 2191 5328; x_wconf 81' lang='lat' dir='ltr'><strong>rint.</strong></span> 
     </span>
    </p>
   </div>
   <div class='ocr_carea' id='block_1_105' title="bbox 199 5370 788 5443">
    <p class='ocr_par' dir='ltr' id='par_1_105' title="bbox 199 5370 788 5443">
     <span class='ocr_line' id='line_1_105' title="bbox 199 5370 788 5443; baseline 0.002 -20"><span class='ocrx_word' id='word_1_753' title='bbox 199 5370 443 5443; x_wconf 80' lang='grc' dir='ltr'>πλησίως</span> <span class='ocrx_word' id='word_1_754' title='bbox 470 5370 788 5441; x_wconf 77' lang='grc' dir='ltr'>ἐκέχρηντο.</span> 
     </span>
    </p>
   </div>
   <div class='ocr_carea' id='block_1_106' title="bbox 1504 5536 2177 5596">
    <p class='ocr_par' dir='ltr' id='par_1_106' title="bbox 1504 5536 2177 5596">
     <span class='ocr_line' id='line_1_106' title="bbox 1504 5536 2177 5596; baseline -0.001 -4"><span class='ocrx_word' id='word_1_755' title='bbox 1504 5538 1739 5596; x_wconf 60' lang='grc' dir='ltr'>νΑῐιιίΕ</span> <span class='ocrx_word' id='word_1_756' title='bbox 1775 5536 2177 5594; x_wconf 77' lang='lat' dir='ltr'><strong>LECTIUNES.</strong></span> 
     </span>
    </p>
   </div>
   <div class='ocr_carea' id='block_1_107' title="bbox 267 5715 3461 5793">
    <p class='ocr_par' dir='ltr' id='par_1_107' title="bbox 267 5715 3461 5793">
     <span class='ocr_line' id='line_1_107' title="bbox 267 5715 3461 5793; baseline -0.005 -11"><span class='ocrx_word' id='word_1_757' title='bbox 267 5728 313 5762; x_wconf 81' lang='grc'><strong>⁸³</strong></span> <span class='ocrx_word' id='word_1_758' title='bbox 344 5726 654 5789; x_wconf 86' lang='grc' dir='ltr'>ἀσπασίως.</span> <span class='ocrx_word' id='word_1_759' title='bbox 679 5725 800 5779; x_wconf 82' lang='lat' dir='ltr'><strong>Bas.</strong></span> <span class='ocrx_word' id='word_1_760' title='bbox 830 5723 1003 5779; x_wconf 61' lang='lat' dir='ltr'><strong>Grato.</strong></span> <span class='ocrx_word' id='word_1_761' title='bbox 1064 5724 1107 5756; x_wconf 73' lang='lat'><strong>“</strong></span> <span class='ocrx_word' id='word_1_762' title='bbox 1142 5724 1494 5793; x_wconf 80' lang='grc' dir='ltr'>πρόσκλησιν.</span> <span class='ocrx_word' id='word_1_763' title='bbox 1526 5720 1692 5776; x_wconf 86' lang='lat' dir='ltr'><strong>Idem.</strong></span> <span class='ocrx_word' id='word_1_764' title='bbox 1759 5720 1803 5752; x_wconf 83' lang='lat'><strong>”</strong></span> <span class='ocrx_word' id='word_1_765' title='bbox 1836 5718 2680 5793; x_wconf 48' lang='lat' dir='ltr'><strong>K(iwita‘ltt‘IOU‘RohtthLIde!!!</strong></span> <span class='ocrx_word' id='word_1_766' title='bbox 2706 5732 2829 5793; x_wconf 66' lang='lat' dir='ltr'><strong>cum</strong></span> <span class='ocrx_word' id='word_1_767' title='bbox 2860 5715 3049 5788; x_wconf 80' lang='lat' dir='ltr'><strong>Steph.</strong></span> <span class='ocrx_word' id='word_1_768' title='bbox 3110 5716 3155 5748; x_wconf 81' lang='lat'><strong>“</strong></span> <span class='ocrx_word' id='word_1_769' title='bbox 3184 5715 3461 5771; x_wconf 78' lang='lat' dir='ltr'><strong>Articulus</strong></span> 
     </span>
    </p>
   </div>
   <div class='ocr_carea' id='block_1_108' title="bbox 208 5786 2963 5866">
    <p class='ocr_par' dir='ltr' id='par_1_108' title="bbox 208 5786 2963 5866">
     <span class='ocr_line' id='line_1_108' title="bbox 208 5786 2963 5866; baseline -0.002 -17"><span class='ocrx_word' id='word_1_770' title='bbox 208 5799 355 5853; x_wconf 78' lang='lat' dir='ltr'><strong>abest</strong></span> <span class='ocrx_word' id='word_1_771' title='bbox 413 5800 484 5851; x_wconf 82' lang='lat' dir='ltr'><strong>ab</strong></span> <span class='ocrx_word' id='word_1_772' title='bbox 544 5786 795 5866; x_wconf 73' lang='lat' dir='ltr'><strong>utroque.</strong></span> <span class='ocrx_word' id='word_1_773' title='bbox 872 5797 938 5828; x_wconf 80' lang='lat'><strong>”&#39;</strong></span> <span class='ocrx_word' id='word_1_774' title='bbox 969 5786 1664 5859; x_wconf 66' lang='grc' dir='ltr'>ἐξελάσας-κατέστησε.</span> <span class='ocrx_word' id='word_1_775' title='bbox 1699 5793 1817 5848; x_wconf 75' lang='lat' dir='ltr'><strong>Bas.</strong></span> <span class='ocrx_word' id='word_1_776' title='bbox 1848 5793 2018 5845; x_wconf 55' lang='lat' dir='ltr'><strong>(haec.</strong></span> <span class='ocrx_word' id='word_1_777' title='bbox 2130 5793 2171 5822; x_wconf 76' lang='grc'><strong>⁸⁷</strong></span> <span class='ocrx_word' id='word_1_778' title='bbox 2230 5788 2598 5859; x_wconf 71' lang='grc' dir='ltr'>συμφωνοῦσι.</span> <span class='ocrx_word' id='word_1_779' title='bbox 2647 5786 2963 5844; x_wconf 52' lang='lat' dir='ltr'><strong>BasGrarc.</strong></span> 
     </span>
    </p>
   </div>
  </div>
