4206 6450
804 377 931 441 1067

1859 376 2347 438 THEODORETI
2389 376 2726 438 EPISCOPI
2763 377 3128 439 CYRENSIS

3908 375 4049 438 1068

798 504 961 555 quam
983 487 1264 540 turbarum
1298 485 1349 537 in
1382 483 1643 540 Eeclesiis
1666 494 1947 542 auctorem
1978 495 2161 543 tacere
2183 489 2366 555 jussit.

2478 485 2700 556 βασιλέα
2732 488 3124 555 διελέγεαντος,
3174 486 3251 548 ὡς
3276 486 3390 548 τοῖς
3422 484 3799 547 ἀποστολικοῖς
3827 485 4058 541 ἐπιϐου-

796 578 1219 632 menteseente
1283 576 1506 637 Basilio.
1564 577 1888 632 Eustathius
1922 578 2060 633 dixit
2093 599 2108 633 :
2142 580 2371 644 Quando

796 668 963 737 igitur
988 665 1055 719 de
1096 664 1199 719 fide
1227 664 1522 735 disceptari
1556 666 1753 736 placet,
1785 670 2100 736 imperator,
2138 670 2367 724 Eudoxii

798 758 1167 827 hlasphemias
1195 767 1402 815 temere
1455 761 1512 814 in
1575 758 1922 829 Unigenitum
1965 760 2169 816 effusas
2194 764 2373 817 consi-

794 855 943 905 dera.
978 850 1042 904 Et
1077 852 1194 906 hinc
1217 852 1407 907 dicens
1434 852 1723 905 formulam
1760 852 1885 907 fidei
1914 854 1982 906 ab
2007 867 2073 907 eo
2108 856 2369 923 scriptam

792 943 1015 1007 obtulit,
1041 945 1093 997 in
1117 961 1222 1014 qua
1244 944 1384 998 inter
1405 952 1599 997 caetera
1625 943 1792 1013 impie
1807 944 1953 999 dicta
1978 945 2090 999 haec
2114 946 2327 999 inerant
2354 961 2368 998 :

794 1035 928 1102 Qute
974 1038 1228 1092 dissimili
1266 1036 1430 1089 modo
1488 1035 1869 1106 proferuntur,
1913 1038 2207 1092 dissimilia
2242 1048 2371 1092 sunt

792 1129 1098 1184 secundum
1129 1129 1500 1182 substantiam
1526 1148 1569 1183 τι
1601 1127 1752 1183 Unus
1785 1128 1925 1183 Deus
1943 1131 2278 1203 896Pater
2305 1149 2369 1187 ex

788 1236 907 1290 quo
933 1221 1141 1285 omnia,
1184 1229 1236 1275 et
1266 1237 1410 1274 unus
1443 1218 1706 1276 Dominus
1763 1221 1924 1277 Jesus
1968 1224 2241 1285 Christus.
2276 1241 2372 1294 per

794 1327 957 1382 quem
980 1312 1199 1366 omnia:
1234 1332 1250 1364 ι
1278 1311 1569 1365 dissimilia
1605 1321 1785 1366 autem
1818 1324 1948 1368 sunt
1977 1331 2042 1368 ea:
2070 1333 2171 1385 quo
2193 1326 2247 1371 et
2282 1333 2372 1384 per

791 1421 983 1476 quem:
1008 1404 1291 1459 dissimilis
1311 1418 1442 1473 ergo
1466 1401 1637 1458 Filius
1666 1404 1776 1458 Deo
1797 1416 1851 1459 et
1874 1405 2042 1460 Patri.
2068 1406 2217 1462 Hanc
2248 1409 2370 1462 ﬁdei

794 1495 1198 1564 expositionem
1249 1510 1374 1550 cuin
1437 1496 1657 1550 recitari
1687 1497 1945 1565 jnssisset
1991 1497 2369 1562 Constantius,

793 1586 1076 1655 impietate
1128 1584 1220 1638 illa
1281 1584 1634 1638 Vehementer
1679 1596 2007 1648 commotus,
2058 1584 2369 1640 Eudoxium

790 1675 1177 1746 interrogavit,
1210 1683 1391 1729 utrum
1442 1676 1561 1745 ipse
1616 1676 1723 1730 ista
1754 1678 2092 1747 scripsisset.
2143 1676 2372 1750 Negavit

788 1768 1065 1838 extemplo
1092 1775 1144 1821 et
1170 1766 1386 1821 Aetium
1410 1767 1702 1837 scripsisse
1734 1768 2032 1837 reSpondit.
2064 1769 2160 1823 llic
2188 1780 2367 1823 autem

2472 580 2690 633 λεύοντα
2740 580 3024 650 δόγμασιν,
3073 578 3376 649 ἐχαλέπηνε
3433 579 3528 648 μὲν
3570 580 3599 631 6
3646 578 4050 642 Κωνστάντιος,

2470 673 2694 742 σιγῆσαι
2721 674 2767 703 ⁷⁸
2799 672 2857 725 δὲ
2908 670 3208 742 προσέταξε
3261 670 3353 723 τὸν
3404 669 3705 735 Βασίλειον,
3748 668 3825 732 ὡς
3883 670 4058 738 ζάλης

2472 764 2649 816 αἰτιον
2692 766 2813 827 ταῖς
2865 763 3211 831 Ἐκκλησξαις
3252 761 3555 831 γινόμενον.
3601 761 3961 830 Παυσαμένου
3996 762 4057 814 δὲ

2468 854 2565 907 τοῦ
2602 854 2881 907 Βασιλείου
2935 857 3035 923 τῆς
3071 852 3393 919 διαλέξεως’
3443 849 3660 922 Ἐπειδὴ
3709 853 3777 904 τὰ
3822 852 3925 921 τῆς
3961 850 4056 904 πί-

2471 942 3024 1014 στεως-διακριθῆναι
3080 943 3284 1011 βούλει,
3338 940 3558 1012 βασιλεῦ
3578 942 3644 1005 ⁷⁸,
3679 940 3707 991 6
3756 939 4055 1001 Εὑστὰθιος

2470 1032 2597 1101 ἔφη,
2622 1034 2723 1103 ὅρα
2770 1034 2866 1095 τὰς
2910 1033 3053 1087 κατὰ
3083 1032 3179 1086 τοῦ
3209 1031 3546 1100 Μονογενοῦς
3582 1029 3929 1101 βλασφημίας
3959 1029 4056 1083 ὑπ’

2470 1124 2722 1190 Εὐδοξίου
2764 1124 3196 1193 τετολμημένας.
3232 1124 3342 1176 Καὶ
3373 1124 3489 1193 ἅμα
3536 1123 3730 1190 λέγων,
3776 1123 4053 1176 ἐπέδωκεν

2469 1215 2704 1280 ἔκθεσιν,
2805 1218 2941 1287 πρὸς
2966 1216 3143 1280 ἄλλοις
3174 1215 3388 1279 πολλοῖς
3414 1214 3698 1268 δυσσεϐέσι
3742 1217 3837 1268 καὶ
3876 1215 4053 1268 ταῦτα

2468 1308 2820 1378 προσέκειτοθ
2872 1310 2953 1362 Τὰ
2997 1308 3264 1378 ἀνομοίως
3328 1306 3765 1378 προσφερόμενα,
3816 1309 4053 1377 ἀνόμοια

2473 1400 2615 1452 κατὰ
2639 1402 2738 1470 τὴν
2770 1400 2958 1453 οὐσίαν
2983 1400 3148 1452 ἐστίν·
3178 1419 3195 1451 t
3219 1393 3312 1461 Εἷς
3342 1398 3474 1461 Θεὸς
3501 1401 3528 1451 ὁ
3562 1399 3769 1466 Πατὴρ,
3802 1396 3862 1460 ἐξ
3898 1389 3962 1449 οὗ
3989 1396 4060 1449 τὰ

2470 1493 2667 1555 πάντα,
2708 1492 2800 1545 καὶ
2847 1486 2929 1555 εἷς
2976 1490 3178 1562 Κύριος
3241 1489 3445 1561 Ἰησοῦς
3495 1490 3755 1557 Χριστὸς,
3781 1488 3849 1541 δι’
3878 1482 3941 1541 οὗ
3982 1489 4051 1541 τὰ

2473 1585 2673 1637 πάντα·
2707 1583 2993 1653 »ἀνόμοιον
3024 1582 3079 1635 δὲ
3105 1582 3186 1647 τὸ,
3211 1581 3280 1645 ἐξ
3313 1575 3408 1646 οὗ,
3438 1582 3535 1649 τῷ,
3566 1580 3639 1632 δι’
3674 1577 3769 1636 οὗ·
3798 1580 4052 1649 ἀνόμοιος

2468 1676 2578 1745 ἄρα
2602 1676 2630 1727 6
2652 1674 2777 1737 Υἱὸς
2797 1675 2875 1744 τῷ
2902 1673 3020 1744 Θεῷ
3044 1673 3139 1726 καὶ
3166 1670 3359 1742 Πατρί.
3385 1672 3601 1741 Ταύτην
3627 1670 4047 1738 ἀναγνωσθῆναι

2470 1765 2732 1829 κελεύσας
2775 1764 2874 1835 τὴν
2916 1765 3131 1818 ἔκθεσιν
3174 1767 3202 1818 ὀ
3250 1764 3645 1826 Κωνστάντιος,
3702 1764 3795 1817 καὶ
3843 1763 4053 1833 σφόδρα

786 1860 981 1915 Aetius
1023 1862 1070 1913 is
1116 1866 1259 1924 erat,
1296 1874 1458 1930 quem
1514 1860 1644 1914 olim
1693 1858 1975 1924 Leontius,
2017 1858 2266 1914 Flaviani
2316 1870 2366 1915 et

2468 1857 2778 1927 χαλεπήνας
2802 1856 2940 1927 πρὸς
2972 1856 3073 1926 τὴν
3105 1855 3429 1925 ἐγκειμένην
3460 1854 3732 1918 ἀσέϐειαν,
3760 1856 3924 1925 ἤρετο
3959 1856 4053 1908 τὸν

790 1947 1013 2004 Diodori
1061 1950 1448 2005 accusationes
1469 1949 1700 2013 veritus,
1738 1948 2036 2004 diaconatn
2080 1950 2359 2020 privarat;

790 2040 1061 2109 Georgius
1115 2053 1266 2102 vero,
1306 2038 1567 2093 Ecclesiae
1606 2038 1992 2097 Alexandrinae
2048 2039 2362 2104 insidiator,

792 2130 1087 2199 itnpiorum
1169 2143 1486 2183 sermonum
1559 2122 2010 2199 nefariorumque
2062 2138 2361 2183 conatuum

789 2216 1094 2286 adjutorem
1137 2217 1400 2271 habuerat
1451 2235 1466 2272 :
1518 2228 1650 2271 tunc
1693 2233 1827 2273 vero
1865 2219 2005 2287 apud
2060 2219 2360 2274 Eudoxium

785 2306 1017 2376 degebat
1050 2320 1154 2359 una
1183 2320 1308 2359 cum
1335 2304 1623 2362 Eunomio.
1650 2306 1867 2363 Mortuo
1899 2309 2169 2380 siquidem
2196 2309 2365 2366 Leon-

787 2400 888 2463 tio,
942 2414 1066 2454 cum
1114 2400 1512 2454 Antiochenam
1553 2398 1854 2456 Ecelesiam
1907 2402 2199 2458 invasisset
2256 2404 2364 2459 Eu-

785 2490 1005 2555 doxius,
1032 2491 1193 2545 rediit
1219 2490 1307 2546 ille
1339 2492 1406 2545 ab
1435 2489 1692 2563 Egypto,
1732 2507 1919 2549 secum
1939 2495 2150 2551 ducens
2178 2494 2361 2551 Euno~

786 2583 983 2650 inium,
1014 2592 1069 2639 et
1100 2583 1390 2638 sententia:
1431 2600 1546 2640 suze
1604 2594 2000 2657 congruentem
2042 2595 2206 2657 atque
2254 2603 2359 2641 una

787 2690 914 2730 cum
973 2675 1249 2745 impietate
1331 2672 1649 2747 Sybariticis
1714 2677 1926 2733 deliciis
1987 2678 2362 2749 indulgentem

785 2785 1021 2825 cernens
1049 2767 1379 2833 Eudoxium,
1399 2768 1798 2823 Antiochenam
1827 2769 2219 2825 habitationem
2248 2785 2358 2825 ca:-

788 2861 921 2917 teris
949 2860 1288 2931 anteposuit,
1337 2859 1522 2930 ibique
1555 2874 1680 2915 cum
1717 2859 1987 2915 Eunomio
2016 2861 2166 2915 illius
2197 2862 2361 2917 stiba-

785 2952 894 3008 diis
929 2952 1129 3006 affixus
1158 2959 1264 3007 est.
1299 2950 1476 3006 Vitam
1517 2951 1664 3007 enim
1705 2951 1941 3011 ducebat
1978 2953 2357 3023 pat-asitieam,

784 3056 839 3100 et
864 3047 1026 3101 modo
1052 3046 1118 3099 ad
1158 3046 1329 3111 hune,
1368 3044 1533 3099 modo
1568 3046 1637 3099 ad
1694 3045 1850 3099 illum
1901 3046 2108 3101 ventris
2136 3055 2155 3070 ‘
2190 3063 2358 3102 causa

784 3138 923 3193 itare
956 3145 1336 3191 consueverat.
1366 3136 1580 3202 Quibus
1602 3137 1806 3193 auditis
1844 3137 2151 3208 imperator
2184 3139 2357 3195 intro-

2472 1946 2721 2013 Εὑδόξιον
2747 1949 2795 2001 εί
2818 1947 2977 2010 αὐτὸς
3007 1946 3179 1999 ταῦτα
3202 1945 3537 2016 συνέγραψεν
3562 1947 3629 1999 ⁷⁸.
3668 1948 3723 2000 '0
3749 1948 3804 2000 δὲ
3830 1947 4050 2019 ἠρνήθη

2468 2040 2803 2110 παραυτίκα,
2834 2038 2925 2092 καὶ
2963 2038 3136 2092 ταῦτα
3157 2038 3491 2107 γεγραφέναι
3533 2038 3625 2091 τὸν
3669 2038 3874 2091 Ἀέτιον
3904 2039 4046 2107 ἔφη·

2465 2144 2557 2180 σεν
2604 2130 2669 2181 ⁷⁷.
2718 2128 2922 2192 Ἀέτιος
2966 2128 3021 2181 δέ
3051 2122 3204 2189 οὗτος
3242 2127 3290 2158 ⁷⁸
3329 2122 3418 2197 ἦν,
3460 2127 3519 2179 ὃν
3556 2128 3722 2181 πάλαι
3758 2129 3855 2198 μὲν
3886 2130 4052 2182 Λεόν-

2461 2236 2595 2283 τιος,
2630 2218 2727 2281 τὰς
2758 2218 3059 2285 Φλαϐιανοῦ
3088 2220 3181 2271 καὶ
3212 2216 3364 2289 [112]
3391 2218 3657 2290 Διοδώρου
3709 2220 4050 2291 κατηγορίας

2462 2308 2834 2380 δεδειξάμενος
2853 2311 2923 2374 τ’,
2972 2312 3071 2379 τῆς
3104 2310 3378 2373 διακονίας
3412 2309 3697 2381 ἐγύμνωσε
3720 2327 3733 2341 ·
3774 2312 4048 2383 Γεώργιος

2462 2401 2517 2455 δὲ
2539 2403 2566 2454 ὁ
2592 2401 2689 2472 τῆς
2725 2401 3117 2475 Ἀλεξανδρέων
3149 2401 3434 2465 ἐπίϐουλος
3454 2403 3713 2472 συνεργὸν
3737 2397 3849 2471 εἶχε
3882 2408 3977 2458 καὶ
3998 2403 4048 2435 ⁸⁸

2461 2493 2569 2545 τῶν
2614 2493 2893 2547 δυσσεϐὦν
2942 2494 3223 2565 ῥημάτων,
3255 2495 3351 2548 καὶ
3380 2495 3492 2548 τῶν
3522 2494 3753 2550 ἀνοσίων
3783 2497 3825 2528 ⁸⁸
3860 2499 4049 2567 ἐγχειο

2464 2587 2756 2657 ρημάτων·
2806 2586 2927 2639 τότε
2977 2588 3159 2657 μέντοι
3196 2587 3315 2657 μετ’
3376 2587 3650 2655 Εὐνομίου
3696 2588 3773 2658 τῷ
3809 2590 4049 2661 Εὑδοξίῳ

2462 2669 2648 2748 συνῆν.
2673 2679 2929 2732 Λεοντίου
2949 2680 3061 2750 γὰρ
3083 2680 3146 2751 δὴ
3172 2683 3639 2755 τετελευτηκότος,
3665 2689 3757 2740 καὶ
3789 2688 4045 2753 Εὐδοξίου

2459 2771 2558 2841 τῆς
2619 2770 2938 2840 Ἀντιοχέων
3008 2772 3331 2842 Ἐκκλησίας
3384 2778 3695 2846 ἡρπακότος
3748 2778 3847 2848 τὴν
3908 2797 4048 2851 προ-

2460 2861 2666 2932 εδρίαν,
2694 2863 2973 2932 ἐπανῆκεν
3017 2864 3125 2916 ἀπὸ
3153 2866 3254 2933 τῆς
3308 2868 3591 2937 Αἰγύπτου
3636 2870 3727 2923 τὸν
3776 2872 4049 2942 Εὐνόμιον

2461 2956 2630 3024 ἄγων,
2667 2956 2877 3009 καὶτὸν
2908 2955 3163 3020 Εὑδόξιον
3204 2958 3381 3029 εὑρὼν
3422 2962 3730 3033 ὁμόφρονα,
3762 2965 3857 3017 καὶ
3907 2966 4046 3033 πρὸς

2456 3050 2525 3118 τῇ
2574 3046 2863 3119 δυσσεϐείᾳ
2912 3048 3006 3100 καὶ
3073 3049 3405 3122 Συϐαριτικῇ
3469 3054 3807 3123 κεχρημένον
3862 3056 4043 3127 χλιδῇ,

2462 3138 2681 3191 πάντων
2737 3136 3078 3211 προῦτίμησε
3123 3141 3223 3210 τὴν
3269 3143 3325 3193 ἐν
3378 3143 3675 3216 Ἀντιοχείᾳ
3720 3145 4043 3217 διατριϐήν·

784 3228 912 3282 duci
959 3228 1126 3295 jussit
1164 3226 1405 3288 Actium,
1449 3234 1503 3281 et
1564 3226 1815 3297 ingresso
1844 3204 2150 3282 formulam
2210 3229 2356 3283 illam

2463 3231 2555 3283 καὶ
2583 3231 2680 3283 σὺν
2714 3232 2963 3302 Εὑνομίῳ
2992 3236 3112 3295 ταῖς
3144 3233 3352 3287 ἐκείνου
3384 3237 3709 3307 apes-131tqu
3728 3237 3774 3271 "
3799 3240 4041 3295 στιϐάσι.

786 3319 1050 3383 ostendit,
1092 3318 1417 3389 rogavitque
1448 3334 1518 3373 an
1546 3319 1695 3374 illius
1720 3327 1916 3373 auctor
1945 3328 2113 3375 esset.
2146 3321 2211 3375 At
2244 3316 2359 3387 ille,

785 3403 969 3466 rerum
1020 3417 1296 3481 gestarum
1329 3417 1383 3463 et
1424 3424 1687 3477 quorsum
1728 3410 2161 3480 interrogaretur
2203 3427 2359 3482 pror-

786 3517 881 3556 sus
911 3502 1158 3571 ignarus,
1197 3500 1522 3570 laudemque
1544 3500 1709 3570 897
1753 3516 1819 3555 ex
1855 3500 2203 3557 confessione
2232 3504 2359 3557 ade-

785 3604 1006 3662 ptttrunt
1025 3606 1083 3646 se
1110 3602 1284 3657 ratus,
1305 3591 1497 3661 scripti
1518 3592 1667 3647 illius
1692 3600 1973 3647 auctorem
2002 3609 2059 3648 se
2079 3595 2360 3664 professus

785 3692 889 3737 est.
937 3682 1074 3737 Tum
1126 3683 1446 3752 imperator,
1494 3682 1794 3753 impietatis
1834 3692 2117 3755 perspecta
2151 3688 2362 3757 magni-

788 3772 999 3836 tudine,
1034 3772 1289 3826 exsulare
1319 3787 1443 3825 tnox
1468 3772 1644 3834 illum,
1676 3779 1729 3825 et
1765 3771 1817 3825 in
1860 3772 2038 3826 locum
2066 3773 2358 3843 quemdam

789 3862 1036 3935 Phrygia:
1070 3862 1350 3932 deportari
1388 3863 1578 3932 jussit.
1609 3862 1700 3917 Sic
1723 3863 1813 3918 ille
1838 3865 2062 3933 palatio,
2097 3864 2361 3935 blasphe-

788 3956 910 4009 mia:
948 3954 1190 4010 fructum
1222 3954 1470 4011 referens
1520 3953 1830 4019 infamiam,
1880 3956 2209 4011 deturbatus
2249 3965 2357 4012 est.

789 4045 1108 4100 Eustathius
1164 4062 1297 4102 vero
1362 4046 1418 4101 in
1473 4046 1663 4101 eadem
1714 4048 1986 4103 sententia
2051 4048 2357 4103 Eudoxium

784 4136 947 4189 etiam
984 4151 1113 4191 esse
1132 4136 1471 4203 atlirmahat;
1500 4138 1715 4192 Aetium
1746 4138 1889 4191 enim
1914 4138 2035 4206 ejus
2062 4140 2355 4195 contuber-

785 4227 964 4281 nalem
1009 4236 1063 4281 et
1109 4227 1397 4281 convivam
1454 4227 1650 4294 fuisse,
1690 4229 1923 4300 ejusque
1976 4231 2247 4286 voluntati
2298 4240 2360 4286 ut

781 4318 1016 4372 serviret
1047 4317 1441 4388 blasphemiam
1473 4319 1620 4373 illam
1657 4321 1996 4377 condidisse.
2028 4323 2203 4393 Atque
2228 4323 2357 4378 hinc

782 4410 917 4464 satis
943 4412 1255 4480 argumenti
1286 4426 1409 4465 csse
1438 4411 1643 4478 aiebat,
1682 4416 1965 4467 conscium
2004 4413 2166 4484 hujus
2210 4417 2356 4471 scri-

2460 3323 2567 3375 Τὸν
2604 3323 2713 3393 γὰρ
2742 3323 2850 3376 τῶν
2900 3325 3146 3377 κολάκων
3191 3326 3458 3396 ἐζηλώκει
3485 3328 3621 3399 βίον,
3662 3335 3758 3384 καὶ
3809 3331 3905 3386 νῦν
3946 3335 4046 3403 μὲν

2462 3413 2616 3485 παρὰ
2639 3414 2852 3476 τοῦτον,
2890 3414 2983 3467 νῦν
3007 3414 3061 3467 δὲ
3098 3416 3227 3486 παρ’
3268 3419 3474 3470 ἐκεῖνον
3496 3419 3719 3472 διετέλει
3749 3422 3954 3489 φοιτῶν
3984 3440 4043 3475 τε

2462 3505 2553 3559 καὶ
2606 3504 3051 3576 γαστριζόμενος.
3103 3508 3234 3559 Τότε
3290 3510 3470 3578 μέντοι
3520 3512 3550 3562 6
3597 3511 3851 3581 βασιλεὺς
3879 3516 4043 3567 τοῦτο

2468 3594 2679 3666 μαθὼν,
2730 3595 3052 3665 είσαχθῆναί
3092 3613 3154 3648 τε
3202 3600 3500 3668 προσέταξε
3548 3602 3639 3654 τὸν
3686 3603 3913 3669 Ἀέτιον,
3949 3609 4045 3661 καὶ

2460 3685 2889 3757 εἰσεληλυθότος,
2941 3687 3041 3756 τὴν
3100 3687 3315 3741 ἔκθεσιν
3358 3689 3571 3760 ἐκείνην
3596 3693 3855 3760 ἐπέδειξε,
3910 3715 4045 3750 πυν-

2462 3778 2753 3846 θανόμενος
2796 3778 2843 3830 εί
2892 3777 3054 3839 αὐτὸς
3106 3779 3347 3844 ἐκείνους
3384 3782 3619 3847 τετοκὼς
3665 3785 3751 3854 εἴη
3793 3787 3921 3851 τοὺς
3958 3787 4048 3841 λό-

2459 3884 2609 3936 γους.
2651 3867 2713 3922 Ὀ
2738 3868 2793 3921 δὲ
2822 3868 2917 3921 καὶ
2948 3869 3014 3922 τὰ
3046 3872 3387 3941 γεγενημένα
3421 3874 3653 3945 πάμπαν
3681 3877 3914 3945 ἀγνοῶν,
3948 3882 4045 3933 καὶ

2457 3959 2550 4011 τὸν
2584 3961 2680 4030 τῆς
2714 3960 2955 4024 πεύσεως
2988 3964 3085 4015 οὒκ
3116 3964 3480 4035 ἐπιστάμενος
3509 3968 3731 4038 τρόπον,
3764 3971 4045 4041 εὐφημίαν

2458 4049 2515 4102 δέ
2543 4052 2607 4104 ἐκ
2629 4050 2728 4119 τῆς
2760 4053 3046 4121 ὁμολογίας
3080 4054 3474 4125 καρπώσασθαι
3510 4061 3910 4131 προσδοκήσας,
3935 4066 4044 4135 ἔφη

2458 4140 2568 4193 τῶν
2604 4142 2776 4209 λόγων
2806 4144 3029 4196 ἐκείνων
3060 4144 3221 4207 αὐτὸς
3253 4142 3391 4199 εἶναι
3426 4150 3725 4221 γεννήτωρ.
3764 4152 3822 4205 Ὀ
3850 4152 3907 4205 δὲ
3939 4153 4044 4223 βαι

2461 4232 2659 4297 σιλεὺς,
2682 4233 2779 4303 τὴν
2799 4234 2899 4304 τῆς
2922 4235 3237 4299 δυσσεϐείας
3260 4237 3565 4311 ὑπερϐολὴν
3588 4242 3843 4309 κατιδὼν,
3877 4245 4047 4309 εὐθὺς

2458 4324 2621 4378 αὑτὸν
2679 4326 3099 4396 ὲξωστράκισεν,
3165 4328 3245 4393 εἴς
3303 4348 3357 4383 τι
3413 4332 3610 4402 χωρίον
3652 4335 3753 4405 τῆς
3798 4337 4045 4407 Φρυγίας

2458 4414 2768 4486 ἁπαχϋῆναι
2816 4418 3099 4482 κελεύσας.
3146 4421 3256 4473 Καὶ
3309 4422 3515 4485 ἐκεῖνος
3567 4424 3665 4493 μὲν
3703 4427 3802 4496 τὴν
3833 4430 3896 4480 ἐκ
3942 4430 4044 4497 τῆς

784 4500 987 4568 ptionis
1031 4499 1220 4564 fuisse,
1258 4503 1405 4573 quod
1455 4514 1652 4573 praeter
1700 4505 1881 4574 ipsum
1929 4521 2088 4561 nemo
2136 4508 2354 4562 Aetium

2463 4505 2809 4578 βλασφημίας
2859 4510 3295 4580 καρπωσάμενος
3332 4513 3580 4583 ἀτιμίαν,
3623 4516 3883 4588 ἐξεϐλήθη
3930 4520 4045 4572 τῶν

780 4591 929 4646 illius
960 4600 1243 4646 auctorem
1275 4594 1621 4648 memorat-it.
1675 4595 1838 4665 Atqui
1877 4612 1945 4650 ex
1991 4598 2351 4665 conjecturis,

778 4681 857 4734 ait
894 4680 1211 4750 imperator,
1241 4683 1539 4741 decernere
1578 4687 1797 4752 judices
1826 4702 1935 4740 non
1978 4687 2197 4752 debent,
2254 4688 2366 4743 sed

778 4785 870 4823 res
901 4783 1082 4839 gestas
1110 4771 1403 4843 diligenter
1447 4774 1807 4846 investigare.
1844 4775 1944 4831 Cui
1981 4776 2301 4833 Eustathius
2336 4797 2350 4834 :

779 4858 968 4914 Fidem
998 4877 1129 4933 ergo
1160 4864 1323 4918 nobis
1356 4865 1615 4920 omnibus
1652 4867 1818 4920 faciat
1850 4866 2132 4922 Eudoxius
2158 4884 2217 4922 se
2251 4870 2355 4923 ista

695 4965 697 4967 ‘
779 4968 887 5005 non
920 4954 1142 5022 sentire,
1182 4954 1531 5011 anathemate
1579 4955 1852 5011 damnans
1892 4958 2158 5026 scriptum
2186 4959 2351 5013 Aetii.

776 5042 952 5108 Quam
1013 5044 1443 5113 postulationem
1498 5064 1620 5101 cum
1679 5048 1968 5116 probasset
2014 5050 2350 5119 imperator,

779 5144 945 5205 atque
1005 5136 1080 5189 ita
1137 5135 1256 5190 fieri
1306 5138 1619 5205 mandaret,
1666 5140 2065 5209 tergiversatus
2113 5149 2198 5195 est
2246 5140 2353 5194 Eu-

776 5228 997 5295 doxius,
1056 5228 1355 5301 multisque
1398 5231 1573 5286 mo-Jis
1636 5233 2083 5301 provocationem
2123 5232 2346 5288 eludere

2460 4596 2768 4667 βασιλείων.
2794 4599 3091 4664 Εύστάοιος
3116 4601 3171 4654 δὲ
3201 4603 3298 4656 καὶ⁵
3330 4604 3420 4657 τὸν
3459 4606 3706 4670 Εὑδόξιον
3737 4608 3836 4678 ἔφη
3862 4609 4044 4665 ταῦτα

2456 4692 2703 4760 φρονεῖν’
2765 4690 3010 4744 σύνοικον
3065 4692 3175 4763 γὰρ
3239 4694 3404 4748 αὑτοῦ
3465 4697 3559 4749 καὶ
3623 4697 3873 4752 σύσσιτον
3947 4703 4043 4755 τὸν

2469 4781 2672 4833 Ἀέτιον
2717 4774 2879 4845 εἶναι,
2932 4783 3028 4834 καὶ
3074 4786 3139 4852 τῇ
3200 4784 3388 4838 τούτου
3436 4787 3630 4858 γνώμη
3684 4789 4041 4846 διακονοῦντα

2456 4871 2663 4924 ἐκεῖνον
2688 4870 2786 4942 τὴν
2815 4871 3161 4942 βλασφημίαν
3193 4878 3655 4946 συγγεγραφέναι.
3685 4878 3795 4933 Καὶ
3828 4885 4043 4953 τεκμήο

2463 4981 2574 5034 ριον
2600 4965 2784 5033 ἔλεγεν
2814 4960 2949 5017 εἶναι
2983 4967 3149 5035 σαφὲς
3178 4967 3272 5020 τοῦ
3314 4969 3612 5023 συνειδέναι
3649 4976 3759 5034 τοῖς
3785 4990 4039 5044 γεγραμ-

2462 5056 2663 5125 μένοις,
2681 5057 2740 5108 τὸ
2764 5056 2967 5126 μηδένα
2984 5056 3069 5110 ἐτε
3079 5074 3190 5128 ρον,
3208 5059 3323 5113 ἀλλ’
3342 5061 3504 5114 αὑτὸν
3520 5063 3795 5131 εἰρηκέναι
3829 5066 4043 5121 Ἀετίου

2460 5139 2717 5216 εἶναιτὴν
2746 5141 2981 5202 ἔκθεσιν.
3026 5148 3167 5201 Ἀλλ’
3195 5151 3256 5204 οὐ
3291 5153 3396 5223 χρὴ
3426 5154 3761 5218 τοπάζοντας
3803 5159 3931 5221 τοὺς
3961 5160 4044 5213 δι-

2453 5235 2717 5300 κάζοντας
2747 5236 2972 5308 κρίνειν,
3002 5240 3031 5292 ὸ
3051 5237 3302 5308 βασιλεὺς
3325 5241 3457 5314 ἔφη,
3487 5243 3555 5297 τὰ
3582 5244 3639 5298 δὲ
3668 5250 4044 5318 πεπραγμένα

2032 5408 2265 5464 νΑῐὶΙᾸΞ
2307 5408 2715 5467 LECTIONES.

847 5544 1156 5618 ⁷⁸σιγῆναι.
1202 5547 1328 5603 Bas.
1373 5547 1547 5605 Graec.
1618 5550 1667 5581 "

771 5608 816 5639 ⁷⁸
854 5608 1188 5677 αὐτός.’·Β;ιε.
1223 5618 1395 5673 (ΙΙ-ως.

1501 5563 1547 5603 c.
1618 5550 1667 5581 '"
1717 5548 1984 5620 βασιλεύς.
2041 5548 2210 5604 ldem.
2287 5551 2334 5581 ⁷⁸
2369 5551 2766 5652 συγγέγραφεν,
2800 5552 2925 5610 Bas.
2981 5556 3155 5611 Graec.
3199 5569 3253 5613 et
3300 5559 3484 5631 Steph.

1501 5621 1545 5652 Ἠ
1575 5618 1864 5652 χρειωηυε..
1904 5618 2067 5652 Qinnli
2126 5621 2157 5652 ο
2187 5629 2231 5652 ιιι
2268 5621 2480 5652 Ρηοη..1ι
2603 5622 2622 5652 ο
2653 5625 2741 5652 ..-Χ
2787 5629 2931 5652 nim...
2968 5645 2990 5652 ..
3019 5627 3119 5652 η..-
3175 5630 3327 5652 ιε..-Α..
3425 5632 3468 5652 ιι

1525 5623 1545 5652 θ
1575 5618 1864 5689 δεξάμενος
1904 5618 2088 5687 Steph.
2126 5621 2159 5672 ἓ
2186 5629 2239 5674 et
2268 5618 2501 5676 Casaub.

3593 5563 3638 5599 τ’
3682 5562 3808 5634 ἔφη.
3839 5556 4036 5620 Iidem.

2603 5622 2622 5652 °
2653 5625 2746 5705 καὶ
2786 5629 2937 5705 abest
2967 5645 2993 5678 a
3019 5627 3142 5705 Bas.
3174 5622 3468 5705 firmet."
3500 5631 3614 5705 line
3645 5622 3735 5687 est'
3756 5622 3808 5689 et
3838 5635 4031 5705 Steph.

778 5686 890 5776 ’ἔοι
920 5688 1155 5776 Casaub.
1202 5691 1414 5776 codice1
1450 5688 1552 5776 Se‘d
1583 5686 1717 5776 Bas.
1740 5689 1912 5770 Graec.
1964 5686 2234 5776 et'Stcph.
2288 5693 2311 5745 t
2358 5692 2749 5763 ἀνοσιουργῶν.
2823 5696 2868 5728 ⁸⁸
2910 5698 3303 5768 προσηλωϐείς.
3349 5701 3473 5759 Bas.
3517 5686 3778 5760 Grmc.ct
3833 5686 4029 5776 Steph.

778 5759 982 5813 omisso
1010 5759 1171 5829 paulo
1205 5769 1327 5828 post
1348 5760 1444 5829 τῷ,
1468 5760 1597 5830 γὰρ,
1626 5768 1751 5816 ante
1779 5761 1884 5814 τῶν
1910 5759 2175 5814 κολάκων.
