4206 6450
210 379 346 445 ωδε

1160 379 1753 442 ECCLESIASTICE
1794 378 2175 440 HISTORHE
2207 379 2351 442 LIB.
2388 379 2468 439 II.

3324 376 3457 439 1070

206 492 306 544 σὺν
340 491 597 563 ἀκριϐείᾳ
630 491 833 562 ζητεῖν.
861 490 1091 553 Οὐκοῦν,
1120 491 1224 564 ἔφη
1254 493 1281 545 6
1314 492 1631 557 Εὐστάθιος,
1662 509 1778 544 πει-

1895 498 2113 546 :onatns
2140 500 2246 545 est.
2269 487 2516 544 Tandem
2559 489 2689 561 quia
2718 487 3110 563 indignabatur
3140 487 3454 559 imperator.

207 583 357 637 σάτω
402 585 610 649 πάντας
655 586 800 655 ἡμᾶς
850 583 925 655 μὴ
972 582 1145 638 ταῦτα
1174 586 1389 655 φρονεῖν
1437 586 1465 637 6
1514 583 1781 651 Εὐδόξιος,

204 674 619 745 ἀναθεματίξων
642 674 737 728 τοῦ
774 675 980 729 ’Δετίου
1009 675 1068 728 τὸ
1096 675 1454 746 σύγγραμμα.
1485 675 1592 728 Τοῦ
1612 676 1667 728 δὲ
1690 674 1785 745 βα-

207 765 401 828 σιλέως
426 765 721 829 ἀσπαστῶς
733 766 781 799 ⁸⁸
800 765 1093 837 δεξαμένου
1121 766 1219 836 τὴν
1247 766 1481 834 αἴτησιν,
1510 767 1605 818 καὶ
1630 765 1786 819 τοῦτο

204 858 463 926 γενέσθαι
509 857 956 929 προστεταχότος,
1014 857 1265 911 ἀνεδύετο
1304 858 1400 929 μὲν
1432 859 1460 910 6
1517 856 1783 923 Εὐδόξιος,

204 950 301 1001 καὶ
337 948 558 1011 πολλαῖς
588 950 853 1020 ἐκέχρητο
904 951 1192 1020 μηχαναῖς,
1245 949 1486 1003 ἐκκλῖναι
1515 951 1613 1018 τὴν
1654 949 1784 1021 πρό-

205 1040 403 1111 κλησιν
420 1040 487 1094 ⁸⁵.
522 1041 736 1111 Ἐπειδὴ
768 1041 825 1094 δὲ
855 1040 1183 1110 ἐχαλέπηνεν
1212 1042 1239 1093 6
1266 1040 1537 1110 βασιλεὺς,
1568 1040 1661 1092 καὶ
1690 1040 1786 1092 σὺν

218 1134 413 1204 ’Δετίῳ
434 1134 669 1204 πέμψειν
696 1134 1009 1204 ἠπείλησεν,
1044 1133 1120 1198 ὡς
1146 1133 1238 1187 τοῦ
1266 1133 1555 1197 δυσσεϐοῦς
1584 1134 1784 1204 φρονή-

209 1242 383 1295 ματος
440 1226 712 1289 κοινωνὸν,
753 1224 851 1296 τὴν
896 1225 1103 1278 οἰκείαν
1154 1224 1363 1297 ἠρνήθη
1413 1224 1783 1288 διδασκαλίαν,

208 1316 279 1386 ἦν
309 1319 404 1370 καὶ
433 1318 555 1370 τότε
605 1318 699 1370 καὶ
736 1316 873 1387 μετά
905 1316 1077 1371 ταῦτα
1116 1316 1268 1389 [115]
1315 1316 1635 1387 πρεσδεύων
1670 1316 1786 1369 δια-

208 1409 513 1464 τετέλεκεν.
568 1410 938 1479 ’Δντεπήγαγε
984 1408 1166 1478 μέντοι
1199 1409 1291 1461 καὶ
1322 1408 1483 1471 αὐτὸς
1514 1410 1627 1470 τοῖς
1660 1406 1789 1475 περὶ

209 1497 302 1549 τὸν
335 1497 653 1561 Εὐστάθιον,
698 1499 893 1569 χρῆναι
923 1498 1016 1551 καὶ
1042 1498 1239 1561 αὐτοὺς
1279 1496 1673 1567 ἀναθεματίσαι
1698 1495 1787 1546 λέ-

208 1606 321 1656 γων
356 1590 602 1659 ἄγραφον
629 1589 688 1641 ὃν
714 1589 808 1641 τοῦ
834 1589 1164 1657 ὀμοουσίου
1189 1588 1249 1640 τὸ
1277 1587 1592 1657 πρόσρημα.
1629 1584 1788 1638 Ἀλλὰ

213 1680 308 1734 καὶ
340 1680 402 1731 τὸ
435 1680 503 1743 ἐξ
532 1682 642 1734 οὐκ
685 1679 897 1742 ὄντων,
931 1680 961 1731 6
1005 1677 1263 1741 Σιλϐανδς
1294 1676 1420 1747 ἔφη,
1454 1678 1550 1731 καὶ
1580 1678 1640 1729 τὸ
1668 1676 1789 1729 κτί-

207 1788 357 1837 σμα,
394 1772 486 1823 καὶ
516 1772 576 1823 τὸ
614 1771 992 1837 ἐτεροούσιον
1021 1770 1244 1840 ἄγραφα
1286 1769 1643 1838 τυγχάνοντα,
1694 1766 1789 1821 καὶ

1888 590 1941 636 et
1965 581 2219 636 exsilium
2247 596 2369 635 cum
2390 580 2568 644 Aetio,
2600 582 2746 637 velut
2769 583 2947 653 impia:
2970 582 3258 637 sententia:
3284 580 3457 645 socio,

1892 672 2233 734 minabatur,
2295 671 2571 741 propriam
2654 672 2771 742 ipse
2826 671 3132 727 doctrinam
3197 669 3457 740 ejuravit,

1890 779 2055 833 quam
2085 774 2139 818 et
2174 765 2269 819 illo
2310 773 2579 837 tempore,
2629 772 2684 820 et
2742 772 2934 834 postea
2966 779 3179 834 semper
3212 761 3462 833 proﬁteri

1891 870 2001 909 non
2032 854 2263 910 destitit.
2302 858 2560 911 Attamen
2588 856 2789 927 objecit
2829 866 2883 912 et
2916 859 3031 925 ipse
3070 855 3312 911 vicissim
3345 852 3460 907 Ειι-

1891 948 2097 1003 stathio
2129 957 2181 1003 et
2205 949 2394 1015 sociis,
2439 951 2699 1004 homousii
2730 966 2948 1021 quoque
2977 964 3195 1015 nomen,
3230 947 3375 1018 quod
3407 948 3461 1000 in

1892 1037 2197 1109 Scriptura:
2253 1056 2363 1095 non
2411 1048 2609 1105 exstet,
2675 1042 2935 1097 damnare
2990 1041 3141 1113 ipsos
3184 1046 3459 1110 oportere.

1896 1129 2001 1184 Sed
2047 1140 2101 1186 et
2144 1146 2210 1185 ea:
2242 1149 2343 1185 non
2370 1132 2723 1199 exstantibus,
2752 1133 2831 1187 ait
2860 1132 3140 1197 Silvanus,
3168 1141 3223 1187 et
3248 1140 3463 1184 creatu-

1894 1239 2030 1287 ram,
2060 1231 2115 1278 et
2149 1223 2372 1277 alterius
2413 1224 2747 1288 substantiae,
2782 1241 2905 1295 qua:
2934 1225 2991 1278 in
3035 1225 3323 1295 Scriptura
3351 1237 3461 1277 non

1895 1321 2044 1376 sunt,
2078 1321 2133 1367 et
2165 1329 2345 1383 neque
2382 1314 2435 1368 in
2463 1314 2820 1383 propheticis,
2859 1330 3033 1385 neque
3064 1316 3117 1367 in
3149 1312 3466 1383 apostolicis

1895 1405 2119 1475 scriptis
2166 1406 2334 1477 898
2386 1423 2619 1478 usquam
2679 1408 3071 1477 reperiuntur,
3131 1422 3347 1476 azquum
3381 1411 3466 1458 est

1897 1494 2024 1552 illos
2062 1511 2344 1568 respuere,
2374 1506 2539 1570 atque
2585 1514 2650 1554 ex
2684 1500 2888 1554 divinis
2940 1499 3179 1554 cmtihns
3208 1495 3464 1549 extermi-

1894 1598 2049 1639 nare.
2078 1583 2174 1640 His
2207 1600 2471 1642 assensus
2498 1596 2581 1643 est
2631 1589 2951 1658 imperator,
2992 1595 3045 1643 et
3078 1597 3134 1642 ut
3167 1585 3465 1640 anathema

1894 1676 2142 1731 dicerent
2171 1674 2481 1748 imperavit.
2520 1679 2598 1736 Illi
2635 1691 2817 1737 autem
2850 1681 3089 1751 primum
3128 1678 3349 1749 quidem
3378 1690 3466 1730 re-

1894 1777 2207 1839 pugnarunt
2237 1788 2251 1824 :
2296 1780 2485 1841 postea
2522 1789 2653 1828 vero
2681 1772 3030 1844 imperatoris
3062 1773 3200 1827 iram
3232 1784 3468 1825 cernen-

202 1860 336 1914 οὐτε
376 1864 760 1933 προφητικοῖς,
801 1860 926 1914 οὐτε
971 1860 1346 1923 ἀποστολικοῖς
1393 1859 1593 1928 λογίοις
1620 1875 1789 1929 προσ-

1895 1866 1995 1921 tes,
2026 1874 2170 1930 aegre
2221 1860 2465 1929 quidem,
2502 1864 2595 1917 sed
2634 1865 2965 1919 damnarunt
3002 1874 3187 1917 tamen
3233 1876 3297 1917 ea
3344 1876 3469 1930 qua:

208 1953 466 2023 κείμενα,
490 1954 700 2007 δίκαιον
740 1954 939 2017 αὐτοὺς
975 1951 1342 2024 ἀποκηρῦξαι,
1394 1953 1486 2005 καὶ
1516 1952 1676 2005 θείων
1709 1951 1791 2018 ἐξ-

206 2046 404 2099 ελάσαι
452 2045 743 2112 συλλόγων.
775 2044 997 2108 Τούτοις
1046 2044 1142 2098 καὶ
1173 2043 1425 2114 βασιλεὺς
1463 2044 1789 2115 ἐπεψήφισε,

206 2135 309 2189 καὶ
339 2133 758 2203 ἀναθεματίζειν
785 2135 1024 2197 ἐκείνους
1066 2134 1372 2188 ἐκέλευσεν.
1403 2136 1465 2187 Ui
1504 2135 1560 2188 δέ
1587 2135 1655 2189 τά
1693 2134 1793 2205 μὲν

209 2225 411 2296 πρῶτα
453 2227 531 2288 είς
563 2225 871 2293 ἀντιλογίαν
919 2224 1245 2279 καθίσταντο
1266 2242 1280 2258 ³
1316 2226 1541 2297 ὕστερον
1587 2227 1667 2291 δὲ,
1696 2225 1791 2281 τοῦ

208 2318 482 2389 βασιλέως
510 2318 601 2370 τὸν
628 2318 799 2389 θυμὸν
832 2317 1178 2390 θεασάμενοι,
1207 2319 1645 2391 δυσχεραίνοντες
1670 2319 1789 2389 μὲν,

209 2412 569 2482 ἀπεκήρυξαν
601 2413 657 2466 δὲ
691 2415 839 2479 ὅμως
884 2413 1027 2484 ἆπερ
1057 2414 1086 2466 6
1128 2413 1383 2475 Σιλσανδς
1411 2414 1594 2477 αὐτοῖς
1623 2412 1793 2485 πρού-

208 2522 410 2559 τεινεν.
457 2504 769 2558 Ἐπέκειντο
790 2504 847 2557 δὲ
870 2503 1056 2558 λοιπὸν
1079 2504 1455 2576 σφοδρότερον,
1480 2504 1573 2557 τοῦ
1602 2507 1796 2574 ὁμοου-

209 2599 334 2652 σίου
367 2599 462 2651 τὸν
490 2597 933 2668 ἀναθεματισμδν
962 2598 1432 2669 εἰσπραττόμενοι.
1477 2598 1638 2652 Ἀλλά
1670 2597 1795 2651 συλ-

211 2690 542 2761 λογιστικῶς
586 2707 647 2743 τε
676 2691 771 2744 καὶ
808 2689 1025 2761 ἀληθῶς
1076 2692 1106 2743 6
1134 2688 1392 2754 Σιλὸανδς
1426 2691 1563 2761 πρός
1594 2707 1653 2743 τε
1697 2690 1794 2744 αὐ-

206 2784 341 2846 τοὺς
368 2784 465 2836 καὶ⁸
490 2782 582 2835 τον
612 2780 834 2850 βασιλέα
858 2781 961 2852 ἔφη
981 2797 995 2811 ·
1019 2782 1081 2834 Et
1103 2780 1164 2845 ἐξ
1190 2781 1289 2834 οὐκ
1313 2780 1483 2835 δντων
1502 2781 1600 2833 οὐκ
1626 2781 1792 2846 ἐστιν,

205 2874 340 2929 οὔτε
393 2876 618 2945 κτίσμα,
669 2874 793 2928 οὐτε
831 2875 890 2941 ἐξ
918 2874 1113 2944 ἐτέρας
1159 2872 1347 2937 οὐσίας
1379 2874 1408 2926 6
1436 2872 1566 2938 Θεὸς
1599 2874 1792 2940 Λόγος,

207 2967 499 3037 ὀμοούσιος
533 2968 639 3038 ἀρα
668 2966 785 3020 ἐστὶ
810 2965 888 3034 τῷ
917 2964 1266 3037 γεγεννηκότι
1294 2964 1436 3036 Θεῷ,
1462 2962 1538 3028 ὡς
1563 2963 1695 3027 Θεὸς
1729 2965 1795 3017 ἐκ

206 3060 373 3123 Θεοῦ,
405 3061 499 3113 καὶ
529 3059 645 3129 φῶς
672 3060 737 3113 ἐκ
764 3058 963 3127 φωτὸς,
986 3058 1080 3112 καὶ
1107 3058 1208 3130 τήν
1234 3056 1401 3127 αὐτὴν
1427 3056 1539 3126 ἔχει
1567 3056 1644 3126 τῷ
1674 3073 1795 3125 γεν-

206 3154 403 3222 νήτορι
452 3152 630 3220 φύσιν.
700 3150 860 3204 Ἀλλά
916 3148 1089 3204 ταῦτα
1123 3149 1224 3218 μὲν
1268 3150 1364 3202 καὶ
1411 3146 1651 3209 δυνατῶς
1699 3148 1793 3201 καὶ

1893 1950 2149 2006 Silvanus
2204 1964 2587 2023 proposuerat.
2624 1954 2765 2009 Tum
2808 1943 3229 2024 instabant‘ipsi
3263 1954 3331 2009 de
3362 1966 3469 2006 ca:-

1894 2049 2013 2095 tero
2037 2041 2444 2110 vehementius,
2484 2041 2793 2114 ﬂagitantes
2825 2053 2882 2098 ut
2907 2044 3216 2099 homousion
3242 2042 3469 2095 damna-

1893 2145 2065 2191 retur.
2099 2136 2205 2191 Scd
2235 2135 2496 2194 Silvanus
2519 2141 2537 2160 θ
2580 2138 2645 2193 ad
2685 2140 2809 2195 illos
2845 2146 2899 2195 et
2945 2139 3337 2209 imperatorem
3372 2151 3466 2191 ar-

1893 2236 2021 2298 gute
2074 2238 2127 2284 et
2154 2244 2282 2285 vere
2324 2247 2337 2284 :
2380 2228 2437 2284 Si
2476 2229 2623 2286 Deus
2667 2229 2928 2298 Verbum,
2991 2230 3190 2300 inquit,
3241 2245 3307 2285 ex
3356 2243 3467 2283 non

1892 2320 2242 2378 exstantibus
2268 2336 2379 2377 non
2401 2329 2509 2388 est,
2544 2338 2721 2393 neque
2754 2332 3030 2388 creatura,
3070 2339 3247 2394 neque
3279 2338 3348 2378 ex
3382 2323 3466 2376 al-

1894 2420 2010 2467 tera
2054 2414 2386 2478 substantia,
2424 2416 2923 2472 consubstantialis
2978 2423 3066 2472 est
3124 2416 3315 2486 utique
3358 2414 3468 2470 Deo

1894 2505 1988 2575 qui
2013 2506 2221 2576 genuit,
2246 2514 2311 2561 ut
2340 2507 2481 2563 Deus
2504 2508 2571 2563 de
2603 2508 2731 2571 Deo,
2763 2518 2818 2566 et
2842 2510 3024 2565 lumen
3056 2508 3124 2565 de
3158 2509 3381 2572 lumine,
3413 2520 3470 2563 et

1893 2597 2141 2653 eamdem
2197 2612 2321 2653 cum
2359 2597 2615 2655 Genitore
2664 2592 2917 2654 naturam
2955 2601 3135 2655 habet.
3173 2600 3307 2667 Qua:
3344 2600 3471 2656 licet

1894 2687 1963 2743 ab
1989 2689 2084 2744 illo
2118 2688 2273 2744 ﬁrma
2307 2697 2363 2746 et
2419 2706 2552 2747 vera
2608 2692 2821 2747 ratione
2862 2692 3205 2755 dicerentur.
3237 2693 3470 2748 audien~

1895 2781 2031 2836 tium
2057 2789 2241 2838 tamen
2267 2783 2474 2839 nemini
2512 2794 2908 2855 persuaserunt
2942 2805 2958 2841 :
2994 2787 3091 2842 sed
3137 2787 3354 2842 clamor
3382 2786 3470 2843 in-

1894 2888 2028 2943 gens
2051 2874 2304 2931 sublatus
2329 2885 2414 2930 est
2442 2876 2620 2946 partis
2652 2876 2838 2932 Acacii
2876 2886 2931 2934 et
2979 2878 3236 2933 Eudoxii.
3279 2876 3471 2950 Itaque

1896 2966 2159 3022 incensus
2205 2966 2525 3037 imperator,
2581 2966 2844 3025 Ecclesiis
2891 2983 2950 3025 se
2980 2969 3105 3025 illos
3159 2969 3469 3041 eiecturum

1896 3055 2141 3112 minatus
2179 3066 2285 3113 est.
2328 3058 2427 3114 Cui
2460 3057 2717 3115 Eleusius
2746 3067 2799 3115 et
2841 3057 3121 3127 Silvanus,
3160 3076 3285 3117 cum
3312 3069 3473 3117 caete-

1896 3148 1996 3213 ris,
2022 3147 2076 3202 in
2108 3148 2280 3219 ipsius
2322 3158 2595 3219 potestate
2618 3151 2785 3206 situm
2816 3167 2940 3208 esse
2960 3152 3289 3223 supplicium
3314 3152 3471 3209 dixe-

208 3213 433 3313 ἀληθὼς
464 3213 705 3314 εἰρήκει’
747 3241 993 3295 ἐπείθετο
1017 3240 1072 3293 δὲ
1112 3213 1221 3294 τῶν
1263 3239 1545 3313 παρόντων
1575 3238 1750 3301 οὐδείς
1774 3254 1789 3268 ·

1897 3246 2049 3303 runt,
2092 3213 2146 3292 in
2181 3254 2279 3295 sua
2309 3213 2564 3310 pietatem
2597 3241 2679 3298 vel
2716 3213 3085 3312 impietatem;
3120 3252 3378 3300 caeterum
3411 3260 3474 3301 se

207 3336 353 3390 ἀλλά
378 3336 473 3406 βοή
500 3352 561 3389 τε
593 3334 759 3404 πολλή
791 3335 901 3387 τῶν
946 3334 1074 3405 περὶ
1118 3333 1372 3387 Ἀκάκιον
1419 3332 1513 3384 καὶ
1543 3330 1791 3395 Εὐδόξιον

210 3431 447 3500 ἐγίνετο,
479 3429 572 3482 καὶ⁸
598 3428 627 3481 6
659 3427 908 3498 βασιλεὺς
938 3426 1261 3495 ἐχαλέπηνε,
1290 3423 1517 3478 καὶτῶν
1560 3425 1793 3494 Ἐκκλη-

214 3521 357 3576 σιῶν
385 3519 659 3584 ἐξελάσειν
678 3518 996 3589 ἠπείλησεν.
1031 3516 1302 3579 Ἐλεύσιος
1318 3515 1375 3568 δέ
1400 3516 1492 3568 καὶ
1514 3514 1792 3578 Σιλὸανδς,

210 3612 314 3665 σὺν
338 3613 454 3672 τοῖς
480 3610 675 3672 ἀλλοις,
704 3609 797 3663 καὶ
825 3607 985 3662 αὐτὸν
1016 3606 1226 3675 ἔφασαν
1252 3606 1501 3673 ἐξουσίαν
1530 3607 1673 3677 ἔχειν
1696 3608 1795 3678 τῆς

205 3702 504 3773 τιμωρίας,
548 3702 643 3755 καὶ
693 3701 833 3768 σφᾶς
885 3698 1082 3761 αὐτοὺς
1135 3698 1237 3768 τῆς
1284 3697 1567 3761 εὐσεϐείας
1598 3698 1632 3768 ἢ
1665 3697 1792 3751 δυσ-

210 3793 461 3854 σεϐείαςο
505 3793 566 3845 οὐ
612 3791 718 3861 μὴν
761 3788 1098 3861 προήσεσθαι
1124 3789 1498 3861 τὴνπατρῴαν
1541 3788 1794 3842 διδασκα-

208 3885 357 3938 λίαν.
421 3882 483 3938 '0
513 3883 568 3937 δὲ
608 3881 1006 3945 Κωνστάντιος,
1061 3880 1356 3952 θαυμάζειν
1400 3880 1517 3933 δέον
1570 3879 1665 3933 καὶ
1697 3879 1797 3950 τὴν

218 3975 438 4043 σοφίαν,
490 3976 583 4027 καὶ
636 3974 736 4044 τὴν
771 3973 1047 4043 ἀνδρείαν,
1094 3972 1235 4042 ὐπὲρ
1265 3970 1373 4023 τῶν
1420 3970 1793 4025 ἀποστολικῶν

1894 3330 2204 3386 doctrinam
2266 3332 2491 3389 Patrum
2550 3351 2658 3391 non
2705 3337 3046 3407 prodituros.
3105 3336 3471 3394 Constantius

1897 3438 2050 3488 vero,
2082 3438 2209 3479 cum
2242 3425 2503 3481 admirari
2537 3442 2729 3483 eorum
2763 3428 3088 3498 sapientiam
3112 3438 3168 3485 et
3196 3430 3474 3486 fortitudi-

1900 3529 2048 3579 nem,
2082 3527 2247 3585 alque
2299 3515 2352 3571 in
2394 3518 2617 3573 tuendis
2668 3518 2988 3588 apostolicis
3022 3518 3375 3589 dogmatibus
3405 3520 3475 3574 li--

1902 3607 2170 3663 bertatem
2211 3608 2459 3673 deberet,
2494 3610 2757 3667 Ecclesiis
2789 3611 2914 3668 illos
2941 3613 3173 3683 expulit,
3227 3614 3476 3684 aliosque

1899 3714 2088 3755 eorum
2136 3702 2257 3757 loco
2310 3702 2597 3775 subrogari
2655 3708 2933 3777 praecepit.
2997 3704 3153 3761 Tunc
3211 3708 3475 3777 temporis

1897 3788 2566 3861 Constantinopolitanam
2634 3792 2937 3849 Ecclesiam
2987 3808 3082 3864 per
3126 3793 3475 3864 tyrannidem

1897 3882 2188 3951 occupavit
2220 3881 2525 3950 Eudoxius,
2574 3884 2777 3955 Cyzico
2812 3893 2993 3940 autem
3042 3883 3321 3939 Eleusium
3361 3884 3478 3955 pel-

1896 3972 2095 4036 lentes,
2131 3972 2465 4030 Eunomium
2501 3977 2623 4046 ejus
2654 3977 2773 4031 loco
2800 3977 3224 4032 substituerunt.

206 4067 504 4137 δογμάτων
526 4067 857 4138 παρῤησίαν,
891 4068 1018 4130 τοὺς
1050 4067 1148 4138 μὲν
1168 4064 1397 4136 ἐξήλασε
1426 4065 1536 4118 τῶν
1568 4065 1923 4136 Ἐκκλησιῶν,
1954 4067 2173 4139 ἐτέρους
2205 4070 2261 4124 δὲ
2293 4071 2409 4124 ἀντ’
2436 4073 2615 4127 αὐτῶν
2638 4072 2977 4143 καταστῆναι
3006 4070 3325 4144 τροσέταξε.
3344 4072 3477 4126 Τότε

210 4160 309 4229 τῆς
340 4160 442 4229 μὲν
462 4159 1080 4223 Κωνσταντινουπόλεως
1100 4157 1147 4189 ⁸⁸
1177 4157 1503 4228 Ἐκγλησίας
1526 4160 1553 4210 6
1573 4158 1619 4189 ⁸⁵
1652 4159 1900 4225 Εὐδόξιος
1928 4164 2265 4233 τυραννικῶς
2291 4165 2526 4237 ἁρπάζει
2550 4166 2643 4220 τὸν
2667 4165 2853 4238 θρόνον
2870 4182 2884 4197 ·
2918 4164 3018 4235 τῆς
3037 4165 3094 4219 δὲ
3116 4165 3353 4232 Κυζίκου
3385 4166 3478 4220 τὸν

221 4251 500 4306 Ἐλεύσιον
531 4249 879 4316 ἐξελάσαντες
899 4251 989 4315 ⁸⁴’,
1018 4252 1134 4304 ἀντ’
1176 4249 1387 4304 ἐκείνου
1432 4248 1773 4320 κατέστησαν
1800 4252 1889 4305 τὸν
1929 4253 2212 4325 Εὐνόμιον.

797 4411 1046 4463 ΚΕΦΔΛ.
1088 4410 1210 4462 KA'.

283 4526 587 4593 Συνοδικὴ
626 4524 921 4593 ἐπιστολὴ
959 4523 1253 4594 τραφεῖσα
1282 4524 1432 4576 κατὰ
1472 4524 1718 4577 Ἀετίου.

287 4641 404 4696 Καὶ
434 4640 637 4695 τούτων
667 4639 725 4693 δὲ
771 4638 948 4701 οὕτως
980 4636 1382 4709 γεγενημένων,
1410 4635 1795 4707 ἀποκηρυχθῆ-

2377 4407 2546 4478 399
2582 4405 2731 4463 CAP.
2769 4406 2958 4461 xxw.

2079 4518 2323 4590 Epistula
2348 4521 2601 4590 synodica
2635 4530 2821 4575 contra
2849 4519 3054 4574 Aetium
3078 4520 3295 4589 scripta.

1972 4633 2070 4689 llis
2107 4632 2179 4688 ita
2214 4633 2407 4703 gestis,
2463 4633 2683 4688 Aetium
2746 4633 2951 4703 scripto
3008 4632 3258 4687 damnari
3304 4630 3472 4701 jussit

212 4751 301 4785 ναι
343 4731 439 4783 τὸν
481 4730 684 4784 Ἀέτιον
717 4730 1010 4800 ἐγγράφως
1040 4728 1340 4802 προσέταξε
1380 4728 1634 4799 βασιλεύς
1659 4744 1673 4758 ο
1709 4715 1791 4783 κιίί

1904 4724 2203 4795 imperator
2232 4744 2245 4779 :
2281 4726 2368 4779 cui
2412 4724 2860 4796 obtemperantes
2911 4724 3215 4795 impietatis
3240 4738 3473 4779 consor-

206 4823 314 4894 τῆς
345 4820 666 4885 δυσσεὸείας
696 4822 745 4874 οἱ
790 4822 1037 4874 κοινωνοὶ
1084 4819 1399 4882 πεισθέντες
1445 4817 1791 4889 ἀπεκήρυξαν

1895 4824 1975 4872 tes
2009 4816 2299 4871 sententiae
2327 4832 2444 4872 sua:
2478 4817 2691 4872 socium
2733 4817 3190 4871 condemnarunt.
3224 4813 3475 4886 Scripse-

210 4916 306 4969 τδν
338 4915 636 4985 ὁμόφρονα.
673 4913 962 4983 Ἐγραψαν
1005 4912 1062 4966 δὲ
1098 4912 1192 4966 καὶ
1232 4910 1367 4983 πρὸς
1399 4910 1667 4980 Γεώργιον
1707 4910 1791 4963 τίοι

1895 4915 2021 4961 runt
2073 4907 2241 4961 etiam
2303 4909 2370 4964 de
2426 4908 2519 4963 illo
2573 4908 2640 4961 ad
2699 4904 2995 4977 Georgium
3043 4905 3475 4961 Alexandrinum

210 5008 313 5075 τῆς
346 5003 742 5073 ’Δλεξανδρέων
766 5002 1066 5074 ἡγούμενον
1091 5002 1158 5055 τὰ
1186 5001 1327 5055 κατά
1356 5000 1543 5053 τοῦτον
1567 4999 1799 5070 μηνῦον-

210 5111 323 5157 τες.
370 5092 516 5162 Ἐγὼ
555 5093 612 5146 δὲ
644 5094 803 5164 τήνδε
838 5093 935 5165 τήν
986 5086 1276 5165 ἐπιστολήν
1308 5091 1519 5163 ἐνθήσω
1566 5093 1630 5161 τῇ
1666 5108 1797 5158 συγ-

210 5189 428 5257 γραφῇ,
452 5184 551 5256 τὴν
577 5185 801 5238 ἐκείνων
827 5185 1129 5257 μοχθηρίαν
1152 5184 1480 5247 ἐπιδεικνύς.
1506 5181 1661 5255 [illi]
1685 5184 1795 5240 Καὶ

211 5279 321 5349 γὰρ
355 5279 471 5340 τοῖς
502 5276 936 5348 συμφρονοῦσιθ⁷
973 5278 1067 5331 καὶ
1100 5279 1211 5340 τοῖς
1246 5274 1584 5344 ἀντιλέγουσι
1614 5288 1788 5344 παρα-

211 5368 459 5442 πλησπ
485 5368 801 5440 ἐκέχρηντο.

1891 4999 2200 5065 epistolam,
2232 5014 2396 5070 quam
2429 4999 2648 5069 quidem
2692 4998 2938 5053 historia:
2983 4997 3243 5062 inseram,
3278 5004 3337 5051 ut
3382 5012 3477 5052 co-

1892 5106 2012 5143 rum
2072 5090 2395 5161 improbitas

2476 5090 2750 5161 pateﬁat:
2794 5091 2996 5161 quippe
3061 5090 3155 5160 qui
3213 5089 3476 5147 doctrina:

1896 5197 2011 5236 sua:
2065 5182 2311 5237 faventes
2367 5190 2420 5236 et
2468 5180 2824 5237 adversarios
2862 5196 2971 5237 non
3013 5179 3266 5237 dissimili
3309 5178 3475 5234 modo

1896 5273 2204 5327 tractarint.

1518 5538 1753 5595 VARIAS
1788 5536 2191 5594 LECTIONES.

282 5726 331 5760 ⁸³
362 5726 667 5788 ἀσπασίως.
692 5724 814 5778 Bas.
843 5722 1016 5779 Orate.
1077 5722 1121 5755 ⁸⁸
1155 5724 1507 5793 πρόσκλησιν.
1539 5720 1735 5793 Μοητη
1772 5720 1816 5752 ⁸⁸
1849 5717 2693 5793 ΚωνσταντινουποὶιτῶνζΙιιειῃ
2719 5732 2841 5793 c.th
2873 5715 3062 5788 Steph.
3122 5717 3167 5749 “
3197 5715 3473 5771 Articultts

218 5797 373 5851 abest
431 5799 501 5849 ab
560 5806 809 5865 utroque.
885 5796 951 5826 ’θ’
982 5792 1324 5859 ἐξελάσαςσ-
1352 5794 1677 5851 κατέστησε.
1712 5792 1829 5847 llas.
1861 5792 2031 5845 (ἴκρι’.
2143 5792 2184 5821 ⁸⁷

2244 5788 2611 5859 συμφωνοῦσι.
2660 5789 2779 5844 Bas.
2803 5786 2975 5843 (ἴγδις.
