4218 6456
802 374 941 437 Ῑῡῖὗ

1786 384 2270 445 TIIEODORETI
2298 384 2633 445 EPISCOI‘I
2672 386 3036 448 CYRENSIS

3909 400 4051 463 1076

795 482 935 553 ipsis
998 496 1267 558 exponat,
1313 505 1414 546 nec
1468 506 1568 547 eos
1628 491 1914 563 deSpiciat,
1976 495 2070 565 qui
2135 494 2370 550 diversis

2474 497 2762 565 προφανῶς
2794 498 2977 565 σφίσιν
3028 497 3278 552 ἐκθέσθαι
3330 500 3425 553 τοῦ
3459 501 3727 574 δόγματος
3770 505 3869 577 τὴν
3913 508 4049 577 ἁλή-

810 575 1069 634 loctrinis
1093 580 1197 634 huc
1230 581 1470 653 illucque
1508 585 1868 655 jactarentur.
1896 585 2035 641 Tum
2073 586 2164 643 ille
2195 587 2365 642 (iden-

795 667 906 723 tior
935 667 1111 727 factus
1149 671 1465 740 Opinionem
1520 691 1681 745 quam
1716 675 1990 733 celaverat
2036 676 2269 748 aperuit.
2296 676 2364 732 At

793 759 871 813 illi
903 774 1070 829 porro
1097 761 1345 833 iniquum
1384 773 1548 835 atque
1585 765 1813 836 impium
1849 768 2108 822 dicebant
2130 783 2272 834 esse,
2314 771 2362 827 si

794 866 902 905 non
931 865 1123 910 omnes
1144 855 1239 924 qui
1267 856 1371 911 sub
1399 870 1464 911 eo
1484 866 1669 911 essent
1711 859 1959 913 veritatis
1998 858 2193 915 tierent
2239 877 2363 931 par-

793 943 1010 1013 ticipes.
1054 943 1244 1018 Itaque
1291 948 1379 1003 his
1414 956 1468 1004 et
1519 949 1794 1005 similibus
1842 951 2025 1007 verbis
2077 952 2359 1021 inductus,

791 1032 845 1087 in
908 1036 1148 1105 publicis
1208 1038 1455 1094 ecclesia:
1530 1042 1892 1099 conventibus
1963 1045 2359 1115 blasphemiam

790 1139 946 1180 suam
1008 1127 1277 1197 patefecit.
1336 1128 1415 1185 Illi
1446 1148 1576 1187 vero
1624 1134 1839 1189 ardenti
1897 1137 2081 1191 studio
2150 1138 2360 1196 incitati

788 1216 1322 1290 Constantinopolim
1364 1225 1724 1291 contendunt,
1757 1225 2119 1299 Eunomiique
2162 1246 2360 1287 nomen

790 1311 970 1378 primo
1024 1311 1277 1369 deferunt
1325 1316 1394 1371 ad
1443 1316 1751 1375 Eudoxium
1787 1341 1799 1376 :
1837 1320 2051 1389 deinde,
2100 1338 2226 1378 cum
2270 1325 2361 1381 ille

789 1415 898 1456 non
953 1404 1241 1474 reciperet,
1295 1406 1683 1478 imperatorem
1745 1412 1967 1480 adeunt,
1995 1414 2062 1470 de
2120 1418 2361 1486 pernicie

789 1509 952 1562 quam
1006 1496 1275 1552 inferebat
1328 1498 1720 1571 lamentantes,
1770 1505 2002 1577 ejusque
2053 1509 2197 1563 dicta
2243 1509 2359 1564 bla-

789 1586 1090 1656 sphemiam
1155 1589 1272 1645 Arii
1351 1592 1625 1661 impietate
1685 1613 1947 1667 superare
2005 1601 2355 1658 allirmantes.

789 1678 997 1745 Quibus
1051 1681 1118 1736 ad
1171 1682 1308 1737 iram
1362 1695 1693 1755 provocatus
1748 1690 2065 1761 imperator,
2108 1693 2358 1751 Eudoxio

789 1774 1033 1838 mandat,
1076 1783 1136 1830 ut
1177 1788 1417 1833 accersat
1463 1779 1815 1846 Eunomium,
1847 1798 2103 1855 eumque,
2144 1788 2191 1841 si
2222 1803 2356 1843 con-

2474 583 2648 650 θειαν,
2678 588 2771 640 καὶ
2807 587 2880 659 μὴ
2916 589 3175 659 περιιδεῖν
3206 589 3332 661 τῇδε
3365 594 3587 647 κάκεῖσε
3616 598 3737 659 ταῖς
3764 595 4052 667 διαφόροις

2470 679 2940 751 περιφερομένους
2990 680 3375 746 διδασκαλίαις.
3436 683 3493 738 '0
3531 685 3588 739 δὲ
3632 686 3914 759 θαρσήσας
3959 689 4049 754 ἐξ-

2469 770 2668 841 έφηνεν
2706 770 2734 823 ὃ
2782 769 3128 843 κατέκρυπτε
3176 773 3450 845 φρόνημα.
3501 776 3664 831 Ἀλλά
3711 780 3818 851 γὰρ
3856 780 4050 834 άδικον

2469 859 2655 928 ἔλεγον
2685 860 2899 923 ἐκεῖνοι,
2937 861 3030 914 καὶ
3054 859 3175 913 λίαν
3209 860 3442 924 ἀνόσιον,
3498 866 3572 936 μή
3619 868 3829 931 πάντας
3850 870 3871 901 ⁹
3916 870 4048 934 τοὺς

2469 952 2562 1004 ὑπ’
2596 951 2757 1007 αὐτὸν
2808 951 3098 1016 τελοῦντας
3141 954 3240 1023 τῆς
3289 954 3548 1025 ἀληθείας
3619 959 4043 1031 μεταλαχεῖν¹⁶.

2481 1040 2539 1093 '0
2568 1041 2625 1093 δὲ
2657 1041 2858 1095 αὐτίκα
2882 1080 2898 1105 ,
2932 1041 3144 1103 τούτοις
3194 1040 3289 1094 καὶ
3334 1045 3442 1105 τοῖς
3487 1044 3747 1108 τοιούτοις
3774 1046 4047 1115 ὑπαχθεὶς

2466 1135 2664 1203 λόγοις,
2690 1136 2748 1189 ἐν
2774 1137 2887 1199 τοῖς
2919 1136 3017 1206 τῆς
3043 1136 3339 1207 ἐκκλησίας
3365 1139 3408 1169 ⁸⁸
3437 1139 3714 1209 συλλόγοις
3749 1141 3847 1212 τὴν
3876 1142 4047 1213 βλασ.

2468 1229 2679 1297 φημίαν
2714 1227 3051 1299 ἐγύμνωσεν.
3080 1229 3311 1283 Ἐκεῖνοι
3335 1230 3391 1283 δὲ
3418 1230 3497 1301 τῷ
3526 1229 3674 1302 ζήλῳ
3721 1233 3819 1297 τὰς
3858 1236 4046 1306 ψυχάς

2468 1316 2762 1386 θήξαντες,
2815 1317 2897 1380 είς
2962 1318 3061 1385 τὴν
3118 1318 3694 1373 Κωνσταντινούπολιν
3756 1321 4041 1392 ἔδραμον·

2465 1409 2563 1463 καὶ
2596 1408 2810 1480 πρῶτον
2847 1409 2946 1478 μὲν
2983 1410 3113 1480 παρ’
3145 1409 3377 1477 Εύδοξίῳ
3409 1410 3716 1482 ἐγράψαντο
3754 1413 3843 1465 τὸν
3877 1414 4045 1467 Εἰινόο

2468 1519 2629 1575 μιον·
2680 1502 2891 1556 ἐκείνου
2936 1502 2995 1555 δὲ
3048 1502 3123 1574 μὴ
3177 1503 3649 1575 προσδεξαμένου,
3702 1506 3780 1577 τῷ
3828 1508 4047 1577 βασιλεῖ

2465 1593 2877 1667 προσελθόντες,
2908 1593 3007 1665 τὴν
3041 1595 3172 1665 παρ’
3207 1595 3420 1648 ἐκείνου
3447 1596 3775 1668 γιγνομένην
3821 1598 4041 1650 ἀπωδύ-

2466 1704 2621 1760 ροντο
2651 1684 2851 1755 λώϐην.
2906 1688 3018 1757 Τῆς
3057 1686 3267 1758 Ἀρείου
3298 1687 3408 1759 γὰρ
3457 1689 3639 1756 ἔλεγον
3687 1689 4041 1759 βλασφημίας

2462 1778 2864 1848 δυσσεϐέστερα
2914 1773 3055 1831 εἶναι
3110 1776 3178 1831 τὰ
3227 1778 3381 1850 παρά
3434 1778 3691 1832 andron"
3739 1781 4037 1848 λεγόμενα.

786 1862 971 1921 victus
1022 1865 1205 1931 fuerit,
1238 1870 1415 1938 privet
1465 1873 1795 1929 sacerdotio.
1845 1849 2009 1929 Cum-
2047 1887 2229 1933 autem
2290 1880 2357 1935 ab

2460 1869 2745 1940 Θυμωθεὶς
2782 1869 2839 1922 δὲ
2862 1868 2956 1921 ἐπὶ
2987 1867 3200 1932 τούτοις
3227 1871 3255 1922 ό
3282 1868 3540 1939 βασιλεὺς
3561 1912 3575 1935 ,
3609 1872 3840 1938 ἀγαγεῖν
3870 1872 3913 1903 ³³
3945 1872 4039 1924 τὸν

788 1957 1210 2014 accusatoribus
1244 1974 1389 2031 saepe
1424 1962 1801 2033 interpellatus
1842 1964 2124 2023 Eudoxius
2172 1984 2357 2027 moras

789 2054 1006 2102 nectere
1031 2059 1301 2120 pergeret,
1337 2051 1571 2107 redeunt
1604 2054 1803 2108 iterum
1848 2056 1912 2111 ad
1948 2056 2355 2128 imperatorem,

787 2145 1205 2208 querunturque
1252 2148 1306 2195 et
1356 2142 1665 2211 clamitant,
1711 2143 2019 2200 Eudoxium
2074 2147 2212 2201 nihil
2263 2164 2357 2203 eo-

786 2243 909 2283 rum
974 2229 1173 2287 fecisse
1228 2246 1348 2302 qua:
1410 2228 1627 2288 fuerant
1680 2235 1983 2305 imperata,
2037 2245 2356 2311 tantamque

785 2324 1061 2379 civitatem
1114 2324 1371 2382 Eunontii
1434 2328 1790 2399 blasphemiae
1845 2333 2150 2403 expositam
2224 2351 2357 2391 con—

788 2429 1051 2473 temnere.
1079 2414 1235 2474 Tunc
1268 2418 1629 2477 Constantius
1663 2421 1915 2479 Eudoxio
1960 2426 2065 2496 ipsi
2095 2428 2352 2484 exsilium

783 2507 1027 2561 minatus
1058 2519 1165 2572 est,
1198 2510 1303 2564 nisi
1323 2510 1595 2579 judicium
1625 2512 1842 2570 ‘habeat
1875 2515 1945 2571 de
1975 2515 2267 2584 Eunomia,
2297 2519 2353 2574 in

784 2613 1019 2669 eumque
1046 2601 1115 2657 de
1141 2602 1377 2672 objectis
1412 2604 1725 2660 convictum
1778 2607 2197 2666 animadvertat.
2224 2610 2356 2678 Qui-

782 2691 888 2746 bus
911 2692 1077 2749 minis
1101 2694 1402 2750 exterrittts
1447 2694 1754 2761 Eudoxius,
1785 2712 1881 2769 per
1932 2700 2146 2756 litteras
2179 2703 2352 2773 signi-

781 2778 910 2835 tlcat
943 2781 1236 2849 Eunomio,
1286 2792 1345 2839 ttt
1374 2784 1498 2857 fuga
1530 2802 1590 2843 se
1631 2788 1831 2861 Cyzico
1864 2790 2030 2863 905
2060 2792 2350 2861 subducat,

780 2871 998 2941 sibique
1029 2874 1132 2944 ipsi
1156 2887 1477 2933 succenseat
1508 2880 1657 2949 quod
1690 2882 1912 2938 monitis
1951 2898 2059 2938 non
2084 2888 2348 2955 paruerit.

780 2959 1086 3017 Eunomius
1140 2981 1271 3036 ergo
1317 2976 1465 3023 metu
1511 2972 1800 3040 perculsus
1835 2988 1895 3030 se
1929 2974 2216 3031 subduxit.
2244 2976 2351 3034 Sed

781 3055 1073 3126 impatiens
1123 3058 1439 3130 ignominia:
1489 3064 1856 3132 proditionem
1904 3069 2203 3125 accusabat
2240 3069 2353 3131 Eu-

778 3146 925 3203 doxii
960 3150 1174 3222 sibique
1211 3161 1265 3209 et
1286 3154 1443 3211 Aetio
1486 3156 1744 3227 injuriam
1772 3159 1840 3215 ab
1872 3175 1937 3216 eo
1963 3161 2164 3218 factam
2209 3179 2347 3234 prze-
2376 3182 2419 3243 ο

776 3240 1023 3297 dicabat.
1061 3242 1126 3298 Et
1176 3260 1241 3301 eo
1284 3254 1534 3319 tempore
1567 3265 1726 3305 suum
1773 3250 1865 3306 ille
1896 3252 2155 3325 deinceps
2201 3270 2351 3311 seor-

777 3333 880 3387 sim
917 3343 1119 3390 emtum
1169 3338 1428 3394 instituit.
1486 3341 1766 3412 Quotquot
1824 3345 1974 3399 enim
2027 3346 2245 3401 illorum
2294 3347 2347 3402 in

775 3426 1027 3482 doctrina
1072 3432 1456 3487 consensionis
1490 3435 1698 3490 conscii
1750 3444 1929 3501 erant,
1982 3438 2053 3493 ab
2102 3436 2349 3496 Eudoxio

775 3520 900 3593 ejus
939 3521 1307 3590 proditionem
1337 3525 1665 3582 damnantes
1692 3528 2043 3595 defecerunt,
2081 3538 2135 3585 et
2164 3529 2347 3587 Enno-

777 3610 891 3665 ntio
919 3626 977 3667 se
1011 3613 1404 3682 adjunxerunt,
1434 3631 1465 3669 a
1495 3633 1603 3687 quo
1649 3628 1704 3673 et
1750 3634 1952 3675 nomen
2000 3621 2237 3677 retinent
2291 3623 2347 3678 in

778 3698 1306 3760 ltodiernumdietn.
1344 3705 1501 3764 Unde
1537 3718 1705 3766 secta:
1735 3712 1846 3767 dux
1876 3720 1930 3767 et
1955 3721 2148 3769 auctor
2170 3714 2348 3771 lactus

733 3794 737 3799 ’
778 3794 1103 3873 Eunnmius,
1135 3796 1255 3853 Arii
1296 3799 1693 3870 blasphemiam
1731 3803 2033 3873 impietatis
2065 3807 2348 3863 accessio-

777 3890 941 3948 nibus
975 3893 1293 3949 cumulavit.
1325 3895 1480 3961 Quod
1508 3905 1688 3952 autem
1729 3897 2015 3954 ambitioni
2066 3914 2181 3956 sua
2228 3917 2348 3957 ser-

775 3983 929 4037 viens
978 3984 1262 4054 proprium
1310 3993 1513 4041 cmtum
1537 3988 1821 4057 conﬂarit,
1854 3990 1971 4061 ipsa
2006 4006 2095 4048 res
2127 3993 2344 4049 clamat.

777 4070 909 4126 Nam
938 4088 1061 4128 cum
1093 4075 1384 4133 damnatus
1410 4079 1537 4134 olim
1573 4080 1897 4151 ejectusque
1930 4091 2076 4139 esset
2109 4085 2347 4149 Actius,‘

778 4166 933 4219 illum
963 4167 1121 4237 sequi
1166 4170 1364 4235 noluit,
1396 4173 1652 4242 quamvis
1702 4175 2023 4244 magistrum
2069 4177 2248 4247 ipsum
2294 4186 2349 4233 et

780 4254 874 4311 Dei
909 4256 1186 4315 hominem
1218 4260 1539 4331 appellaret,
1570 4264 1664 4319 sed
1700 4266 1989 4334 copulatus
2036 4271 2345 4323 communi-

778 4355 978 4416 tusque
1009 4351 1214 4405 mansit
1250 4366 1373 4405 cum
1403 4353 1675 4411 Eudoxio.
1712 4354 2014 4428 Postquam
2044 4375 2177 4415 vero
2207 4361 2350 4431 ipse-

780 4445 890 4492 met
925 4439 1221 4510 impietatis
1264 4458 1455 4512 poenas
1502 4446 1639 4512 luit,
1681 4448 1877 4518 synodi
1918 4451 2203 4507 sententim
2236 4468 2347 4507 non

2459 1961 2722 2032 Εὐνόμιον
2753 1961 2831 2031 τῷ
2864 1961 3099 2032 Εύδοξίῳ
3138 1960 3459 2032 προσέταξε,
3499 1962 3592 2014 καὶ
3622 1961 4040 2032 διελεγχόμενον

2458 2053 2559 2122 τῆς
2596 2052 2892 2123 ἱερωσύνης
2928 2052 3237 2123 γυμνῶσαι.
3283 2051 3503 2123 Ἐπειδὴ
3538 2051 3594 2106 δὲ
3629 2052 3893 2116 πολλάκις
3929 2053 4038 2106 ὑπὸ

2457 2145 2564 2198 τῶν
2593 2144 2914 2213 κατηγόρων
2955 2144 3280 2215 ὀχλούμενος
3306 2145 3334 2197 ὁ
3374 2144 3624 2209 ΕὐδόξιΟς
3666 2145 4036 2216 ἀναδυόμενος

2455 2232 2700 2296 διετέλει,
2750 2232 3057 2302 προσῆλθον
3097 2228 3251 2297 αὖθις
3282 2234 3325 2265 ¹⁵
3368 2233 3446 2304 τῷ
3475 2233 3726 2303 βασιλεῖ,
3765 2235 4035 2307 ὀλοφυρόο

2461 2341 2611 2396 μενοι
2640 2324 2735 2378 καὶ
2778 2324 3009 2395 βοῶντες
3038 2325 3203 2394 μηδὲν
3234 2319 3308 2379 ὧν
3338 2326 3685 2399 προσετάχθη
3731 2325 3822 2380 τὸν
3865 2325 4035 2380 Εὐδό-

2458 2416 2571 2484 ξιον
2596 2416 2939 2489 δεδρακέναι,
2973 2415 3109 2470 άλλά
3147 2417 3301 2470 πόλιν
3325 2418 3594 2491 τοσαύτην
3620 2420 3885 2491 περιορᾷν
3910 2419 4035 2483 ταῖς

2457 2508 2727 2580 Εὐνομίου
2765 2508 3137 2581 βλασφημίαις
3163 2509 3536 2582 ἐκδεδομένην.
3568 2512 3701 2565 Τότε
3733 2512 4033 2565 Κωνστάν-

2453 2618 2568 2665 τιος
2607 2600 2771 2654 αὐτὸν
2807 2600 3082 2665 ἐξελάσειν
3117 2600 3384 2671 ἠπείλησε
3420 2601 3512 2655 τὸν
3556 2603 3827 2669 Εύδόξιον,
3856 2604 3907 2656 εί
3952 2602 4035 2673 μὴ

2452 2692 2548 2747 τὸν
2584 2693 2848 2762 Εὐνόμιον
2894 2692 3117 2761 ἀγαγὼν
3172 2692 3420 2759 δικάσοι,
3467 2693 3562 2747 καὶ
3607 2694 4030 2766 ἐξελεγχόμενον

2456 2787 2543 2855 ἐφ’
2591 2780 2673 2849 οἷς
2702 2784 2899 2856 ᾐτιάθη
2935 2783 3085 2857 [117]
3137 2784 3380 2840 κολάσει.
3428 2785 3647 2856 Ταύτην
3694 2786 3879 2850 δείσας
3924 2786 4031 2857 τὴν

2452 2878 2683 2949 ἀπειλήν
2712 2882 2741 2932 ό
2768 2877 3042 2944 Εὑδόξιος,
3070 2879 3265 2947 φυγεῖν
3300 2880 3366 2932 ἐκ
3393 2878 3495 2949 τῆς
3524 2878 3765 2943 Κυζίκου
3796 2878 3875 2949 τῷ
3916 2880 4029 2933 εύ-

2452 2971 2622 3040 νομίῳ
2669 2969 2757 3023 διὰ
2799 2968 3144 3041 γραμμάτων
3186 2968 3420 3039 ἐδήλωσε
3441 3010 3455 3033 ,
3486 2969 3581 3023 καὶ
3608 2968 3787 3040 ἐαυτῷ
3805 2971 3846 3001 ³⁸
3881 2969 4030 3040 μέμ-

2453 3062 2649 3131 φεσθαι
2679 3062 2752 3133 μὴ
2783 3060 3061 3115 πεισθέντι
3092 3063 3212 3124 ταῖς
3238 3060 3561 3130 ὑποθήκαις.
3596 3060 3653 3114 '0
3681 3061 3738 3114 δὲ
3759 3059 4028 3129 Εὑνόμιος

2453 3153 2639 3217 δείσας
2671 3153 2767 3224 μὲν
2790 3150 3135 3225 ὑπεχώρησε,
3166 3151 3268 3223 τὴν
3298 3153 3355 3206 δὲ
3382 3151 3607 3221 ἀτιμίαν
3628 3152 3726 3204 οὐκ
3757 3149 4025 3219 ἐνεγκὼν,

2452 3245 2744 3316 προδοσίαν
2782 3245 2884 3316 μὲν
2923 3244 3219 3315 κατηγόρει
3266 3243 3360 3297 τοῦ
3408 3243 3693 3310 Εύδοξίου,
3728 3243 4027 3314 ἠδικῆσθαι

2449 3337 2503 3391 δὲ
2534 3336 2629 3393 καὶ
2659 3337 2848 3390 ἐαυτὸν
2882 3336 2976 3389 καὶ
2998 3337 3090 3390 τὸν
3119 3336 3326 3390 ’Δέτιον
3346 3335 3555 3404 ἔλεγεν.
3580 3335 3865 3389 Ἐντεῦθεν
3911 3336 4029 3388 λοι-

2451 3428 2551 3482 πὺν
2582 3428 2718 3481 ἰδίαν
2750 3428 3023 3499 φρατρίαν
3054 3430 3441 3499 συνεστήσατο.
3473 3429 3629 3481 Ὅσοι
3663 3427 3771 3498 γάρ
3799 3427 3865 3498 δὴ
3901 3444 4029 3482 συν-

2453 3519 2665 3587 ίστορες
2684 3514 2826 3589 ἦσαν
2850 3519 2951 3589 τῆς
2973 3520 3030 3573 ἐν
3052 3520 3164 3584 τοῖς
3186 3520 3452 3591 δόγμασιν
3475 3519 3655 3573 αὐτῶν
3677 3520 4027 3589 συμφωνίας,

2448 3609 2700 3674 Εύδοξίου
2748 3610 2846 3679 μὲν
2892 3611 3209 3681 ἀπέστησαν
3255 3609 3546 3683 προδοσίαν
3593 3611 4026 3679 κατεγνωκότες.

2447 3702 2699 3773 Εὑνομίῳ
2751 3701 2809 3754 δὲ
2857 3701 3286 3773 συνετάχθησαν,
3327 3701 3435 3756 καῖ’
3470 3702 3572 3772 τὴν
3607 3702 3929 3772 ἐπωνυμίαν
3971 3702 4030 3766 ἐξ

2450 3793 2662 3847 ἐκείνου
2696 3790 2858 3862 μέχρι
2885 3792 2977 3844 καὶ
3013 3792 3254 3866 τήμερον
3288 3790 3527 3861 ἔχουσιν.
3563 3788 3845 3843 Ἐντεῦθεν
3874 3790 4030 3859 αἱρέ-

2451 3901 2589 3948 σεως
2619 3883 2861 3953 ἀρχηγὸς
2893 3883 3185 3955 γενόμενος
3225 3884 3253 3937 ὁ
3282 3882 3569 3953 Εὑνόμιος,
3601 3883 3721 3944 ταῖς
3759 3880 3861 3949 τῆς
3896 3882 4030 3934 ἀσε-

2450 3977 2601 4040 ϐείας
2616 3974 2950 4047 προσθήκαις
2968 3975 3067 4044 τὴν
3090 3974 3301 4044 Ἀρείου
3329 3972 3673 4043 βλασφημίαν
3694 3972 4026 4042 ἐπηύξησεν.

2450 4070 2573 4123 Ὀτι
2615 4067 2673 4121 δὲ
2716 4066 3029 4137 φιλοτιμίας
3076 4065 3241 4119 πάθει
3286 4062 3551 4119 δουλεύων
3599 4062 3728 4117 ἴδιον
3767 4064 4033 4131 συνεστή-

2450 4178 2580 4216 σατο
2633 4159 2890 4228 σύλλογον
2914 4198 2930 4223 ,
2962 4158 3101 4213 αὐτὰ
3148 4158 3219 4211 τὰ
3271 4155 3640 4227 πεπραγμένα
3674 4155 3791 4226 βοᾷ.
3830 4155 4032 4209 Ἦνίκα

2454 4252 2554 4322 μὲν
2601 4251 2711 4321 γὰρ
2770 4250 2974 4314 Ἀέτιος
3019 4247 3427 4319 ἀποκηρυχθείς
3474 4246 3746 4318 ἐξηλάθη,
3792 4247 3852 4301 οὐ
3880 4262 4034 4299 ¹συν-

2449 4342 2671 4411 εξῆλθεν
2698 4340 2892 4412 ἐκείνῳ
2916 4381 2930 4406 ,
2960 4340 3136 4394 καίτοι
3176 4338 3494 4393 διδάσκαλον
3521 4337 3683 4391 αὑτὸν
3704 4378 3721 4399 ,
3769 4335 3865 4389 καὶ
3891 4336 4032 4390 Θεοῦ

2451 4433 2737 4503 ἄνθρωπον
2762 4432 3065 4501 ὀνομάζων,
3102 4429 3240 4485 ἀλλὰ
3289 4429 3596 4499 μεμένηκεν
3627 4426 3859 4497 Εύδοξίῳ
3892 4444 4036 4496 συμ-

779 4531 1087 4600 acquievit,
1121 4534 1521 4607 episcoposque
1573 4546 1627 4594 et
1671 4540 2022 4611 presbyteros
2069 4543 2188 4613 ipse
2231 4543 2345 4613 jam

2457 4523 2863 4595 πεφραγμένος.
2912 4521 3103 4575 Ἢνίκα
3137 4521 3195 4573 δέ
3236 4522 3264 4574 ό
3292 4520 3336 4552 ¹⁶
3368 4519 3529 4582 αὐτὸς
3578 4519 3730 4581 δίκας
3762 4520 4035 4613 εἰσεπρά-

778 4624 1074 4693 episcopali
1104 4624 1365 4697 dignitate
1409 4631 1676 4699 spoliatus
1704 4633 2008 4690 ordinavit.
2037 4634 2163 4691 llaec
2185 4636 2354 4709 igitur

782 4725 936 4784 gesta
964 4726 1092 4771 sunt
1123 4717 1618 4794 Constantinopoli.

1078 4981 1231 5035 CAP.
1264 4983 1450 5041 xxw.
1486 4987 1570 5059 [Β.
1599 4989 1660 5043 St
1691 4989 1793 5045 cu.
1834 4990 1900 5045 ν.
1938 4990 2052 5063 50.]

786 5072 860 5127 De
892 5073 1093 5155 Nisibis
1128 5072 1272 5129 urbis
1305 5074 1595 5144 obsidione,
1623 5090 1671 5134 et
1705 5080 1997 5149 apostolica
2026 5082 2130 5135 vita
2164 5079 2354 5136 Jacobi

852 5160 1101 5212 episcopi.

857 5302 1065 5373 Sapore
1120 5310 1298 5360 autem
1339 5303 1629 5361 Persarum
1672 5322 1796 5378 rege
1840 5308 2041 5365 bellum
2091 5308 2355 5366 Romanis

2454 4617 2557 4688 χθη
2592 4617 2691 4687 τῆς
2740 4614 3028 4677 ἀσεϐείας,
3087 4612 3188 4664 οὐκ
3239 4610 3457 4681 ἔστερξε
3508 4608 3610 4678 τῆς
3664 4609 3880 4661 συνόδου
3932 4608 4037 4677 τὴν

2453 4708 2654 4777 ψῆφον,
2686 4704 2802 4757 ἀλλ’
2838 4703 3169 4765 ἐπισκόπους
3199 4700 3546 4772 ἐχειροτόνει,
3590 4699 3684 4751 καὶ
3730 4696 4038 4766 πρεσϐυτέ-

2460 4813 2607 4869 ρους,
2635 4796 2663 4847 ό
2684 4793 2782 4863 τῆς
2808 4790 3173 4861 ἐπισκοπικῆς
3199 4789 3354 4854 ἀξίας
3381 4788 3822 4858 γεγυμνωμένος.
3848 4786 4039 4838 Ταῦτα

2463 4887 2560 4958 μὲν
2593 4881 2686 4939 οὖν
2715 4886 2772 4938 ἐν
2801 4881 3370 4943 Κωνσταντινουπόλει
3397 4880 3710 4949 γεγένηται.

3029 4973 3279 5028 ΚΕΦΑΔ.
3310 4973 3455 5039 Kq'.

2454 5071 2594 5139 Περὶ
2629 5068 2739 5139 τῆς
2778 5064 3130 5139 πολιορκίας
3165 5062 3451 5139 Νισίϐεως
3482 5060 3708 5139 πόλεως
3730 5058 3877 5138 .-καί
3933 5060 4044 5139 τῆς

2539 5132 2819 5196 Ἰακώϐου
2870 5134 2977 5190 τοῦ
3020 5133 3362 5187 ἐπισκόπου
3395 5132 3817 5190 ἁποστολικῆρ
3871 5137 4043 5183 πριι-

2526 5211 2849 5373 ἒῗὲώρουίτ
2894 5298 2953 5354 δὲ
2993 5295 3084 5353 τοῦ
3134 5293 3358 5365 Περσῶν
3402 5293 3664 5362 βασιλέως
3706 5291 3848 5346 κατά
3910 5290 4041 5343 Tw.

2049 5480 2288 5539 VARIA‘S
2327 5480 2731 5539 LECTIONES.

862 5642 881 5671 ⁹
904 5640 1167 5717 ﬁrmatae.
1204 5643 1324 5699 das.
1358 5642 1556 5699 (ἐι-αις..
1602 5643 1830 5717 Steph._
1874 5645 1918 5675 ¹⁰
1946 5647 2255 5717 μετασχεῖν.
2288 5644 2482 5717 iidem.
2506 5641 3129 5717 Basilcrnsis‘etiamab,
3156 5635 3370 5717 αὐτίκα,
3400 5636 3663 5717 omittit;
3705 5642 3747 5717 ’ξ
3777 5643 3875 5717 τῆς
3913 5646 4040 5717 ἁλη-

791 5709 962 5785 θείας.
999 5709 1180 5785 Steph.
1208 5714 1263 5766 ‘2.
1326 5714 1385 5785 7“
1418 5714 1646 5768 τούτων.
1683 5709 1871 5785 ξιερὴί.
1947 5709 1995 5745 ’¹³
2019 5732 2077 5768 τε
2108 5709 2257 5771 addit
2288 5715 2409 5770 llas.
2444 5715 2618 5768 (ἱνα-ο.

2722 5712 2762 5785 ’ἦ
2788 5710 3294 5785 πάλινηῐάςιιι-ςυιη
3326 5707 3515 5777 Steph.
3622 5710 3663 5743 "
3690 5707 3859 5785 αὐτῷ’,
3882 5707 4035 5773 (Ἰμί-

789 5781 971 5851 stOph.
1052 5779 1408 5840 ’ίΛτιιρυιιιε
1439 5787 1589 5841 abest
1626 5800 1653 5839 .1
1682 5779 1803 5841 Bas.
1838 5784 2013 5841 Crarc.
2097 5787 2135 5817 ⁸⁷
2169 5788 2452 5853 Σατιώρου.
2480 5782 3027 5852 (ζὴιὶειορῇηΙ-Σρξινιι.
3050 5779 3110 5841 ι’,
3140 5780 3230 5834 lii.
