4218 6456
776 382 909 447 1079

1740 387 2228 448 THEODORETI
2281 388 2619 447 EPISCOPI
2657 389 3024 453 CYBENSIS

3878 397 4023 463 1080

767 494 1046 565 Deumque
1082 512 1179 567 pro
1204 496 1466 553 Romanis
1506 511 1756 568 pugnare
1784 495 1943 550 dixit.
1977 493 2042 549 Et
2083 495 2325 565 indigna-

2436 494 2536 565 τὴν
2569 496 2764 568 αἴγλην
2797 500 3245 574 ὲκπεμπομένην.
3297 502 3554 569 Τοπάσας
3608 506 3664 559 δὲ
3722 499 3862 561 εἶναι
3922 512 4020 564 τὸν

760 588 911 643 tione
942 590 1187 658 percitus
1219 590 1389 644 miser
1421 590 1674 660 sagittam
1713 587 1860 643 misit
1894 587 1946 641 in
1976 600 2192 651 acrem,
2226 600 2333 641 non

760 682 1020 751 ignorans
1045 682 1243 751 conligi
1296 697 1421 737 eum
1474 697 1581 737 non
1637 694 1796 750 posse
1829 679 1924 749 qui
1982 679 2231 746 corporis
2261 678 2333 732 sit

758 789 975 842 evpcrs,
1009 773 1104 827 sed
1137 772 1341 830 furoris
1378 774 1634 843 impetum
1670 786 1779 825 non
1810 770 2008 825 ferens.
2033 769 2170 823 Tum
2206 784 2335 823 vero

761 864 1118 920 admirandus
1157 864 1429 935 Epiirzcm,
1465 863 1707 933 scriptor
1757 863 1900 917 inter
1969 859 2142 933 Syros
2190 875 2332 929 pra:-

753 954 1160 1024 'stantissimus,
1193 956 1456 1011 Jacobum
1492 955 1673 1010 oravit
1698 955 1860 1025 907
1897 963 1954 1009 ut
1983 952 2185 1007 mmnia
2209 968 2336 1008 con-

758 1051 1070 1113 scenderet,
1133 1060 1187 1106 et
1223 1051 1496 1107 Barbaros
1560 1052 1876 1115 contuitus,
1931 1049 2332 1104 exscerationis

758 1143 813 1196 in
845 1157 940 1198 eos
988 1144 1093 1197 tela
1123 1144 1446 1212 conjit-eret.
1494 1142 1682 1197 Paruit
1732 1142 1818 1195 vir
1847 1141 2098 1206 divinus,
2135 1148 2185 1196 et
2218 1149 2333 1195 tur-

758 1234 858 1288 rim
892 1233 1181 1303 quamdam
1219 1234 1576 1295 conscendit,
1608 1242 1663 1287 et
1702 1232 2161 1288 innumerabilem
2211 1246 2331 1286 cer-

757 1341 894 1379 nens
918 1326 1348 1392 multitudinem,
1368 1326 1756 1381 exsecratione
1787 1326 1892 1379 alia
1920 1340 2027 1379 non
2056 1332 2141 1380 cst
2170 1341 2326 1391 usus,

754 1418 849 1470 sed
881 1418 1129 1488 siniphes
1159 1426 1212 1470 ct
1232 1419 1437 1473 culices
1475 1419 1528 1473 in
1555 1434 1651 1474 eos
1677 1418 1895 1471 immitti
1925 1417 2243 1485 postulavit,
2270 1426 2328 1470 ut

752 1526 821 1563 ex
854 1510 1079 1563 minutis
1117 1509 1366 1565 bestiolis
1415 1509 1758 1564 auxiliatoris
1812 1508 2108 1577 potentiam
2160 1524 2330 1578 agno-

754 1608 993 1655 scerent.
1017 1601 1236 1657 Orantis
1257 1609 1439 1655 votum
1472 1609 1671 1656 secuta:
1700 1609 1827 1655 sunt
1854 1599 2129 1664 siniphum
2161 1607 2211 1653 et
2232 1615 2329 1653 cu-

753 1690 918 1744 licum
962 1690 1171 1754 nubes,
1204 1705 1323 1759 quae
1352 1704 1513 1745 cavas
1556 1689 1919 1759 proboscides
1952 1688 2326 1757 elephantum,

750 1798 1151 1853 equorumque,
1181 1790 1235 1835 et
1260 1782 1597 1850 reliquorum
1625 1782 2000 1850 jumentorum
2031 1795 2194 1836 aures
2225 1796 2321 1835 na-

752 1891 948 1945 resque
977 1876 1409 1945 compleverunt.
1436 1874 1538 1940 Qui
1570 1890 1693 1929 cum
1733 1873 2193 1927 animalculorum
2225 1874 2324 1926 im-

750 1967 1091 2036 pressionem
1120 1968 1262 2024 ferre
1298 1985 1404 2023 non
1431 1976 1675 2038 possent,
1714 1967 1892 2037 ruptis
1925 1967 2090 2033 loris,
2122 1982 2324 2023 excus-

749 2060 937 2129 sisque
983 2059 1327 2119 sessoribus.
1361 2057 1584 2113 ordines
1623 2057 1937 2111 turbarunt.
1985 2056 2176 2125 Itaque
2227 2071 2323 2110 ca-

747 2152 881 2205 stris
907 2150 1197 2205 relictisin
1248 2149 1590 2219 repentinam
1646 2148 1828 2219 fugam
1892 2163 1951 2202 se
2008 2148 2320 2203 dederunt:

745 2250 911 2314 atque
946 2244 1019 2297 ita
1055 2259 1147 2299 rex
1186 2243 1638 2305 infelicissimus,
1682 2258 1850 2314 parva
1899 2242 2119 2311 lenique
2157 2244 2322 2298 casti-

745 2335 965 2404 gatione
1016 2333 1110 2390 Dei
1160 2334 1280 2406 pios
1326 2335 1663 2406 protegentis
1692 2334 1838 2389 vires
1890 2332 2154 2398 edoctus,
2187 2334 2315 2389 inde

744 2442 804 2482 se
842 2428 1069 2498 recepit,
1117 2444 1185 2485 ex
1238 2428 1531 2485 obsidione
1587 2427 1680 2483 illa
1714 2427 1994 2483 infamiam
2046 2426 2312 2493 referens,

741 2535 850 2574 non
888 2520 1193 2578 victoriam.

745 2634 897 2687 μενοι
918 2617 1025 2668 τῶν
1050 2616 1303 2686 ζωῦφίων
1340 2616 1440 2688 τὴν
1467 2616 1795 2688 προσϐολὴν,
1825 2615 1952 2681 τούς
1984 2633 2042 2671 τε
2074 2615 2312 2687 ῥυτῆρας
2349 2613 2688 2685 ἀπέρρηξαν,
2727 2616 2823 2668 καὶ
2844 2617 2889 2648 ³⁸
2927 2617 3056 2681 τοὺς

2449 586 2735 656 Ῥωμαίων
2786 588 3009 658 βασιλέα
3030 591 3097 656 ³⁸,
3149 593 3376 648 θάνατον
3431 597 3697 668 ἠπείλησε
3746 602 3859 663 τοῖς
3940 602 4020 671 μὴ

2439 681 2691 745 παρεῖναι
2738 680 2927 735 τοῦτον
2966 681 3393 754 άπηγγελκόσιν.
3451 687 3901 760 Ἰσχυριζομένων
3956 692 4018 745 ἃ

2438 770 2660 824 ἐκείνων
2716 772 2887 843 ἀληθῆ
2960 772 3097 827 εἶναι
3150 776 3220 829 τὰ
3286 778 3417 850 παρ’
3467 780 3648 833 αὐτῶν
3716 782 4011 852 εἰρημένα,

2435 862 2645 914 καὶτὸν
2675 864 3051 921 Κωνστάντιον
3093 869 3150 920 ἐν
3191 867 3493 942 Ἀντιοχείᾳ
3531 871 3741 941 διάγειν
3783 874 4013 944 εἰρηκό-

2432 968 2562 1017 των,
2594 953 2808 1023 ἐπέγνω
2833 956 2931 1026 τῆς
2956 957 3131 1027 ὅψεως
3170 960 3241 1012 τά
3274 961 3586 1031 μηνύματα,
3628 964 3722 1017 καὶ
3751 963 3846 1017 τὸν
3872 964 4016 1017 Θεδν

2433 1042 2538 1113 ἔφη
2568 1044 2676 1098 τῶν
2723 1047 3010 1118 Ῥωμαίων
3042 1054 3401 1124 ὑπερμαχεῖν.
3457 1056 3564 1107 Καὶ
3601 1056 3938 1126 δυσχεράνας
3979 1057 4013 1109 ὸ

2431 1137 2662 1203 δείλαιος
2682 1181 2694 1205 ,
2729 1139 2883 1209 βέλος
2916 1142 3127 1212 ἀφῆκεν
3168 1146 3247 1208 εἰς
3273 1145 3366 1200 τδν
3399 1144 3567 1217 ἀέρα,
3597 1147 3752 1210 εἰδὼς
3784 1149 3883 1218 μὲν
3931 1147 4014 1210 ὡς

2430 1231 2491 1284 οὑ
2521 1231 2678 1301 ’βαλεῖ
2712 1232 2802 1286 τὸν
2838 1232 3129 1303 ἀσώματον
3155 1275 3170 1300 ,
3223 1237 3323 1306 τῆς
3366 1236 3422 1288 δὲ
3458 1237 3655 1307 μανίας
3685 1238 3784 1309 τὴν
3825 1235 4012 1308 ῥύμην

2430 1323 2529 1377 οὐκ
2578 1322 2837 1392 ἐνεγκὼν.
2881 1326 3014 1378 Τότε
3058 1326 3298 1397 Ἐφραίμ
3346 1330 3374 1380 ὁ
3405 1328 3727 1399 Θαυμάσιος,
3763 1345 4011 1397 συγγρα-

2431 1415 2567 1482 φεὺς
2612 1414 2668 1468 δὲ
2713 1409 2869 1480 οὗτος
2910 1418 3132 1488 ἀριστος
3164 1418 3315 1490 παρᾶ
3360 1421 3555 1491 Σύροις
3608 1422 3857 1489 ἐγένετο,
3914 1421 4011 1474 τὸν

2433 1506 2574 1558 θεῖον
2619 1506 2875 1561 Ἰάκωϐον
2922 1510 3276 1582 ἠντιϐόλησεν
3329 1511 3585 1582 ἐπιϐῆναι
3634 1511 3727 1565 τοῦ
3767 1512 4014 1582 τείχους,

2431 1594 2479 1666 [Ι
2500 1596 2583 1668 19]
2624 1598 2719 1652 καὶ
2747 1599 2874 1662 τοὺς
2914 1599 3223 1671 βαρϐάρους
3261 1603 3409 1665 ἰδεῖν,
3456 1604 3549 1657 καὶ
3582 1603 3683 1674 τῆς
3714 1605 3853 1673 ἀρᾶς
3881 1620 4011 1657 κατ’

2430 1686 2609 1740 αὐτῶν
2652 1688 2871 1758 ἀφιέναι
2904 1691 2972 1743 τὰ
3019 1690 3170 1761 βέλη.
3222 1692 3384 1756 Είξας
3426 1693 3490 1763 δὴ
3531 1689 3623 1746 οἷν
3655 1694 3684 1745 ὁ
3717 1693 4005 1755 θεσπέσιος

2428 1779 2733 1850 ἄνθρωπος,
2770 1782 2939 1852 ἀνέϐη
2978 1782 3077 1852 μὲν
3107 1785 3188 1848 εἰς
3212 1801 3332 1838 τινα
3362 1784 3568 1857 πύργον
3594 1800 3608 1815 ⁸
3643 1784 3704 1837 τὸ
3725 1784 3781 1837 δὲ
3810 1784 4006 1853 μυρίον

2428 1871 2628 1942 πλῆθος
2661 1871 2801 1936 ἰδὼν,
2837 1872 3006 1946 ἄλλην
3048 1875 3147 1945 μὲν
3192 1876 3293 1929 οὐκ
3326 1876 3537 1946 ἀφῆκεν
3567 1875 3730 1947 ἀρὰν,
3768 1878 4006 1939 σκνῖπας

2424 1963 2482 2015 δὲ
2533 1964 2715 2028 αὐτοῖς
2770 1965 3031 2039 ἐξῄτησεν
3088 1966 3499 2039 ἐπιπεμφθῆναι
3554 1967 3651 2021 καὶ
3707 1967 4005 2030 κώνωπας,

2424 2055 2566 2109 ὥστε
2595 2056 2796 2111 καὶδιά
2818 2058 2928 2111 τῶν
2954 2058 3167 2129 μικρῶν
3192 2059 3441 2128 ζωῦφίων
3477 2058 3573 2112 τοῦ
3608 2058 3792 2127 σφίσιν
3827 2060 4006 2129 ἐπαρ-

2424 2147 2650 2212 κοῦντος
2684 2150 2982 2217 ἐπιγνῶναι
3012 2151 3110 2220 τὴν
3145 2151 3398 2221 δύναμιν.
3433 2152 3634 2205 Εἵπετο
3678 2150 3734 2203 δὲ
3767 2153 3833 2220 τῇ
3863 2150 4002 2222 εὐχῇ

2424 2240 2533 2293 τῶν
2564 2241 2808 2294 σκνιπῶν
2842 2241 3075 2296 καὶτῶν
3124 2243 3406 2297 κωνώπων
3439 2244 3506 2298 τά
3552 2246 3719 2315 νέφη·
3759 2244 3855 2296 καὶ
3890 2242 4004 2295 τῶν

2428 2330 2526 2401 μὲν
2558 2330 2870 2399 ἐλεφάντων
2908 2334 3007 2398 τὰς
3039 2336 3377 2407 προνομαίας
3403 2336 3448 2368 ³⁵
3498 2336 3793 2399 αὖλοειδεϊς
3824 2353 4003 2404 πεφυ-

2421 2422 2579 2488 κυίας
2610 2423 2871 2496 ἐπλήρου,
2903 2426 3011 2479 τῶν
3040 2428 3095 2481 δὲ
3131 2429 3334 2496 ἵππων,
3369 2428 3462 2483 καὶ
3506 2428 3615 2483 τῶν
3659 2429 3835 2483 ἄλλων
3862 2446 4001 2499 κτηφ

2426 2517 2554 2583 νῶν,
2586 2518 2653 2573 τά
2683 2535 2741 2571 τε
2768 2512 2882 2575 ὦτα
2908 2520 3124 2585 καὶτὰς
3151 2523 3323 2592 ῥῖνας.
3354 2521 3417 2575 Ol
3445 2521 3500 2575 δὲ
3532 2522 3718 2592 φέρειν
3748 2522 3809 2574 οὐ
3842 2519 4006 2573 δυνά-

3140 2617 3548 2688 ὲποχουμένους
3630 2618 4001 2687 κατήνεγκαν,

738 2712 840 2781 τήν
891 2730 951 2767 τε
1005 2712 1160 2778 τάξιν
1213 2713 1489 2783 συνέχεον.
1543 2711 1615 2765 Τό
1677 2727 1738 2764 τε
1812 2710 2177 2781 στρατόπεδον
2224 2710 2646 2777 καταλιπόντες,
2698 2708 2901 2779 ἔφυγον
2934 2712 3308 2782 κατακράτος.
3351 2711 3538 2775 Οὕτως
3587 2711 3613 2764 ὁ
3686 2710 4005 2782 τρισάθλιος

742 2804 997 2875 βασιλεὺς
1044 2807 1110 2875 τῇ
1166 2806 1376 2875 σμικρᾷ
1406 2804 1449 2834 ⁸⁷
1505 2803 1601 2857 καὶ
1663 2800 2034 2872 φιλανθρώπῳ
2091 2799 2312 2871 παιδείᾳ
2348 2800 2445 2853 τοῦ
2475 2801 2586 2854 τῶν
2642 2800 3016 2855 εὐσεϐούντων
3097 2801 3555 2873 προμηθουμένου
3631 2802 3768 2855 Θεοῦ
3818 2818 4007 2873 μεμα-

740 2896 924 2967 θηκὼς
950 2897 1048 2968 τὴν
1081 2898 1264 2967 ἰσχὺν,
1290 2895 1577 2962 ἀνέζευξεν
1608 2895 1847 2962 ἐκεῖθεν,
1893 2895 2159 2968 αἰσχύνην
2182 2934 2197 2961 ,
2247 2894 2309 2948 οὐ
2343 2896 2503 2966 νίκην
2523 2936 2538 2962 ,
2571 2896 2637 2949 ὲκ
2663 2895 2762 2966 τῆς
2790 2894 3109 2967 πολιορκίας
3134 2896 3497 2967 δρεψάμενος.

1031 3010 1183 3065 CAP.
1209 3010 1420 3068 xxvu.
1455 3010 1553 3084 [Β.
1584 3011 1663 3067 St.
1700 3011 1799 3067 cn.
1837 3011 1901 3066 v.
1938 3013 2029 3068 δι.

744 3104 815 3160 De
839 3104 1040 3175 synodo
1070 3105 1415 3168 Antiochena,
1467 3115 1670 3175 ecqua:
1699 3106 1771 3158 ibi
1802 3116 1949 3174 gesta
1980 3114 2103 3160 sunt
2127 3114 2313 3162 contra

1248 3185 1491 3229 sanctum
1523 3174 1814 3231 Meletium.

3011 3015 3267 3069 ΚΕΦΑΛ.
3300 3015 3428 3068 KZ'.

2420 3104 2561 3174 Περὶ
2609 3104 2719 3171 τῆς
2762 3103 2833 3159 ἐν
2871 3104 3190 3173 Ἀντιοχείᾳ
3233 3104 3633 3174 γεγενημένης
3691 3106 4003 3173 συνόδου,

2489 3175 2587 3299 rga}
2616 3176 2735 3228 τῶν
2754 3175 2903 3230 κατὰ
2925 3175 3032 3229 τὸν
3082 3174 3253 3245 ἅγιον
3280 3176 3572 3231 Μελέτιον
3610 3177 3815 3233 αὐτόθι
3847 3195 4005 3247 συμ-

2529 3264 2744 3299 αντων.

807 3332 919 3387 lloc
952 3339 1193 3402 tempore
1228 3331 1619 3389 Constantinus
1642 3332 1943 3388 Antiochia:
1973 3333 2310 3388 morabatur.

2490 3336 2648 3391 Κατά
2670 3336 2858 3391 τοῦτον
2874 3337 2929 3391 δὲ
2944 3336 3034 3390 τὸν
3050 3337 3239 3408 χρόνον
3262 3336 3290 3390 δ
3320 3336 3697 3401 Κωνστάντιος
3718 3338 3778 3390 ὲν
3792 3338 3850 3389 Ἀ
3860 3355 4002 3390 ντιο-

737 3428 789 3481 ls
817 3425 998 3495 quiete
1026 3425 1301 3490 restituta,
1329 3432 1383 3479 et
1410 3423 1634 3479 Persico
1682 3424 1823 3480 bello
1876 3423 2147 3488 confecto,
2194 3426 2312 3494 epi-

736 3530 934 3586 scopos
964 3530 1157 3571 rursus
1183 3515 1527 3580 convocavit,
1555 3529 1746 3570 omnes
1786 3523 1898 3569 tum
1940 3514 2006 3568 ad
2038 3514 2308 3583 ejusdem,

735 3617 849 3661 tum
881 3607 944 3661 ad
970 3606 1201 3662 diversae
1231 3607 1554 3662 substantia:
1574 3606 1917 3676 negationem
1949 3606 2308 3676 compellens.

732 3699 979 3756 Eudoxio
995 3712 1195 3761 autem,
1220 3699 1310 3769 qui
1341 3706 1461 3769 post
1481 3697 1763 3754 Leontium
1785 3699 1968 3754 sedem
1993 3700 2136 3753 illam
2160 3700 2315 3753 inva-

732 3801 903 3859 serat,
933 3792 1060 3848 inde
1094 3802 1217 3863 post
1249 3793 1501 3863 espulso,
1547 3801 1601 3847 et
1630 3791 2159 3860 Constantinopolim
2188 3797 2312 3859 post

733 3886 976 3957 synodos
1010 3885 1319 3955 complures
1353 3892 1544 3938 contra
1568 3885 1711 3954 leges
1745 3882 2155 3952 intruso,908
2197 3880 2310 3934 An-

734 3979 989 4033 tiochena
1045 3977 1289 4033 Ecclesia
1352 3985 1575 4047 pastore
1634 3976 1897 4031 destituta
1944 3982 2306 4029 remanserat.

732 4070 888 4126 Tunc
922 4071 1087 4142 igitur
1120 4070 1382 4141 episcopi,
1407 4070 1500 4140 qui
1547 4068 1791 4139 undique
1841 4068 2053 4122 collecti
2085 4065 2305 4136 plurimi

731 4163 976 4227 aderant,
1017 4169 1145 4217 ante
1173 4161 1356 4215 omnia
1403 4168 1679 4230 pastorem
1724 4158 1871 4229 gregi
1910 4157 2304 4228 assignandum

729 4272 854 4310 esse
880 4255 1119 4317 aiebant,
1152 4252 1350 4309 deinde
1387 4268 1492 4306 una
1536 4266 1663 4307 cum
1715 4251 1810 4305 illo
1843 4250 1910 4304 de
1958 4249 2307 4318 degtnatibus

729 4346 1177 4400 consultandum.
1209 4343 1313 4400 Per
1340 4345 1480 4399 idem
1512 4351 1730 4412 tempus
1758 4342 1978 4397 divinus
2012 4340 2264 4396 Meletius
2287 4380 2303 4405 ,

729 4438 1021 4507 cujusdam
1080 4438 1236 4493 urbis
1287 4436 1561 4491 Armeniae
1613 4437 1883 4498 antistes,
1954 4434 2303 4489 subditorum

730 4532 973 4586 offensus
1004 4528 1396 4593 inobedientia,
1416 4528 1524 4582 alio
1552 4542 1611 4583 se
1640 4527 1974 4590 contulerat,
2016 4525 2204 4595 ibique
2249 4526 2302 4579 in

729 4624 841 4677 vtio
889 4622 1139 4691 degebat.
1196 4620 1354 4676 llunc
1400 4620 1589 4674 Ariani
1655 4618 1974 4689 conspirare
2015 4634 2201 4673 secum
2249 4626 2304 4673 ct

726 4716 995 4770 doctrinm
1018 4730 1131 4770 suae
1159 4714 1441 4768 adhaerere
1470 4713 1743 4776 arbitrati,
1774 4712 2059 4783 postulant
2099 4726 2127 4763 a
2161 4710 2305 4765 Con-

730 4807 932 4859 stantio
979 4814 1039 4859 ut
1087 4803 1392 4874 Ecclesiant
1459 4802 1851 4859 Antiochenam
1900 4801 1951 4856 ei
2013 4800 2305 4871 regendam

2420 3429 2542 3501 χείᾳ
2563 3428 2817 3501 διέτριϐε.
2862 3430 3045 3501 Τῆςδὲ
3101 3429 3389 3500 ἀνακωχῆς
3432 3430 3751 3500 γενομένης,
3788 3429 3998 3483 καὶτοῦ

2420 3521 2690 3592 Περσικοῦ
2748 3521 3096 3591 παυσαμένου
3148 3520 3410 3592 πολέμου,
3470 3520 3629 3574 πάλιν
3665 3520 3999 3582 ἐπισκόπους

2420 3613 2767 3684 συνήθροισεν
2799 3613 3097 3683 ἀρνηθῆναι
3112 3612 3317 3675 πάντας
3333 3614 3427 3665 καὶ
3449 3612 3511 3665 τὸ
3525 3611 3806 3683 ὁμοούσιον
3821 3612 3999 3680 ἀναγ-

2417 3704 2621 3768 κάζων,
2640 3703 2733 3756 καὶ
2762 3702 2822 3756 τὸ
2854 3703 3210 3774 ὲτεροούσιον.
3240 3702 3490 3768 Εὑδοξίου
3510 3702 3565 3754 δὲ
3588 3701 3725 3771 μετά
3743 3702 3998 3755 Λεόντιον

2418 3796 2622 3849 ἐκεῖνον
2650 3795 2741 3847 τὸν
2764 3793 2949 3865 θρόνον
2980 3794 3345 3867 ἁρπάσαντος,
3375 3789 3874 3858 εἷταὲξελαθέντος,
3903 3794 3999 3847 καὶ

2422 3888 2557 3958 μετά
2582 3886 2780 3950 πολλὰς
2828 3888 3072 3950 συνόδους
3091 3886 3191 3958 τὴν
3219 3884 3784 3939 Κωνσταντινούπολιν
3812 3902 3996 3956 παρα-

2418 3980 2595 4049 νόμως
2608 3978 3024 4049 κατεσχηκότος,
3039 3982 3070 4049 ἡ
3089 3977 3404 4048 Ἀντιοχέων
3419 3976 3713 4047 Ἐκκλησία
3737 3978 4001 4047 ποιμένος

2414 4071 2690 4142 ἐστέρητο.
2719 4071 2853 4123 Τότε
2897 4070 2961 4142 δὴ
3009 4065 3100 4123 οὖν
3124 4071 3173 4122 οἱ
3218 4068 3635 4140 συνεληλυθότες
3664 4067 3958 4122 ἐπίσκοποι
3979 4107 3997 4131 ,

2413 4162 2598 4215 πολλοὶ
2642 4162 2696 4215 δὲ
2756 4157 2896 4232 ἦσαν
2952 4162 3216 4216 πάντοθεν
3276 4160 3678 4229 συνειλεγμένοι
3699 4161 3765 4224 ³⁸,
3792 4162 3997 4231 χρῆναι

2412 4255 2597 4323 ἔλεγον
2627 4254 2997 4325 προϐληθῆναι
3028 4253 3290 4324 πρότερον
3322 4255 3386 4323 τῇ
3432 4251 3637 4325 ποίμνῃ
3668 4252 3859 4322 νομέα,
3892 4249 3998 4304 εἷθ’

2411 4348 2554 4402 οὕτω
2598 4351 2749 4419 κοινῇ
2783 4349 2881 4401 σὺν
2927 4346 3120 4418 ἐκείνῳ
3180 4346 3307 4417 περὶ
3353 4345 3639 4413 δογμάτων
3698 4344 3997 4415 βουλεύσα-

2414 4440 2555 4494 σθαι.
2584 4441 2719 4495 Κατ’
2744 4443 2950 4495 ἐκεῖνον
2976 4440 3031 4493 δὲ
3057 4440 3148 4493 τὸν
3191 4438 3384 4508 καιρὸν
3440 4438 3701 4501 Μελέτιος
3726 4439 3755 4490 ὁ
3784 4437 3993 4491 θεσπέ-

2414 4549 2527 4596 σιος
2574 4532 2727 4585 πόλιν
2772 4534 2893 4585 τινὰ
2933 4534 3031 4601 τῆς
3074 4529 3365 4600 Ἀρμενίας
3426 4527 3643 4591 ἰθύνων,
3713 4523 3834 4582 εἶτα
3879 4529 3996 4583 τῶν

2411 4624 2733 4693 ἀρχομένων
2778 4623 2840 4676 τὸ
2870 4623 3118 4693 δυσήνιον
3170 4619 3531 4692 δυσχεράνας,
3580 4619 3809 4691 ἡσυχίαν
3852 4616 3993 4691 ἦγεν

2409 4714 2635 4786 ἑτέρωθι
2694 4714 3004 4786 διατρίϐων.
3054 4710 3252 4766 Τοῦτον
3294 4713 3691 4781 ὑπονοήσαντες
3718 4713 3762 4744 ³⁸
3803 4714 3854 4766 οἱ
3888 4713 3992 4782 τῆς

2415 4808 2625 4879 Ἀρείου
2656 4808 2961 4879 συμμορίας
2986 4808 3264 4877 ὁμόφρονα
3287 4801 3448 4870 εἶναι,
3478 4806 3571 4859 καὶ
3600 4804 3858 4859 κοινωνὸν
3879 4805 3992 4858 τῶν

729 4895 1058 4947 committat.
1101 4892 1315 4948 Nullam
1376 4894 1579 4964 quippe
1645 4894 1817 4963 legem
1884 4907 1994 4947 non
2046 4891 2309 4947 audacter

2415 4899 2710 4969 δογμάτων,
2769 4898 3035 4970 έξῄτησαν
3065 4900 3156 4953 τὸν
3217 4898 3595 4953 Κωνστάντιον
3652 4896 3830 4965 τούτῳ
3887 4898 3991 4963 τῆς

729 4984 1030 5047 violabant,
1057 4984 1186 5038 dum
1219 4985 1551 5054 impietatem
1575 4984 1823 5039 stabilire
1844 4983 2090 5047 student,
2116 4981 2309 5037 funda-

731 5085 1082 5146 mentumque
1129 5076 1237 5131 illis
1275 5084 1391 5131 erat
1444 5076 1794 5143 blasphemia:
1820 5074 2026 5145 juriutn
2063 5075 2306 5127 omnium

730 5167 1113 5237 transgressio.
1152 5167 1317 5220 Multa
1346 5167 1492 5222 enim
1532 5167 1807 5237 ejusmodi
1837 5166 2027 5220 multis
2076 5166 2129 5220 in
2158 5166 2299 5221 locis

728 5270 1017 5321 novarunt.
1042 5262 1079 5313 Α
1090 5261 1475 5331 postolicorum
1494 5276 1624 5316 vero
1638 5259 1892 5331 dogmatu
1904 5275 1952 5313 m
1978 5267 2298 5323 sectatores,

727 5352 927 5414 quibus
964 5355 1140 5422 magni
1172 5353 1369 5408 Melctii
1394 5361 1448 5407 ct
1481 5353 1689 5407 sanitas
1744 5352 2036 5415 doetrinze,
2094 5362 2147 5405 ct
2180 5352 2300 5406 vita:

729 5451 985 5508 praeterea
1014 5444 1258 5508 claritas,
1285 5443 1615 5514 virtutisque
1644 5442 1923 5512 opulentia
1963 5442 2122 5513 plane
2173 5458 2298 5513 pcr-

2418 4989 2734 5059 Ἀντιοχέων
2764 4989 3087 5059 Ἐκκλησίας
3120 4988 3452 5060 παραδοῦναι
3472 4988 3570 5052 τὰς
3597 4988 3773 5058 ἡνίας.
3798 4988 3989 5042 Πάντα

2407 5082 2515 5154 γὰρ
2538 5084 2701 5153 νόμον
2737 5081 3067 5153 παρέϐαινον
3096 5082 3287 5148 ἀδεῶς,
3333 5080 3596 5154 κρατῦναι
3654 5078 3989 5152 πειρώμενοι

2406 5174 2503 5243 τὴν
2535 5172 2788 5225 ἀσέϐειαν
2812 5187 2828 5203 ·
2875 5172 2970 5224 καὶ
3008 5173 3116 5226 τῶν
3151 5171 3369 5243 θεσμῶν
3405 5173 3437 5241 ἡ
3478 5169 3789 5241 παράϐασις
3850 5170 3989 5222 ὑπο-

2407 5264 2583 5333 ϐάθρα
2642 5263 2740 5331 τῆς
2800 5263 3147 5333 βλασφημίας
3201 5264 3411 5332 ἐγίνετο
3479 5260 3656 5315 ῐιολλά
3677 5260 3736 5313 δὲ
3758 5259 3991 5315 τοιαῦτα

2409 5352 2672 5423 πολλαχοῦ
2711 5354 2813 5424 γῆς
2874 5355 3238 5423 ἐνεόχμωσαν.
3288 5355 3348 5406 0i
3377 5354 3432 5407 δὲ
3471 5352 3578 5406 τῶν
3610 5350 3991 5407 ἀποστολικιῖνι

2408 5445 2755 5516 ἀντεχόμενοι
2796 5445 3102 5516 δογμάτων,
3154 5444 3249 5497 τοῦ
3291 5444 3527 5516 μεγάλου
3571 5442 3834 5498 Μελετίου
3892 5441 3991 5494 καὶ

1966 5618 2201 5675 VARI/1‘3
2258 5618 2661 5675 LECTIONES.

824 5736 863 5766 ⁵⁸
892 5736 999 5788 τῶν
1040 5735 1320 5805 Ῥωμαίων
1351 5736 1437 5788 τὸν
1463 5735 1706 5801 βασιλέα.
1738 5734 1922 5788 Iidem.

729 5820 850 5861 Cum
878 5807 1062 5879 Steph.
1144 5810 1185 5837 ""
1211 5808 1554 5877 συνηγμένοι.
1593 5806 1710 5861 Βλδ.
1750 5806 1919 5861 Graec.

2022 5736 2064 5765 ³⁸
2101 5734 2415 5803 προνομίας.
2448 5734 2632 5790 Iidem.

2002 5807 2043 5835 ³³
2081 5806 2566 5877 ’Υπυτοττήσοιντις¹
2604 5806 2725 5863 Bas.
2757 5806 2927 5862 (iure.
2964 5818 3011 5864 et
3059 5810 3246 5878 Steph.
3292 5811 3336 5864 i.

2737 5736 2794 5811 3':
2810 5738 2899 5788 καὶ
2928 5736 3076 5790 addit
3112 5738 3233 5811 Bas.
3260 5737 3433 5793 (ἐι-ξιτ.
3515 5740 3555 5769 ³⁷
3590 5739 3781 5811 μικρᾷ·
3829 5738 3984 5796 Μειὲ
