4218 6456
185 387 316 451 1081

1171 396 1757 459 ECCLESIASTICB
1793 402 2171 469 lllSTORLB
2202 410 2343 469 LIB.
2386 409 2465 467 ll.

3304 402 3438 469 1082

181 508 277 574 τὴν
308 509 370 558 ὲν
394 509 504 570 τοῖς
540 506 811 577 δόγμασιν
863 507 1049 577 ὑγείαν
1080 509 1297 573 είδότες,
1324 512 1417 564 καί
1448 513 1544 583 μὲν
1572 513 1636 584 δὴ
1661 513 1753 565 καὶ

1860 528 2044 586 specta
2079 529 2220 585 erat,
2257 518 2537 589 sulfragati
2570 527 2718 580 sunt,
2770 516 3166 584 decretumque
3195 516 3437 585 perscri-

176 598 279 667 τὴν
304 597 404 651 τοῦ
433 598 547 668 βίου
577 599 957 670 λαμπρότητα,
990 601 1085 654 καὶ
1107 602 1206 670 τῆς
1240 603 1438 673 ἀρετῆς
1466 603 1558 656 τδν
1590 604 1752 657 πλού-

177 705 270 741 τον
296 690 490 759 σαφῶς
522 692 897 763 ἐπιστάμενοι,
942 693 1399 764 συνεψηφίσαντο,
1436 697 1531 749 καὶ
1557 696 1615 747 τὺ
1636 697 1745 767 ψή-

180 797 363 850 φισμα
395 784 694 853 γραφῆναι,
750 788 844 838 καὶ
898 785 1047 859 παρά
1095 788 1310 840 πάντων
1372 788 1757 859 ὑπογραφῆναι

180 871 321 936 μετά
353 873 613 944 πλείστης
638 878 719 929 ὄτι
749 876 985 944 μάλιστα
1020 878 1258 946 σπουδῆς
1312 880 1754 949 παρεσκεύασαν.

177 964 353 1019 Τοῦτο
384 966 439 1018 δέ
471 984 533 1034 γε
564 969 656 1021 καὶ
696 961 841 1022 οὗτοι
877 971 1137 1035 κάκεῖνοι,
1187 966 1297 1024 οἷόν
1330 990 1451 1025 τινα
1486 973 1759 1044 συνθήκην

177 1056 389 1126 κοινὴν,
420 1058 662 1129 Εὑσεδίῳ
689 1060 765 1129 τῷ
796 1062 1124 1131 Σαμοσάτων
1161 1064 1441 1131 έπισκόπῳ
1474 1065 1760 1133 φυλάττειν

174 1148 414 1207 ἔδοσαν.
475 1151 627 1219 ἀνδρὶ
688 1154 918 1223 γενναίῳ
985 1154 1082 1223 τῆς
1149 1154 1408 1225 ἀληθείας
1458 1156 1755 1227 ἀγωνιστῇ.

186 1239 412 1311 Ἐπειδὴ
440 1242 498 1294 δὲ
521 1242 803 1314 βασιλικὴν
834 1245 1124 1315 δεξάμενος
1155 1247 1346 1317 κλῆσιν
1374 1244 1510 1320 ἧκεν
1538 1251 1566 1301 ό
1587 1250 1760 1319 μέγας

174 1330 464 1393 Μελέτιος,
518 1333 834 1405 ὑπήντησαν
866 1336 965 1405 μὲν
1003 1336 1241 1401 ἅπαντες
1271 1340 1319 1392 oi
1350 1344 1447 1408 τῆς
1486 1341 1757 1412 ἀρχιερω-

176 1420 347 1491 σύνης
376 1423 431 1453 ⁸⁸
466 1425 863 1494 μετειληχότες,
918 1428 1233 1498 ὑπήντησαν
1272 1429 1328 1483 δὲ
1377 1432 1471 1484 καὶ
1514 1434 1563 1484 oi
1608 1432 1759 1487 ἄλλοι

170 1514 272 1582 τῆς
302 1516 603 1583 ἐκκλησίας
634 1518 805 1588 χοροὶ,
837 1519 930 1571 καὶ
960 1519 1108 1572 ἆπαν
1136 1522 1196 1573 τὸ
1223 1523 1322 1591 τῆς
1354 1524 1561 1587 πόλεως
1624 1526 1758 1593 τελῆ-

172 1605 267 1669 Θος
296 1620 310 1634 ·
362 1608 619 1678 παρῆσαν
649 1609 705 1662 δὲ
749 1610 843 1663 καὶ
880 1611 1118 1665 Ἰουδαῖοι
1172 1613 1264 1665 καὶ
1321 1614 1614 1683 Ἕλληνες,
1664 1618 1755 1669 τὸν

172 1698 582 1767 πολυθρύλητον
619 1701 742 1754 ίδεῖν
773 1702 1031 1755 Μελέτιον
1073 1704 1425 1774 ίμειρόμενοι.
1472 1707 1530 1758 ’0
1558 1707 1611 1761 δὲ
1656 1708 1750 1777 βαο

172 1789 362 1852 σιλεὺς
388 1792 480 1843 καὶ
524 1792 673 1861 αὑτῷ
696 1795 790 1847 καὶ
819 1797 929 1857 τοῖς
963 1794 1159 1859 ἄλλοις.
1188 1798 1237 1851 οἳ
1263 1797 1441 1865 λέγειν
1469 1799 1749 1869 ἠδύναντο,

170 1879 231 1933 τό
256 1895 274 1911 ⁸
320 1900 339 1931 ι
371 1881 575 1953 Κύριος
604 1884 783 1939 ἔκτισέ
815 1903 879 1956 με
922 1887 1094 1960 ἀρχὴν
1125 1890 1258 1943 ὁδῶν
1295 1890 1459 1945 αὑτοῦ
1492 1894 1572 1954 είς
1615 1892 1751 1962 ἔργα
1790 1870 1828 1923 Β

171 1972 363 2035 αὑτοῦ,
395 1994 413 2025 ι
459 1976 852 2047 παρηγγύησεν
898 1980 1197 2047 ἀναπτύξαι
1231 1981 1308 2052 τῷ
1342 1982 1555 2052 πλήθει.
1615 1986 1753 2049 Τοὺς

169 2064 223 2117 δὲ
241 2064 287 2095 ⁸³
316 2066 554 2134 γράφειν
576 2069 1038 2141 πεπαιδευμένους
1062 2073 1139 2135 είς
1170 2072 1332 2143 τάχος
1354 2074 1559 2143 γράψαι
1585 2092 1751 2146 προσ-

170 2157 328 2223 έταξε
387 2159 453 2212 τὰ
514 2162 645 2232 παρ’
711 2162 943 2216 ἑκάστου
996 2163 1298 2235 λεγόμενα,
1355 2166 1749 2237 ἀκριϐεστέραν

168 2249 393 2304 ἔσεσθαι
418 2252 589 2326 ταύτῃ
613 2253 710 2325 τὴν
737 2254 1081 2310 διδασκαλίαν
1115 2257 1425 2312 ὑπολαϐών.
1464 2261 1573 2312 Kal.
1595 2261 1746 2331 πρῶ-

167 2360 259 2406 τος
294 2346 395 2413 μὲν
420 2347 447 2398 ό
472 2347 791 2411 Λαοδικείας
834 2348 1105 2419 Γεώργιος
1156 2352 1255 2423 τὴν
1292 2352 1573 2423 αίρετικήν
1621 2354 1746 2425 ἑξή-

170 2454 308 2504 μισε
347 2438 665 2510 δυσοσμίαν.
701 2440 855 2495 Μετὰ
883 2442 937 2496 δὲ
960 2442 1147 2497 τοῦτον
1186 2445 1439 2509 ’Δκάκιος
1472 2446 1499 2499 ὁ
1535 2448 1747 2501 Καισα-

170 2529 345 2596 ρείας,
386 2530 560 2603 μέσην
586 2532 704 2586 τινὰ
728 2534 1077 2587 διδασκαλίαν
1108 2536 1475 2607 προσήνεγκε,
1498 2537 1747 2592 πλεῖστον

170 2624 271 2691 μὲν
310 2626 437 2677 ὅσον
465 2626 561 2693 τῆς
597 2626 820 2679 ἐκείνων
849 2625 1197 2698 βλασφημίας
1224 2628 1616 2698 ἀφεστηκυῖαν,
1648 2630 1746 2684 οὑκ

166 2716 454 2787 ἀκραιφνῆ
497 2718 553 2771 δὲ
591 2718 685 2772 καὶ
741 2718 997 2788 ἀκέραιον
1029 2720 1119 2773 τὸν
1157 2720 1513 2774 ἀποστολικὸν
1572 2740 1745 2793 χαρα-

166 2808 352 2877 κτῆρα
374 2809 767 2876 φυλάττουσαν.
795 2809 986 2882 Τρίτον
1011 2812 1039 2864 ό
1062 2812 1233 2881 μέγας
1261 2812 1460 2881 ἀνέστη
1484 2814 1748 2877 Μελέτιος

167 2900 264 2952 καὶ
301 2900 395 2953 τοῦ
430 2901 530 2969 τῆς
576 2901 852 2971 θεολογίας
900 2904 1125 2965 κανόνος
1180 2903 1425 2970 ὑπέδειξε
1455 2904 1552 2973 τὴν
1590 2905 1747 2958 εὑθύ-

165 3010 329 3059 τητα.
359 2988 483 3045 Οἷον
508 2994 614 3063 γάρ
636 3011 739 3047 τινι
778 2993 993 3066 στάθμῃ
1025 2995 1089 3063 τῇ
1127 2994 1353 3065 ἀληθείᾳ
1381 2996 1743 3066 χρησάμενος,

166 3086 263 3135 καὶ
288 3084 351 3137 τὸ
383 3085 633 3153 περιττὸν
668 3086 762 3138 καὶ
789 3086 848 3138 τὸ
878 3086 1120 3138 ἐλλεῖπον
1147 3086 1422 3154 διέφυγεν,
1466 3087 1745 3157 εὐφημίας

163 3176 221 3228 δὲ
252 3176 516 3247 πλείστης
544 3176 693 3246 παρά
722 3178 816 3231 τοῦ
856 3178 1092 3248 πλήθους
1126 3177 1602 3250 προσφερομένης,
1651 3181 1745 3233 καὶ

166 3269 437 3338 σύντομον
470 3268 650 3332 αὑτοῖς
686 3274 1073 3340 προσενεγκεῖν
1122 3270 1543 3324 ἀντιϐολούντων
1602 3270 1747 3324 διδα-

166 3358 423 3424 σκαλίαν,
459 3362 606 3430 τρεῖς
642 3359 927 3425 ὑποδείξας
984 3360 1296 3425 δακτύλους,
1333 3357 1449 3414 εἶτα
1503 3362 1628 3425 τοὺς
1654 3362 1746 3415 δύο

167 3450 514 3520 συναγαγὼν,
544 3452 636 3505 καὶ
662 3451 752 3505 τὸν
794 3452 893 3505 ἕνα
924 3450 1261 3515 καταλιπὼν,
1294 3451 1391 3519 τὴν
1434 3450 1745 3514 ἀξιέπαινον

164 3545 386 3613 ἐκείνην
414 3545 591 3614 ἀφῆκε
626 3545 837 3615 φωνήνο
864 3545 1004 3615 Τρία
1036 3545 1105 3598 τὰ
1150 3542 1434 3613 νοούμενα,
1462 3543 1537 3607 ὡς
1580 3545 1659 3597 ἑνὶ
1685 3542 1743 3597 δὲ

163 3636 550 3707 διαλεγόμεθα.
587 3636 744 3690 Κατά
792 3635 994 3708 ταύτης
1051 3636 1148 3707 τῆς
1187 3636 1534 3700 διδασκαλίας
1570 3638 1618 3690 oi
1648 3636 1745 3708 τὴν

175 3728 392 3797 Ἀρείου
428 3728 582 3780 νόσον
609 3728 666 3781 ὲν
697 3729 762 3798 τῇ
791 3727 936 3798 ψυχῇ
978 3727 1231 3797 φέροντες
1255 3728 1321 3792 ⁸⁸,
1358 3727 1457 3790 τὰς
1490 3725 1739 3795 γλώττας

162 3818 426 3886 ἐκίνησαν
448 3818 511 3882 ⁸³,
540 3820 633 3872 καὶ
657 3819 1017 3887 συκοφαντίαν
1044 3818 1335 3886 ἐξύφηναν,
1357 3818 1424 3871 τὰ
1455 3818 1742 3871 Σαδελλίου

162 3913 387 3981 φρονεῖν
424 3910 515 3961 τὸν
547 3911 687 3963 θεῖον
745 3910 1026 3981 εἰρηκότες
1065 3910 1345 3975 Μελέτιον,
1383 3913 1477 3963 καὶ
1521 3910 1745 3964 ἔπεισάν

161 4019 223 4068 γε
256 4002 353 4053 τὸν
382 3998 605 4071 εὔριπον
632 4000 860 4064 ἐκεῖνον,
896 3999 991 4051 καὶ
1020 4000 1145 4070 τῇδε
1170 4002 1394 4052 κάκεῖσε
1424 4000 1621 4070 ῥαδίως
1648 4017 1744 4067 φε-

165 4091 419 4163 ρόμενον,
448 4091 541 4143 καὶ
566 4088 982 4160 παρεσκεύασαν
1012 4091 1088 4152 εἰς
1110 4089 1208 4159 τὴν
1237 4088 1448 4141 οἰκείαν
1494 4088 1747 4159 ἐξοστρα-

164 4183 319 4235 κίσαι
351 4182 605 4253 πατρίδα.
634 4181 744 4235 Καὶ
772 4181 1086 4252 παραυτίκα
1116 4179 1357 4243 Εύζὼἳον
1386 4180 1500 4233 ἀντ’
1534 4180 1745 4233 ἐκείνου

165 4272 606 4343 προὺὀάλοντοδδ
644 4313 659 4336 ,
716 4273 970 4342 προφανῆ
1025 4271 1136 4324 τῶν
1193 4271 1407 4342 Ἀρείου
1458 4270 1746 4340 δογμάτων

164 4366 508 4435 συνήγορον·
569 4364 667 4417 σὺν
696 4364 892 4434 Ἀρείῳ
922 4362 1031 4433 γὰρ
1080 4362 1176 4417 καὶ
1224 4362 1413 4416 τοῦτον
1470 4362 1747 4428 διακονίας

165 4454 515 4525 ὴξιωμένονό
540 4455 712 4525 μέγας
753 4454 1098 4527 Ἀλέξανδρος
1143 4454 1511 4525 ἀπεκήρυξεν.
1567 4454 1745 4519 Εὑθὺς

161 4546 229 4618 δὴ
261 4547 416 4617 γοῦν,
448 4546 508 4601 τὸ
534 4548 773 4615 ὑγιαῖνον
816 4547 1018 4619 πλῆθος
1066 4546 1161 4600 τοῦ
1193 4546 1291 4617 τὴν
1327 4546 1479 4600 νόσον
1495 4546 1539 4581 ⁸⁵
1574 4548 1741 4600 εἰσδε-
1772 4587 1821 4647 D

162 4642 433 4713 δεγμένου
484 4641 806 4712 ἀποκριθὲν,
854 4641 935 4704 είς
976 4640 1075 4711 τὴν
1108 4640 1469 4711 ἀποστολικὴν
1515 4640 1744 4712 Ἐκκλη-

168 4731 291 4784 σίαν
312 4730 414 4801 τὴν
434 4730 491 4783 έν
514 4734 580 4801 τῇ
613 4730 921 4803 καλουμένῃ
953 4731 1165 4802 Παλαιᾷ
1186 4731 1536 4802 διακειμένην
1554 4732 1742 4804 ἡθροί-

167 4827 345 4889 ζοντο.
372 4824 681 4893 Τριάκοντα
738 4826 836 4895 μὲν
875 4826 986 4897 γὰρ
1016 4824 1112 4897 ἐτη
1153 4825 1293 4895 μετά
1325 4843 1389 4895 γε
1411 4824 1458 4856 ⁸⁸
1492 4826 1590 4889 τὰς
1624 4826 1743 4879 κατ’

167 4914 471 4969 Εὑσταθίου
497 4915 592 4969 τοῦ
632 4918 989 4988 πανευφήμου
1025 4917 1397 4989 γεγενημένας
1452 4919 1743 4983 ἐπιϐουλὰς

162 5004 476 5059 διετέλεσαν
502 5047 515 5071 ,
555 5008 652 5078 τῆς
699 5007 1037 5079 Ἀρειανικῆς
1072 5010 1388 5080 ἀνεχόμενοι
1438 5011 1738 5081 βδελυρίας,

170 5096 262 5149 καὶ
294 5100 538 5168 χρηστήν
562 5116 680 5151 τινα
707 5100 1007 5170 μεταϐολὴν
1039 5102 1482 5173 προσδεχόμενοι.
1517 5104 1737 5175 Ἐπειδὴ

167 5190 223 5243 δὲ
248 5183 392 5243 εἶδον
414 5190 514 5261 τὴν
538 5191 793 5246 ἀσέόειαν
828 5196 955 5263 παρ’
981 5194 1165 5258 αὑτοῖς
1211 5194 1608 5268 αὐξανομένην,
1647 5198 1742 5249 καὶ

244 5346 261 5386 ι
297 5344 470 5402 Prov.
512 5359 635 5411 vIu,
672 5346 766 5403 22.

1865 608 2098 663 bcudum
2128 618 2180 663 et
2213 612 2280 664 ab
2334 609 2591 664 omnibus
2624 604 3083 661 subscribendum
3131 604 3438 673 diligentis-

1860 702 1996 755 sime
2020 708 2323 763 curarunt,
2387 701 2549 770 idque
2609 706 2723 752 tum
2776 697 2872 759 hi.
2940 708 3052 751 tum
3109 695 3229 757 illi.
3292 696 3438 749 velut

1861 807 2152 846 commune
2184 802 2425 862 pactum.
2453 791 2687 846 Eusebio
2724 788 3097 846 Samosatensi
3145 787 3433 857 episcopo,

1861 886 2101 952 glorioso
2131 885 2349 954 pietatis
2380 884 2617 947 athletae,
2644 880 3036 937 asservandum
3082 878 3438 934 commenda-

1862 987 2009 1032 runt.
2069 979 2172 1034 Ubi
2206 993 2337 1033 vero
2371 978 2439 1031 ab
2504 976 2833 1045 imperatore
2878 974 3090 1029 accitus
3129 971 3437 1026 adventavit

1862 1084 2091 1137 magnus
2125 1069 2393 1129 Meletius,
2434 1066 2652 1123 obviam
2706 1078 3027 1135 processere
3060 1074 3253 1115 omnes
3290 1075 3429 1130 pon-

1861 1160 2057 1222 tilices,
2094 1175 2414 1230 processere
2442 1167 2496 1214 et
2548 1159 2639 1213 alii
2698 1158 2921 1213 ordines
2969 1154 3350 1215 ecclesiastici,
3381 1160 3437 1208 et

1860 1253 2114 1307 universa
2138 1252 2339 1305 civium
2365 1252 2693 1306 multitudo:
2720 1250 3055 1317 aderantque
3073 1249 3234 1301 etiam
3260 1244 3434 1300 Judaei

1860 1362 1923 1401 ac
1950 1344 2646 1414 gentiles,celeberrimum
2703 1343 2981 1397 Melctium
3032 1338 3217 1394 videre
3272 1338 3438 1407 gesti-

1859 1448 2033 1493 entes.
2079 1438 2383 1505 lmperator
2428 1444 2611 1490 autem
2640 1436 2806 1505 909
2837 1444 2889 1489 et
2936 1434 3141 1503 ipsum,
3188 1440 3242 1486 et
3275 1430 3434 1491 alios.

1859 1530 1954 1598 qui
2015 1527 2235 1581 dicendi
2294 1526 2563 1581 facultate
2624 1526 2900 1585 valebant.
2938 1527 2954 1543 ‘
3008 1522 3311 1585 adutonuit,
3378 1528 3439 1574 ut

1864 1618 2064 1688 popqu
2103 1616 2428 1671 sententiam
2481 1617 2628 1670 illam
2682 1616 3056 1684 explicarent:
3116 1632 3134 1665 ι
3174 1613 3437 1667 Dominus

1868 1708 2073 1761 creavit
2106 1723 2190 1761 me
2221 1707 2434 1760 initium
2465 1706 2672 1758 viarum
2702 1720 2924 1759 suarum
2950 1704 3014 1757 ad
3041 1717 3205 1772 opera
3228 1718 3325 1756 sua
3354 1698 3431 1766 ³,»

1866 1809 1919 1855 et
1960 1799 2200 1854 notarios
2230 1798 2560 1853 exercitatos
2600 1812 2663 1851 ea
2706 1798 2959 1867 excipere
3012 1796 3177 1865 jussit
3225 1809 3347 1864 qua:
3404 1808 3433 1846 ιι

1861 1894 2094 1963 singulis
2129 1891 2462 1957 dicerentur,
2494 1889 2574 1944 sic
2617 1888 2855 1943 futurum
2894 1889 3124 1943 credens
3161 1895 3215 1940 ut
3270 1901 3436 1940 accu-

1860 1985 2116 2039 ratiorem
2142 1982 2447 2036 doctrinam
2472 1987 2874 2049 expromerent.
2910 1978 2984 2032 Ac
3016 1980 3188 2044 primo
3215 1976 3433 2048 quidem

1859 2074 2125 2143 Georgius
2175 2071 2513 2125 Laodicenus
2573 2084 2733 2139 grave
2789 2070 2943 2123 olens
3002 2068 3225 2123 hmresis
3285 2070 3436 2122 virus

1856 2166 2121 2223 evomuit.
2174 2162 2301 2219 Post
2355 2163 2501 2217 hunc
2556 2162 2791 2217 Aeacius
2841 2162 3133 2231 cpiseOpus
3178 2161 3438 2215 Caesareae

1858 2259 2089 2314 mediam
2109 2257 2412 2312 doctrinam
2436 2258 2683 2327 protulit.
2712 2256 2869 2325 longe
2886 2253 3103 2325 quidem
3126 2255 3193 2308 ab
3217 2254 3433 2309 illorum

1857 2351 2195 2420 blasphemia
2226 2350 2497 2414 dissitam,
2528 2364 2665 2419 puro
2697 2358 2877 2403 tamen
2942 2363 3004 2403 ac
3050 2348 3267 2403 sincero
3304 2361 3435 2414 apo-

1857 2445 2055 2500 stolico
2099 2442 2401 2498 charactcri
2464 2442 2690 2497 minime
2746 2449 3157 2511 congruentem.
3212 2438 3433 2493 Tertius

1856 2538 2096 2595 surrexit
2132 2552 2360 2606 magnus
2406 2534 2690 2598 Mcletius,
2752 2544 2806 2589 et
2863 2533 3177 2603 theologicae
3222 2532 3429 2603 regula:

1856 2626 2519 2683 rectitudiuemoslendit.
2575 2625 2708 2680 Nam
2739 2622 2804 2678 ad
2856 2624 3103 2679 veritatis
3161 2622 3429 2677 amussim

1854 2723 2038 2778 omnia
2098 2721 2379 2791 dirigens,
2434 2734 2503 2773 ne
2551 2718 2671 2788 plus
2722 2718 2973 2771 minusve
3026 2713 3154 2786 quid
3223 2714 3434 2769 diceret

1855 2814 2131 2868 devitavit.
2166 2810 2569 2867 Acclamatione
2599 2817 2781 2865 autem
2809 2808 2989 2879 populi
3033 2806 3265 2860 maxima
3299 2820 3433 2859 con-

1856 2914 2064 2968 secuta,
2116 2918 2238 2959 cum
2280 2912 2587 2973 rogaretur,
2630 2908 2690 2955 ut
2730 2899 3039 2954 doctrinam
3094 2897 3231 2967 ipsis
3282 2896 3431 2951 brevi
3526 2900 3539 2909 ‘

1855 2996 2178 3066 compendio
2233 2994 2492 3059 traderet,
2564 3002 2677 3047 tres
2731 2991 2934 3063 digitos
2984 2989 3244 3054 ostendit,
3313 2998 3428 3041 tum

1855 3089 2072 3144 duobus
2106 3087 2465 3157 compressis,
2495 3094 2550 3140 et
2581 3100 2691 3139 uno
2719 3091 2949 3139 extenso
2981 3083 3191 3142 relicto.
3220 3095 3428 3134 memo-

1858 3183 2083 3237 rahilem
2143 3180 2288 3235 illam
2343 3195 2527 3234 vocem
2582 3178 2812 3249 protulit
2859 3196 2873 3233 :
2939 3174 3066 3230 Tria
3120 3182 3251 3230 sunt
3308 3188 3433 3243 quae

1854 3274 2255 3342 intelliguntur,
2285 3269 2381 3325 sed
2411 3278 2670 3340 tauquam
2708 3283 2877 3322 unum
2921 3266 3271 3336 alloquimur.
3315 3264 3431 3317 Ad-

1850 3379 2042 3419 versus
2070 3361 2207 3415 hanc
2231 3359 2536 3414 doctrinam
2571 3358 2603 3412 ii
2668 3372 2903 3429 quorum
2956 3356 3169 3411 animos
3220 3353 3427 3408 Ariana

1850 3454 1999 3510 labes
2025 3452 2311 3514 infecerat,
2343 3451 2555 3521 linguas
2579 3456 2941 3515 exacuerunt,
2981 3448 3427 3514 calumniamque

1849 3549 1961 3603 orsi
1991 3554 2139 3607 sunt,
2168 3560 2292 3599 cum
2339 3543 2578 3597 Sabellio
2622 3542 2828 3598 sentire
2854 3540 3100 3595 divinum
3146 3539 3419 3593 Meletium

1848 3639 2173 3710 garrientes,
2200 3635 2375 3691 ethoc
2401 3634 2592 3703 euripo
2612 3632 2713 3699 illi,
2746 3632 2837 3703 qui
2866 3632 2972 3685 huc
3004 3630 3244 3700 illucque
3268 3629 3428 3685 facile

1850 3731 2250 3802 impellebatur,
2292 3734 2707 3799 persuaserunt,
2737 3734 3075 3796 egeruutque
3115 3733 3174 3777 ut
3212 3738 3335 3777 eum
3368 3721 3424 3774 iu

1847 3821 2079 3893 patriam
2119 3833 2272 3875 suam
2304 3818 2588 3887 relcgarct.
2631 3814 2938 3883 Statimque
2988 3812 3251 3867 Euzoium
3309 3809 3430 3876 ejus

1846 3916 1970 3972 loco
1992 3914 2380 3985 subrogarunt,
2403 3908 2749 3963 manifestum
2768 3907 3093 3960 Arianorum
3114 3904 3427 3972 dogmatqu

1849 4006 2232 4061 defensorem:
2288 4003 2434 4056 hunc
2477 4000 2680 4070 quippe
2745 3999 2924 4068 ipsum
2978 4011 3207 4067 magnus
3264 3992 3431 4063 910

1848 4096 2157 4153 Alexander
2206 4108 2314 4148 una
2365 4106 2489 4146 cum
2556 4092 2687 4144 Ario
2749 4088 3073 4142 damnatum
3131 4086 3426 4140 diacouatu

1847 4188 2113 4259 privarat.
2157 4184 2280 4239 Mox
2330 4183 2497 4251 igitur
2529 4196 2662 4237 sana
2700 4196 2829 4251 pars
2866 4178 3075 4249 pepuli,
3133 4177 3201 4231 ab
3254 4169 3318 4231 ea
3369 4190 3430 4230 se

1848 4279 2162 4337 subducens
2202 4290 2322 4347 qua:
2353 4275 2600 4329 morbum
2634 4277 3007 4331 contraxerat,
3045 4270 3098 4323 in
3127 4267 3428 4339 apostolica

1860 4372 2113 4436 ecclesia,
2145 4386 2266 4441 quae
2299 4370 2353 4424 in
2384 4375 2566 4424 vetere
2590 4408 2604 4431 ,
2632 4373 2690 4419 ut
2736 4371 2961 4430 vocant,
3018 4362 3151 4417 urbe
3185 4362 3288 4415 sita
3318 4370 3443 4424 est,

1847 4462 2165 4532 congregari
2227 4462 2415 4529 cmpit.
2468 4457 2717 4527 Triginta
2751 4471 2989 4525 namque
3032 4469 3250 4517 annos,
3306 4462 3431 4523 post

1848 4562 2087 4608 structas
2118 4550 2462 4623 praedicando
2502 4549 2796 4603 Eustathio
2822 4548 3069 4611 insidias,
3108 4545 3423 4599 Arianicam

1850 4645 2181 4716 proterviam
2212 4643 2481 4714 patienter
2538 4641 2896 4711 pertulerant,
2945 4638 3145 4693 bonam
3187 4637 3426 4707 aliquam

1852 4737 2207 4791 mutationem
2229 4741 2633 4804 exspectantes.
2653 4732 2720 4787 At
2744 4740 3031 4802 postquam
3067 4731 3253 4799 augeri
3284 4726 3427 4797 apud

1851 4828 2326 4897 illosimpietatem
2359 4833 2674 4886 senserunt,
2726 4832 2782 4880 et
2837 4840 2933 4879 eos
2973 4821 3066 4893 qui
3122 4819 3425 4891 apostolica

1849 4918 2098 4991 dogmata
2125 4900 2453 4980 retinebant,
2484 4924 2537 4971 et
2562 4928 2747 4985 aperte
2765 4914 3162 4984 oppugnari,et
3190 4909 3425 4965 occultis

1852 5014 2068 5069 insidiis
2100 5012 2227 5081 peti,
2265 5010 2510 5065 divinum
2552 5009 2824 5064 Meletiqu
2862 5008 3174 5078 expulsum,
3229 5003 3423 5058 Euzoi-

1854 5119 2053 5173 umque
2084 5101 2365 5173 praesidem
2417 5102 2687 5155 haereseos
2718 5100 2866 5155 illius
2898 5098 3081 5154 sedem
3138 5097 3416 5164 adeptum,

1851 5198 1998 5252 venit
2033 5196 2139 5251 illis
2192 5195 2244 5249 in
2301 5201 2536 5250 tuentem
2572 5200 2685 5248 tum
2716 5204 2906 5261 eorum
2936 5203 3057 5259 qua:
3106 5185 3174 5241 ad
3231 5183 3423 5240 Letum

1398 5504 1628 5563 νΑιιιιΕ
1671 5506 2064 5563 LECTIONl-JS.

231 5672 277 5705 “
308 5673 631 5740 ἱερωσύνης.
658 5671 839 5743 iidem.
917 5673 955 5702 δ’
982 5690 1029 5726 τ.
1057 5674 1102 5727 δ.
1132 5690 1217 5742 γρ.
1250 5674 1325 5735 είς
1360 5691 1478 5742 ταχ.
1522 5691 1645 5726 mn.
1679 5671 1762 5730 Ste

1856 5716 1863 5724 .
1896 5674 2003 5725 Καὶ
2035 5673 2156 5734 τοὺς
2189 5691 2275 5743 γρ.
2328 5673 2403 5734 εἰς
2429 5674 2550 5743 ταί.
2584 5686 2715 5743 πεπ.
2754 5667 2885 5743 llas._
2921 5666 3092 5743 (irit-'0.
3126 5668 3213 5743 ηδ’
3245 5680 3419 5743 κπερι-

174 5743 599 5821 φέροντεςλῆξιε.
634 5742 804 5821 (inec.
835 5751 888 5821 et
917 5744 1102 5821 Steph.
1250 5744 1525 5821 ἡκόνισαν.
1559 5744 1830 5821 S_l_cpli.‘_l.

1190 5813 1234 5842 “
1265 5831 1329 5882 γε
1355 5814 1503 5871 abest
1532 5833 1558 5869 ιι
1592 5815 1709 5869 llas.
1740 5815 1912 5869 (inec.

178 5812 318 5869 ιοόον
357 5812 796 5883 εἰσδεὸεγμὲνων.
839 5813 1023 5884 Steph.
1058 5815 1110 5868 ε.

1932 5744 1947 5773 ³
1976 5737 2390 5814 προὺὂὰλλοντο.
2427 5737 2550 5798 llas.
2575 5741 2745 5795 Gram.
2778 5748 2829 5794 et
2856 5738 3045 5808 Stvph.
3124 5738 3165 5768 ³⁸
3202 5737 3305 5789 τῶν
3330 5753 3428 5810 την
