4218 6456
792 374 926 436 1083

1775 371 2262 433 TIIEODORETI
2295 374 2633 436 EPISCOPI
2663 379 3029 440 CYRENSIS

3906 386 4042 450 1081

779 485 927 536 dicta
961 482 1172 536 fuerant
1201 501 1210 536 :
1255 503 1270 533 ι
1309 481 1539 534 Saivans
1574 477 1723 533 salva
1755 481 1993 534 animam
2029 489 2175 535 luam
2208 492 2246 518 ω
2287 503 2304 534 ο
2334 499 2348 546 ;

2473 484 2590 548 τοὺς
2628 487 2726 556 μὲν
2757 489 2864 540 τῶν
2909 489 3285 542 ἀποστολικῶν
3315 491 3703 560 ἀντεχομένους
3733 493 4047 564 δογμάτων,

783 586 894 628 tuin
933 576 1364 643 evangelicarum
1409 573 1610 641 legum,
1646 588 1770 642 qua:
1799 582 1980 640 aperte
1998 574 2358 643 praecipiunt:

785 687 805 719 ι
849 667 903 720 Si
937 668 1130 721 oculus
1163 667 1324 720 'tuus
1355 665 1546 719 dexter
1573 664 1910 720 scandalizat
1943 673 2013 728 te,
2044 680 2176 718 erue
2207 679 2357 728 eum,

779 769 832 812 et
855 758 1060 826 projice
1093 758 1191 809 alis
1219 765 1268 810 te
1295 765 1344 809 υ.
1384 775 1404 808 ι
1429 755 1741 825 Eademque
1799 755 1940 810 etde
2005 756 2140 825 pede
2186 762 2240 808 et
2295 754 2361 809 de

783 864 948 901 manu
994 847 1258 901 Dominus
1296 848 1500 910 sanxit,
1563 853 1617 899 et
1669 845 1922 900 addidit:
1958 864 1976 896 ι
2026 846 2233 898 Bonum
2275 855 2361 902 est

779 941 898 1003 tihi,
935 951 993 992 ut
1033 949 1218 1009 pereat
1253 956 1418 993 unum
1456 955 1518 992 ex
1571 939 1833 992 membris
1887 940 1998 994 tuis
2029 977 2044 1000 ,
2113 945 2167 992 et
2235 954 2345 993 non

779 1040 952 1082 totum
983 1046 1187 1100 corpus
1223 1042 1370 1083 tuum
1398 1029 1648 1082 mittatur
1673 1029 1725 1083 in
1745 1031 2076 1098 gehennam.
2116 1049 2134 1082 ι
2171 1031 2358 1086 Eccle-

780 1122 874 1174 size
905 1121 1086 1191 itaque
1115 1123 1310 1174 divisio
1337 1121 1402 1172 ad
1441 1120 1588 1174 hunc
1624 1120 1844 1174 modum
1878 1120 2019 1175 facta
2051 1131 2157 1177 est.

2474 576 2566 628 καὶ
2608 579 2901 647 προφανῶς
2935 581 3392 650 πολεμουμένους,
3425 585 3518 637 καὶ
3543 584 3781 654 κρύϐδην
3825 587 4049 640 ἐπιϐουο

2469 668 2810 739 λευομένους,
2851 671 2944 725 καὶ
2975 671 3066 723 τὸν
3103 673 3202 740 μὲν
3232 672 3374 726 θεῖον
3404 661 3726 740 ὲξελαθέντα
3752 676 4049 741 Μελέτιον,

2470 760 2708 825 Εύζώῖον
2737 763 2792 815 δὲ
2820 763 2908 816 τὸν
2942 765 3040 834 τῆς
3071 767 3333 834 αἱρέσεως
3367 768 3679 838 προστάτην
3743 769 3862 821 ἀντ’
3901 770 4048 821 ὲκεί-

2468 869 2560 905 νου
2611 851 2708 924 τὴν
2759 855 3050 926 προεδρίαν
3087 857 3400 927 δεξάμενον,
3455 861 3560 911 τῶν
3613 861 3750 929 πρὸς
3787 861 3882 912 τὸν
3924 860 4050 913 Λὼτ

2469 943 2886 1014 ἀνεμνήσθησαν
2910 951 3218 1017 εἰρημένων
3245 965 3256 978 ·
3287 967 3304 1000 ι
3333 949 3527 1012 Σώζων
3558 950 3699 1012 σῶζε
3739 951 3839 1018 τὴν
3885 968 4052 1004 σεαυ-

2461 1035 2556 1087 τοῦ
2579 1036 2784 1108 ψυχήν
2825 1057 2844 1088 ι
2885 1041 3020 1108 πρὸς
3051 1040 3108 1094 δὲ
3131 1041 3196 1110 δὴ
3222 1040 3450 1104 τούτοις,
3474 1042 3570 1094 καὶ
3600 1043 3706 1094 τῶν
3742 1043 4048 1110 Εὐαγγελιο

2465 1125 2578 1177 κῶν
2601 1129 2806 1197 νόμων,
2831 1129 2880 1182 οἳ
2913 1131 3100 1198 σαφῶς
3129 1131 3569 1202 διαγορεύουσιν’
3604 1152 3621 1184 ι
3650 1134 3813 1187 Είὸδτ
3843 1133 4048 1200 ὀφθαλ-

783 1213 880 1283 μός
908 1230 1001 1265 σου
1041 1215 1067 1264 6
1089 1213 1255 1277 δεξιὸς
1285 1213 1624 1278 σκανδαλίζει
1654 1230 1732 1274 σε,
1767 1211 1998 1283 ἔκκοψον
2030 1213 2212 1276 αὑτὸν,
2259 1213 2352 1266 καὶ
2393 1213 2520 1282 βάλε
2550 1219 2657 1270 ἀπὸ
2688 1221 2802 1274 σού.
2832 1242 2850 1273 ι
2883 1222 3066 1276 Ταῦτα
3093 1223 3149 1275 δὲ
3176 1227 3268 1277 καὶ
3303 1226 3430 1295 περὶ
3465 1226 3646 1295 χειρὸς
3705 1227 3802 1279 καὶ
3885 1227 4057 1288 ποδὸς·

779 1305 1103 1371 ὀΔεσπότης
1156 1305 1539 1380 ἐνομοθέτησε,
1603 1305 1699 1356 καὶ
1739 1305 2130 1374 προστέθεικε’
2169 1323 2186 1356 ι
2216 1303 2491 1376 Συμφέρει
2555 1309 2662 1380 γάρ
2709 1329 2812 1377 σοι,
2848 1313 2933 1365 ἵνα
2986 1314 3254 1386 ἀπόληται
3295 1315 3354 1368 ἒν
3407 1317 3516 1368 τῶν
3573 1316 3750 1385 μελῶν
3771 1334 3888 1379 σου,
3955 1313 4050 1368 καὶ

783 1397 857 1467 μὴ
881 1397 998 1449 ὅλον
1031 1399 1088 1451 τὸ
1133 1398 1294 1468 σῶμά
1354 1417 1447 1453 σου
1488 1399 1658 1469 βληθῇ
1715 1402 1793 1462 εἰς
1823 1399 2067 1467 γέενναν.
2103 1419 2122 1452 ι
2202 1401 2266 1454 Ἡ
2335 1399 2436 1469 μὲν
2475 1397 2566 1456 οὖν
2614 1405 2712 1470 si";
2750 1407 3078 1479 Ἐκκλησίας
3125 1409 3392 1480 διαίρεσις
3449 1408 3640 1463 τοῦτον
3689 1409 3782 1464 τὸν
3844 1408 4051 1479 τρόπον

783 1491 1017 1558 ἐγένετο.

1025 1581 1177 1636 CAP.
1213 1581 1448 1635 XXVIII.
1488 1581 1505 1654 [
1549 1581 1608 1634 Β.
1645 1582 1724 1638 SI.
1755 1585 1856 1638 (Ili.
1891 1583 1956 1636 ν.
1986 1581 2123 1654 3%.]

1063 1673 1137 1726 De
1171 1673 1397 1726 Eusebio
1428 1675 1666 1743 episcopo
1695 1673 2082 1730 Samosatensi.

849 1763 1216 1818 Adniirandus
1245 1773 1422 1818 autem
1456 1763 1725 1820 Eusebius
1743 1766 1809 1820 de
1841 1781 1948 1832 quo
2006 1779 2176 1834 supra
2247 1779 2360 1818 me-

783 1856 941 1916 mini,
1005 1857 1167 1924 cujus
1236 1857 1360 1909 ﬁdei
1436 1858 1788 1912 commissum
1849 1857 2028 1912 fuerat
2075 1871 2364 1910 commune

785 1946 1101 2011 decretum,
1137 1963 1260 2001 cum
1297 1949 1524 2002 violatas
1559 1950 1950 2004 conventiones
1980 1958 2254 2012 cerneret,
2311 1949 2365 2002 in

784 2038 976 2092 urbem
1007 2039 1109 2094 sibi
1154 2040 1592 2094 commendatam
1623 2056 1910 2111 regressus
1955 2048 2060 2096 est.
2107 2039 2216 2095 Sed
2277 2041 2355 2094 illi

783 2130 989 2198 scriptu
1021 2145 1333 2196 expressam
1393 2119 1796 2188 convictionein
1854 2140 2183 2194 metuentes,
2225 2133 2366 2185 Con-

785 2221 991 2272 stantio
1075 2219 1235 2288 911
1300 2231 1596 2289 suggerunt
1637 2231 1694 2274 ut
1747 2223 1984 2291 aliquem
2047 2223 2222 2278 mittat
2274 2223 2367 2293 qui

786 2309 1067 2363 decretum
1103 2320 1406 2378 recupcret.
1444 2311 1746 2367 Persuasus
1774 2315 2079 2384 imperator
2101 2329 2269 2369 unum
2301 2331 2367 2370 ex

787 2402 856 2455 iis
881 2401 1048 2463 misit,
1085 2403 1177 2471 qui
1214 2404 1435 2459 mutatis
1463 2405 1620 2473 equis
1662 2405 1856 2460 itinera
1879 2408 2151 2463 coniicere
2190 2409 2371 2465 solent

787 2499 838 2543 et
856 2505 1118 2558 responsa
1146 2509 1311 2562 quam
1353 2494 1618 2548 citissime
1647 2495 1871 2550 referre.
1906 2495 1954 2552 ls
1995 2505 2056 2551 ut
2098 2501 2366 2568 pervenit,

786 2592 840 2636 et
865 2585 1230 2653 imperatoris
1256 2586 1571 2639 mandatum
1615 2588 1868 2657 exposuit
1901 2605 1917 2642 :
1965 2588 2083 2644 Non
2117 2606 2366 2660 possum,

790 2675 968 2742 inquit
1001 2675 1345 2731 admirabilis
1387 2677 1657 2733 Eusebius
1681 2719 1695 2742 ,
1732 2695 2020 2736 commune
2063 2682 2367 2751 depositum

785 2766 1031 2830 reddere,
1052 2769 1155 2822 nisi
1175 2767 1227 2821 in
1253 2786 1417 2822 unum
1432 2771 1754 2825 conveniant
1772 2785 1962 2827 oumes
1983 2774 2075 2842 qui
2093 2790 2370 2830 commen-

786 2858 1007 2912 darunt.
1046 2859 1390 2929 Responsum
1429 2862 1654 2916 nuntius
1684 2861 1850 2917 refert
1869 2864 1939 2919 ad
1963 2866 2366 2935 imperatorem.

787 2951 854 3002 At
889 2951 976 3005 ille
1011 2952 1088 3004 ira
1116 2952 1485 3009 inﬂammatus
1530 2956 1754 3025 scripsit
1805 2958 2026 3021 iterum,
2085 2959 2366 3014 decretum

791 3041 942 3102 reddi
972 3042 1194 3110 jubens,
1220 3043 1532 3114 adjecitque
1552 3047 1844 3103 mandasse
1861 3063 1944 3113 se,
1963 3048 2068 3104 nisi
2093 3050 2366 3111 redderet,

788 3131 1038 3185 dextram
1101 3133 1274 3202 ipsius
1310 3151 1535 3190 manum
1585 3140 1882 3208 amputari.
1927 3139 2085 3208 Quod
2133 3142 2361 3199 terroris
2394 3164 2438 3225 ο

792 3226 1004 3272 tantum
1072 3223 1244 3289 gratia
1312 3225 1572 3294 scripsit;
1635 3229 1920 3284 tabellario
1980 3231 2127 3285 enim
2191 3233 2369 3291 minas

790 3312 1016 3383 exsequi
1040 3321 1308 3370 vetuerat.
1339 3313 1637 3385 Postquam
1675 3319 1895 3375 divinus
1928 3322 2019 3377 ille
2059 3322 2162 3388 vir,
2214 3339 2367 3381 rese-

793 3405 930 3459 ratis
986 3405 1203 3471 litteris,
1250 3410 1503 3478 cognovit
1560 3410 1692 3480 quid
1725 3412 1982 3482 supplicii
2067 3415 2371 3472 minaretur

794 3496 1114 3565 imperator.
1145 3513 1266 3552 cum
1319 3499 1515 3553 dextra
1575 3501 1763 3554 laevam
1826 3519 2045 3572 quoque
2103 3508 2368 3574 porrexit,

791 3603 1014 3641 manum
1041 3599 1328 3658 utramque
1355 3601 1411 3643 ut
1439 3599 1650 3645 secaret
1671 3592 1971 3648 admonens
1992 3613 2004 3648 :
2029 3594 2161 3648 Nam
2184 3596 2373 3652 decre-

793 3687 928 3740 tuni,
963 3679 1059 3742 ait,
1103 3695 1211 3733 non
1248 3681 1492 3744 reddam,
1554 3684 1699 3751 quod
1753 3684 2024 3740 Ariauica:
2079 3688 2371 3756 pravitatis

792 3771 1000 3824 clarum
1032 3781 1116 3826 est
1148 3783 1554 3842 argumentum.
1597 3774 1747 3831 Hanc
1797 3776 1965 3845 igitur
2000 3780 2368 3834 constantiam

792 3870 852 3914 ut
880 3863 1134 3930 cognovit
1161 3863 1544 3930 Constantius,
1575 3877 1628 3920 et
1651 3879 1762 3922 tum
1798 3870 2094 3939 plurimum
2132 3871 2372 3925 admira-

794 3960 884 4006 tus
917 3960 1020 4013 est,
1045 3960 1100 4005 et
1126 3953 1348 4008 laudare
1377 3955 1636 4026 deinceps
1671 3974 1779 4012 non
1813 3961 2040 4014 destitit.
2082 3963 2373 4018 Admiran-

797 4050 887 4095 tur
915 4043 1060 4097 enim
1093 4045 1256 4098 etiam
1316 4047 1525 4102 inimici
1585 4051 1873 4118 praeclaras
1926 4051 2371 4110 adversariorum

795 4133 1048 4199 virtutes,
1076 4151 1258 4189 rerum
1295 4138 1670 4208 magnitudine
1720 4142 2015 4212 compulsi.
2069 4142 2173 4199 Per
2229 4144 2372 4201 idem

799 4235 1016 4295 tempus
1050 4227 1465 4292 Constantinus,
1494 4247 1616 4285 cum
1649 4234 1863 4288 audiret
1886 4234 2185 4302 lulianum,
2214 4254 2373 4308 quem

799 4317 1027 4386 Europa:
1050 4320 1318 4374 Czesarcm
1343 4331 1580 4386 crearat,
1613 4326 1816 4393 majora
1847 4327 2050 4392 moliri,
2077 4336 2133 4382 et
2181 4340 2376 4384 contra

799 4419 1079 4463 auctorem
1139 4427 1298 4464 suum
1351 4415 1650 4467 exercitum
1692 4431 2030 4486 comparare,
2079 4419 2314 4476 decessit
2346 4439 2376 4478 e

3026 1586 3275 1639 ΚΕΦΑΛ.
3329 1587 3465 1642 KH’.

2557 1674 2693 1741 Περὶ
2710 1675 3004 1730 Εὐσεὸίου
3031 1676 3134 1730 τοῦ
3171 1678 3508 1732 ἐπισκόπου
3535 1679 3929 1748 Σαμοσάτων.

2537 1760 2792 1826 Εὑσέὸιος
2825 1764 2879 1817 δὲ
2909 1767 2937 1818 6
2967 1765 3287 1834 θαυμάσιος,
3342 1759 3404 1820 οὗ
3451 1770 3545 1822 καὶ
3587 1771 3825 1840 πρόσθεν
3871 1772 4048 1840 ὲμνή·

2470 1854 2623 1924 σθην,
2659 1857 2687 1908 6
2725 1855 2786 1910 τὸ
2801 1857 3063 1928 ψήφισμα
3089 1857 3147 1911 τὸ
3172 1858 3352 1912 κοινὸν
3403 1862 3737 1925 πιστευθεὶς,
3771 1863 3880 1915 τῶν
3917 1881 4048 1916 συν-

2469 1943 2652 2016 θηκῶν
2687 1945 2780 2015 τὴν
2810 1948 3121 2018 παράϐασιν
3149 1949 3505 2020 θεασάμενος,
3534 1953 3614 2015 είς
3645 1953 3746 2023 τὴν
3789 1955 4049 2024 ἐγκεχει-

2472 2037 2729 2107 ρισμένην
2759 2035 2927 2108 ᾤχετο
2957 2039 3127 2093 πόλιν.
3147 2043 3208 2094 υἱ
3225 2042 3280 2096 δὲ
3300 2042 3389 2094 τὸν
3405 2042 3753 2112 ἀνάγραπτον
3773 2043 4050 2114 {Xerxe-ﬁ“

2469 2128 2842 2200 ὑφορώμενοι,
2889 2131 2978 2185 τὸν
3017 2133 3396 2189 Κωνστάντιον
3439 2136 3665 2191 ἔπεισαν
3721 2139 4048 2192 ἀποστεῖλαί

2467 2235 2587 2270 τινα
2609 2219 2670 2271 τὸ
2698 2219 2954 2292 ψήφισμα
2979 2223 3023 2256 δ’
3067 2223 3450 2296 κομιούμενον.
3497 2229 3609 2281 Καὶ
3650 2228 3714 2299 δὴ
3749 2229 3997 2293 πεισθεὶς
4023 2232 4053 2283 6

2471 2308 2722 2378 βασιλεὺς
2761 2312 3046 2366 ἀπέστειλέ
3115 2333 3256 2380 τινα,
3305 2317 3434 2379 τοὺς
3480 2310 3623 2370 κατὰ
3659 2319 3757 2386 τὴν
3815 2320 4053 2389 πορείαν

2469 2403 2957 2472 ὲναλλαττομένους
3007 2407 3208 2468 ἵππους
3247 2407 3492 2460 ἐλαύνειν
3535 2409 3782 2470 εἰωθότα,
3820 2411 3919 2463 καὶ
3951 2412 4051 2474 τὰς

2467 2493 2787 2564 ἀποκρίσεις
2815 2496 2890 2557 ὠς
2919 2496 3147 2566 τάχιστα
3170 2495 3427 2566 φέροντα.
3457 2497 3677 2566 Ἐπειδὴ
3710 2499 3766 2550 δὲ
3791 2499 4053 2566 ἀφίκετο,

2469 2587 2562 2638 καὶ
2601 2586 2668 2638 τά
2710 2588 2857 2656 παρὰ
2891 2587 3154 2658 βασιλέως
3195 2589 3532 2660 ἀπήγγειλεν
3561 2607 3575 2620 ·
3605 2592 3718 2643 Ούκ
3757 2591 4051 2661 ἀνέχομαι,

2471 2680 2573 2749 ἔφη
2605 2681 2859 2743 Εὐσέϐιος
2881 2681 3248 2750 ὁθαυμάσιος,
3272 2683 3370 2751 τὴν
3402 2681 3587 2751 κοινὴν
3625 2683 3921 2735 ἀποδοῦναι
3949 2701 4053 2738 πα-

2473 2771 2879 2842 ρακαταθήκην,
2912 2772 3037 2841 πρὶν
3055 2772 3100 2802 ⁸⁸
3121 2771 3360 2836 ἅπαντες
3372 2776 3418 2826 οἱ
3439 2773 3726 2837 δεδωκότες
3757 2775 3897 2826 κατά
3915 2793 4052 2828 ταυ-

2474 2864 2565 2916 τὸν
2584 2865 2844 2930 γένοιντο.
2873 2861 3024 2934 [lii]
3057 2863 3239 2916 Ταῦτα
3255 2865 3283 2916 6
3301 2863 3398 2934 μὲν
3429 2865 3728 2934 ἀπήγγειλε
3746 2865 3822 2933 τῷ
3836 2883 4053 2935 πεττομ·

2473 2953 2592 3021 φότι
2614 2972 2626 2983 ·
2656 2955 2683 3006 6
2708 2954 2762 3006 δὲ
2787 2953 2861 3024 τῷ
2891 2953 3048 3024 θυμῷ
3093 2953 3278 3018 ζέσας,
3315 2955 3629 3008 ἐπέστειλεν
3675 2955 3824 3026 αὐτῷ
3863 2957 4051 3018 πάλιν,

2474 3045 2769 3098 ἀποδοῦναι
2803 3046 3279 3115 παρεγγυῶνθκαὶ
3318 3047 3707 3118 προστέθεικεν
3753 3047 3829 3110 ώς
3878 3065 4056 3118 προσ-

2474 3134 2660 3199 έταξεν
2710 3135 3049 3205 ἐκτμηθῆναι
3080 3133 3246 3187 αύτού
3277 3135 3377 3205 τὴν
3427 3138 3588 3205 χεῖρα
3637 3136 3739 3204 τὴν
3761 3137 3975 3201 δεξιάν,
4006 3137 4058 3190 εί

2476 3227 2549 3298 μὴ
2579 3225 2695 3297 δοίη
2739 3225 2799 3279 τὸ
2839 3226 3116 3296 ψήφισμα.
3180 3224 3368 3279 Ταῦτα
3440 3226 3623 3294 μέντοι
3680 3225 4058 3295 δεδιττόμενος

2472 3317 2676 3390 ἔγραψε
2696 3334 2710 3349 ·
2747 3317 2825 3388 τῷ
2847 3318 2953 3388 γάρ
2987 3317 3268 3387 κομίζοντι
3287 3317 3386 3386 τὴν
3416 3316 3705 3387 ἐπιστολὴν
3726 3317 4054 3387 ἀπηγόρευ-

2476 3425 2566 3461 σεν
2591 3409 2734 3478 ἆπερ
2753 3408 3016 3478 ἠπείλησε
3044 3407 3261 3479 δρᾶσαι.
3297 3407 3514 3478 Ἐπειδὴ
3540 3408 3598 3461 δὲ
3629 3407 3725 3478 τὴν
3743 3407 4046 3479 ἐπιστολὴν

2472 3501 2786 3568 ἀναπτύξας
2815 3502 2843 3553 6
2873 3500 3014 3564 θεῖος
3041 3501 3246 3564 ἐκεῖνος
3280 3501 3439 3572 ἀνὴρ,
3472 3496 3611 3552 εἶδεν
3634 3502 3690 3553 ὲν
3719 3502 3832 3562 τοῖς
3870 3501 4057 3569 γράμ-

2477 3611 2640 3664 μασιν
2664 3593 2730 3664 ἢν
2749 3593 2776 3644 6
2800 3592 3049 3662 βασιλεὺς
3099 3591 3364 3663 ἠπείλησε
3398 3592 3646 3654 κόλασιν,
3683 3591 3822 3660 μετὰ
3849 3591 3952 3660 τῆς
3984 3591 4060 3643 δεο

2475 3683 2593 3748 ξιᾶς
2618 3683 2714 3736 καὶ
2739 3684 2838 3754 τὴν
2878 3681 3160 3753 εὐώνυμον
3191 3682 3524 3754 προῦθηκεν,
3575 3683 3742 3751 ἄμφω
3776 3682 3856 3734 τὼ
3905 3685 4060 3754 χεῖρε

2473 3778 2659 3844 τεμεῖν
2704 3775 3053 3846 παρεγγυῶν·
3083 3775 3156 3829 Τδ
3188 3774 3296 3845 γὰρ
3333 3775 3610 3844 ψήφισμα,
3635 3773 3762 3843 ἔφη,
3788 3774 3849 3826 ού
3874 3775 4057 3836 δώσω,

2474 3868 2575 3936 τῆς
2645 3867 2984 3936 Ἀρειανικῆς
3049 3865 3351 3937 μοχθηρίας
3407 3867 3628 3935 ἔλεγχον
3687 3867 3819 3920 ὄντα
3882 3867 4057 3935 σασῆ.

2476 3957 2690 4028 Ταύτην
2735 3953 2826 4010 οὖν
2876 3957 2972 4026 τὴν
2999 3957 3041 3987 ³⁸
3078 3956 3328 4025 ἀνδρείαν
3385 3956 3572 4026 μαθὼν
3595 3958 3622 4008 6
3649 3958 4059 4021 Κωνστάντιος,

2475 4049 2571 4102 καὶ
2602 4049 2723 4102 τότε
2753 4047 2988 4118 ἠγάσθη,
3019 4047 3111 4099 καὶ
3137 4046 3402 4099 διετέλεσε
3427 4047 3802 4116 ³²θαυμάζων.
3827 4049 4060 4118 Θαυμά-

2477 4137 2626 4202 ζουσι
2645 4138 2714 4205 γά
2721 4156 2752 4208 ρ
2769 4137 2863 4190 καὶ
2880 4137 3161 4206 δυσμενεῖς
3178 4136 3247 4188 τά
3261 4135 3368 4189 τῶν
3385 4136 3698 4190 ἀντιπάλων
3730 4138 4062 4211 πλεονεκτή-

2480 4248 2646 4300 ματα,
2669 4230 2772 4281 ὑπὸ
2797 4228 2891 4281 τοῦ
2919 4228 3183 4299 μεγέθους
3247 4227 3356 4281 τῶν
3383 4230 3773 4298 πραττομένων
3820 4231 4062 4298 ἀναγκα-

2477 4322 2714 4392 ζόμενοι.
2774 4321 2928 4374 Κατὰ
2984 4321 3171 4372 τοῦτον
3223 4319 3314 4373 τὸν
3367 4321 3556 4390 χρόνον
3600 4322 3628 4372 6
3677 4322 4062 4386 Κωνστάντιος

2479 4413 2778 4483 πυθόμενος
2805 4414 2886 4465 ὅτι
2921 4411 3223 4474 Ἰουλιανὸς,
3254 4411 3312 4464 δν
3360 4413 3460 4480 τῆς
3507 4412 3777 4482 Εὐρώπης
3809 4415 4061 4484 ἀπέφηνε

801 4497 981 4569 Syria,
1017 4501 1230 4568 vitaque
1255 4502 1473 4559 functus
1496 4515 1578 4560 est
1596 4506 1650 4560 in
1684 4508 1895 4563 Cilicia.
1919 4508 2029 4566 Nec
2052 4513 2197 4566 enim
2221 4514 2308 4584 adj
2321 4531 2378 4568 u-

2481 4505 2755 4573 Καίσαρα,
2808 4503 3068 4573 μειζόνων
3113 4502 3457 4572 πραγμάτων
3499 4503 3729 4570 ἐφίεται,
3776 4505 3871 4555 καὶ
3922 4506 4065 4557 κατὰ

802 4601 976 4643 torem
1009 4590 1172 4659 912
1243 4593 1432 4648 habuit
1493 4612 1653 4665 quem
1706 4599 1756 4652 ei
1815 4609 1966 4669 pater
2031 4604 2374 4674 reliquerat:

801 4682 1002 4751 quippe
1038 4685 1126 4750 qui
1161 4693 1398 4752 paternze
1426 4688 1440 4706 ‘
1468 4688 1686 4757 pietatis
1710 4691 2080 4750 hereditatem
2106 4697 2375 4768 integram

803 4788 912 4826 non
971 4777 1204 4828 servarit
1253 4818 1266 4830 .
1323 4795 1484 4848 quam
1547 4781 1619 4835 ob
1677 4798 1942 4852 causam,
2010 4790 2155 4858 quod
2213 4789 2375 4845 ﬁdem

803 4873 1092 4932 mutasset,
1119 4869 1315 4924 acerbe
1347 4869 1774 4929 lamentabatur.

872 5210 912 5239 ω
935 5203 1068 5260 Gen.
1096 5221 1210 5272 ιιι,
1244 5207 1329 5262 l7.
1408 5215 1434 5244 ο
1460 5206 1653 5274 Matth,
1687 5226 1740 5275 v,
1768 5211 1864 5266 29.

2477 4595 2571 4648 τοῦ
2600 4592 2953 4662 τετιμηκότος
2981 4592 3267 4662 στρατείαν
3299 4590 3630 4661 συναγεέρει,
3659 4593 3769 4644 ἀπὸ
3818 4593 3922 4662 μὲν
3965 4594 4066 4662 τῆς

2478 4687 2735 4758 Συρίας⁸³
2768 4685 2998 4756 ἀπῆρεν,
3025 4687 3080 4738 ὲν
3108 4684 3164 4737 δὲ
3188 4687 3252 4755 τῇ
3285 4683 3509 4754 Κιλικία
3538 4683 3628 4736 τὸν
3666 4684 3779 4753 βίον
3816 4686 4061 4738 κατέλυε

2479 4799 2592 4833 σεν.
2621 4780 2696 4831 Οὐ
2727 4777 2834 4848 γάρ
2861 4773 3004 4848 εἶχεν
3027 4776 3336 4847 ἐπίκουρον,
3364 4775 3422 4828 ὃν
3448 4776 3476 4827 6
3505 4776 3690 4847 πατὴρ
3715 4775 3864 4844 αὐτῷ
3890 4794 4066 4831 κατα-

2477 4870 2715 4932 λέλοιπε,
2748 4869 2844 4938 τῆς
2873 4866 3132 4937 πατρῴας
3161 4866 3442 4929 εὐσεϐείας
3475 4865 3677 4917 ἄσυλον
3707 4865 3767 4917 ού
3806 4865 4065 4934 φυλάξας

2488 4963 2576 5016 τὸν
2601 4961 2824 5032 κλῆρον,
2867 4955 2940 5015 Οὗ
2986 4961 3050 5031 δὴ
3093 4960 3272 5013 εἵνεκα
3305 4959 3520 5031 πικρῶς
3553 4957 3925 5030 ώλοφύρετο⁸⁸
3967 4960 4069 5030 τῆς

2489 5056 2724 5118 πίστεως
2753 5055 2851 5124 τὴν
2891 5054 3195 5125 μετάθεσιν.

2102 5341 2330 5397 νΑιιιιλΕ
2369 5342 2770 5399 LECTIONES.

913 5480 953 5512 "
981 5482 1258 5537 Articulus
1287 5485 1354 5538 ab
1387 5485 1576 5538 eodem
1613 5485 1786 5539 abest.
1864 5484 1907 5514 "
1942 5481 2082 5550 ἀνάγ

2091 5500 2139 5552 ρ.
2179 5483 2342 5552 habet
2373 5483 2534 5552 etiam
2573 5481 2761 5551 Steph.
2791 5481 2827 5535 2
2848 5489 2901 5536 et
2929 5481 3108 5552 Allatii
3139 5481 3329 5552 codex.
3361 5481 3467 5536 Sed
3509 5481 3695 5548 Steph.

3776 5496 3901 5535 cum
3937 5483 4063 5539 Bas.

805 5549 1002 5624 (ξι-τεο..
1040 5553 1334 5624 ἔγγραφον,
1367 5563 1425 5606 ιιι
1451 5554 1635 5608 Savilii
1668 5556 1800 5608 liber
1821 5549 2147 5622 ἕγγραπτον.
2225 5553 2270 5584 δ’
2298 5551 2457 5624 llaec:
2481 5551 2539 5604 τὸ
2557 5549 2694 5620 ψήφζ
2721 5569 2848 5624 κομ.
2872 5569 2926 5603 κ.
2956 5551 3002 5604 δ.
3034 5569 3092 5624 π.
3121 5553 3148 5603 ὁ
3179 5550 3230 5620 β.
3266 5552 3461 5624 ἀπέστ.
3484 5569 3629 5624 τινα,
3653 5554 3849 5605 absunt
3873 5569 3902 5603 a
3937 5553 4068 5624 Bas.

805 5619 1004 5700 tinem.
1033 5619 1282 5701 idemque
1326 5634 1448 5676 ante
1477 5624 1588 5701 hagc
1624 5627 1788 5701 vcr_ha
1808 5619 1983 5701 pana
2029 5638 2278 5701 ,τιναςεο
2311 5623 2470 5701 paulo
2507 5619 2910 5701 ρος-ιυεξωθότηας
2932 5629 2982 5674 ct
3019 5619 3304 5701 φέροντας,

809 5690 979 5743 (hunc.
1014 5703 1066 5743 et
1094 5689 1279 5762 Steph.
1354 5695 1394 5726 "
1430 5695 1635 5762 ταύτην
1672 5694 1834 5746 αὑτοῦ
1868 5695 1986 5762 τήν.
2027 5691 2148 5745 Bas.
2191 5689 2566 5759 GraicJ‘Ipipli.
2600 5689 2660 5753 V,
2691 5691 2792 5745 4.9:
2832 5691 2963 5744 hanc
2999 5689 3111 5758 ejus
3157 5691 3483 5758 ﬁrmitatem.

2033 5762 2078 5793 ”
2109 5762 2444 5831 ὠλοφύρατο.
2484 5762 2646 5816 Idem.

808 5776 931 5812 ('lllll
964 5761 1146 5830 Steph.
1196 5761 1264 5794 υ
1290 5764 1578 5834 Συριακῆς.
1619 5763 1738 5817 lias.
1781 5761 1954 5816 (πως.

3383 5621 3428 5652 ⁸ο
3469 5621 3534 5673 ἂν
3561 5622 3906 5689 interponunt
3937 5623 4065 5677 Bas.

3564 5693 3607 5724 ⁸³
3631 5691 3874 5747 διετέλει.
3915 5692 4070 5748 Idclu
