4218 6456
789 392 923 457 1087

1755 396 2241 458 THEODORETI
2282 394 2617 456 EPISCOPI
2653 393 3017 452 CYRENSIS

3918 389 4055 487 ipsa

788 506 895 555 rari
924 520 981 558 se
1014 505 1172 568 dixit,
1210 503 1369 572 cujus
1398 501 1569 574 ﬁgura
1617 506 1861 559 exterriti
1892 507 2167 561 daemones
2202 504 2358 560 aufu-

2466 502 2593 570 γόης
2643 503 2847 563 ἐκεῖνος
2906 503 3006 570 τῆς
3059 499 3235 570 φυγῆς
3283 498 3386 571 τὴν
3437 501 3635 567 αἰτίαν,
3679 497 3971 574 ἱμέμψατο
4005 501 4052 530 ⁸³

788 597 1013 664 gissent.
1041 594 1184 649 Cave
1206 595 1308 648 hoc
1343 605 1524 665 putes,
1551 596 1635 650 vir
1658 598 1819 661 bone,
1851 599 1927 651 ait
1969 598 2354 667 praestigiator.

785 685 905 740 Non
940 686 1081 738 enim
1110 686 1431 748 timuerunt.
1460 696 1519 741 ut
1550 699 1603 741 tu
1643 689 1783 743 dicis
1818 708 1828 740 :
1856 690 1949 742 sed
1978 690 2179 742 factum
2205 696 2358 741 tuum

786 776 1041 828 detestati
1080 777 1358 830 abierunt.
1392 775 1466 830 Ita
1491 778 1927 831 circutm'entum
1955 780 2215 833 miserum
2252 778 2356 831 ini-

787 864 942 917 tiavit
985 866 1285 935 mysteriis,
1360 880 1413 921 et
1490 868 1767 921 horrendo
1818 870 2028 923 scelere
2095 870 2359 939 implevit,

785 958 1156 1027 spoliaritque
1178 960 1442 1029 religione
1474 958 1640 1030 914
1673 960 2114 1016 infelicissimum
2144 960 2358 1030 cupidi-

784 1060 869 1104 tas
915 1052 1089 1121 regni.
1143 1051 1432 1121 lmperium
1475 1062 1653 1106 tamen
1698 1056 1926 1122 adeptus
1973 1052 2067 1107 diu
2117 1052 2361 1106 occuluit

785 1143 1149 1212 impietatem.
1186 1151 1332 1197 metu
1366 1144 1716 1213 potissimum
1749 1146 1982 1198 militum
2033 1146 2255 1214 pietatis
2276 1144 2360 1198 di-

783 1236 1013 1303 sciplina
1079 1235 1504 1291 instructorum.
1562 1237 1689 1290 Illos
1747 1237 1893 1290 enim
1951 1237 2163 1305 primus
2213 1228 2360 1290 omni

784 1326 944 1380 laude
974 1326 1357 1396 praedicandus
1408 1328 1805 1382 Constantinus
1840 1330 1906 1380 ah
1944 1344 2133 1383 errore
2168 1330 2364 1383 lihera-

784 1425 874 1471 tos
911 1420 1164 1473 veritatis
1195 1420 1486 1489 pt‘mceptis
1521 1418 1857 1473 instiiuerat.
1890 1420 2023 1488 Ejus
2044 1418 2241 1474 deinde
2266 1419 2360 1473 lilii

785 1510 1041 1563 traditam
1074 1511 1183 1565 illis
1226 1528 1254 1565 a
1285 1522 1436 1581 patre
1464 1510 1768 1565 docttinam
1801 1511 2216 1564 conlirmarant.
2246 1509 2363 1565 Etsi

784 1604 930 1653 enim
972 1602 1334 1656 Constantius
1384 1618 1576 1657 eorum
1622 1616 1649 1655 a
1703 1604 1906 1673 quibus
1947 1602 2235 1670 regebatur
2287 1602 2366 1656 in-

786 1694 994 1755 (Ιυιτιιι,
1052 1695 1525 1748 consubstantialis
1580 1710 1770 1749 vocem
1810 1712 1916 1748 non
1962 1695 2208 1758 admisit,
2242 1697 2364 1766 ejus

784 1794 965 1841 ιιιιηθη
995 1802 1216 1839 εριιειιιη
1270 1788 1489 1841 εἱιιιξεινο
1546 1786 1834 1841 confessus
1872 1796 1976 1841 ρει.
2024 1785 2360 1843 Germanum

782 1887 987 1955 quippe
1016 1885 1237 1949 Filium,
1266 1901 1390 1942 ante
1426 1888 1624 1942 smeula
1652 1888 1717 1942 de
1738 1887 1900 1944 Patre
1919 1889 2161 1957 genitum
2192 1889 2355 1944 Deum

783 1975 1021 2031 Verbum
1064 1979 1616 2049 nominarit,cosquc
1642 1982 1733 2050 qui
1766 1991 2077 2035 creaturam
2114 1984 2363 2035 dicerent

781 2070 958 2139 palam
1006 2071 1303 2135 abdicavit,
1345 2083 1395 2126 et
1453 2072 1726 2127 idolorum
1762 2074 1970 2127 cultum
2018 2074 2238 2143 penitus
2274 2073 2360 2127 in-

781 2161 1028 2217 terdixit.
1064 2162 1225 2217 Aliud
1278 2163 1440 2219 etiam
1478 2164 1638 2219 laude
1689 2164 1913 2235 dignum
1970 2164 2090 2233 ejus
2148 2164 2361 2221 facinus

780 2265 1247 2332 commemorabo,
1276 2281 1339 2319 ex
1370 2281 1481 2334 quo
1511 2266 1578 2320 de
1607 2265 1782 2336 ipsius
1821 2282 1952 2337 erga
2000 2282 2090 2323 res
2142 2268 2359 2324 divinas

780 2353 966 2407 studio
1000 2354 1126 2409 duci
1168 2357 1485 2426 conjectura
1512 2359 1703 2427 possit.
1738 2358 1887 2415 Bello
1927 2360 2071 2413 enim
2103 2358 2362 2431 Magnen-

780 2446 955 2508 tiano,
992 2447 1169 2516 copiis
1203 2449 1461 2503 oumibus
1493 2450 1837 2515 convocatis,
1888 2451 2139 2507 hortatus
2176 2461 2261 2508 est
2304 2462 2363 2507 ut

779 2537 966 2592 divina
995 2542 1255 2610 mysteria
1286 2542 1529 2599 universi
1571 2546 1939 2617 perciperent,
1980 2563 2198 2618 semper
2236 2549 2360 2618 qui-

778 2639 901 2695 dem
934 2640 1203 2696 incertum
1231 2658 1354 2699 esse
1376 2644 1569 2701 dicens
1591 2647 1796 2701 exitum
1822 2648 1965 2709 vitae.
1997 2656 2112 2702 tum
2137 2649 2190 2703 in
2220 2650 2361 2706 bello

780 2731 1037 2794 maxime,
1066 2732 1157 2786 tibi
1183 2734 1430 2803 conjecta
1458 2735 1715 2806 utrinque
1752 2737 2360 2808 tclorum,jaculorum,

778 2819 1062 2876 haszarum
1106 2833 1186 2878 tot
1221 2826 1412 2891 millia,
1455 2828 1743 2900 strictique
1782 2845 1967 2896 enses,
1995 2839 2049 2887 et
2072 2831 2265 2902 gladii,
2298 2848 2362 2887 ac

776 2914 1005 2984 reliqum
1068 2917 1333 2973 machinae
1396 2919 1691 2975 violentam
1760 2931 1991 2977 mortem
2053 2924 2358 2979 intentant.

778 3012 1018 3071 l'roimle
1074 3034 1523 3093 unumquemque
1564 3023 1806 3093 pretiosa
1866 3025 1961 3080 illa
2009 3027 2153 3081 stola
2206 3025 2362 3081 indui

780 3117 1059 3175 oportere,
1126 3126 1233 3180 qua
1291 3115 1530 3170 maxime
1564 3116 1618 3170 in
1679 3116 1866 3171 futura
1908 3118 2019 3172 vita
2060 3128 2146 3174 est
2200 3133 2359 3188 opus.

2462 593 2654 663 τούτῳ.
2700 593 2980 654 Ἰουλιανὸς
3028 592 3084 644 δὲ
3115 594 3209 645 καὶ
3256 593 3317 644 τὸ
3344 593 3460 655 δέος
3486 594 3741 660 ἐδήλωσε,
3798 592 3890 644 καὶ
3959 592 4056 643 τοῦ

2464 682 2701 755 σταυροῦ
2748 683 3046 754 θαυμάζειν
3067 682 3234 753 ἔφησε
3259 683 3357 753 τὴν
3400 684 3569 754 ἰσχύν*
3596 685 3909 755 ἀπέδρασαν
3943 685 4056 755 γὰρ

2461 779 2510 830 oi
2552 776 2822 847 δαίμονες,
2848 776 3037 829 τούτου
3084 776 3177 828 τὸν
3222 776 3391 827 τύπον
3424 778 3523 829 οὐκ
3551 778 3863 845 ἐνεγκόντες
3899 778 4053 832 ἰδεῖν.

2462 871 2554 941 Μὴ
2601 870 2665 940 δὴ
2715 869 2870 923 τοῦτο
2920 868 3217 940 ὑπολάϐῃς,
3248 862 3293 921 ὦ
3324 869 3514 937 ἀγαθὲ,
3567 872 3595 922 6
3633 871 3766 940 γόης
3812 869 3941 940 ἔφη·
3990 873 4054 924 οὐ

2464 963 2573 1033 γάρ
2604 964 2834 1027 ἔδεισαν,
2887 961 2961 1026 ῶς
3012 979 3075 1029 γε
3104 964 3169 1014 σὺ
3218 962 3343 1031 φής·
3380 962 3513 1015 ἀλλὰ
3556 962 3941 1033 βδελυξᾶμενοι
3993 965 4057 1016 τὸ

2464 1056 2613 1126 παρά
2665 1055 2758 1109 σοῦ
2810 1055 3099 1124 γενόμενον
3126 1053 3350 1124 ᾤχοντο.
3402 1053 3558 1107 υῦτω
3599 1055 3933 1126 βουκολήσας
3961 1056 4056 1109 τὸν

2461 1146 2715 1213 δείλαιον,
2744 1148 2953 1219 ὲμύησέ
2978 1164 3036 1199 τε
3066 1146 3161 1201 καὶ
3188 1146 3282 1200 τοῦ
3318 1145 3521 1217 μύσους
3549 1148 3833 1219 ὲνέπλησευ
3887 1148 3988 1201 καὶ
4019 1150 4053 1218 ἡ

2463 1245 2561 1311 τῆς
2590 1242 2867 1312 βασιλείας
2898 1240 3163 1312 ἐπιθυμία
3193 1244 3290 1312 τῆς
3323 1240 3607 1306 εὐσεϐείας
3647 1242 3934 1311 ἐγύμνωσε
3964 1244 4055 1296 τόν

2462 1339 2793 1411 τρισάθλιον.
2829 1336 3172 1409 Παραλαϐὼν
3202 1338 3258 1392 δὲ
3289 1338 3438 1408 ὅμως
3466 1338 3565 1409 τὴν
3608 1338 3932 1390 δυναστείαν
3962 1338 4057 1389 ἐπὶ

2464 1434 2714 1487 πλεῖστον
2766 1432 2972 1504 ἔκρυψε
3022 1432 3122 1502 τὴν
3186 1431 3462 1486 ἀσέϐειαν.
3512 1431 3889 1502 Διαφερόντως
3942 1430 4057 1499 γὰρ

2463 1527 2654 1581 ἐδεδίει
2688 1527 2815 1589 τοὺς
2866 1525 3223 1594 στρατιώτας,
3251 1524 3319 1578 τὰ
3365 1524 3463 1594 τῆς
3500 1523 3780 1585 εὐσεϐείας
3818 1523 4054 1576 εἱσδεδε-

2463 1622 2701 1688 γμένους
2732 1619 3046 1690 μαθήματα.
3084 1616 3306 1688 Πρῶτον
3342 1617 3440 1687 μὲν
3484 1617 3592 1687 γὰρ
3627 1616 3824 1679 αὐτοὺς
3852 1616 3881 1667 6
3916 1632 4057 1669 παν-

2466 1710 2711 1779 εύφημος
2776 1712 3207 1776 Κωνσταντῖνος,
3273 1710 3373 1780 τῆς
3445 1710 3715 1781 προτέρας
3771 1708 4058 1776 ἐξαπάτης

2466 1802 2859 1873 ἐλευθερώσας,
2909 1802 3256 1866 ὲξεπαίδευσε
3304 1802 3372 1856 τὰ
3410 1802 3509 1873 τῆς
3567 1801 3827 1871 ἀληθείας
3874 1800 4058 1871 μαθή-

2470 1913 2637 1967 ματα.
2670 1895 2907 1948 Ἔπειτα
2933 1894 2987 1947 δὲ
3012 1900 3061 1947 oi
3108 1896 3319 1949 ἐκείνου
3362 1895 3549 1957 παῖδες
3590 1893 3945 1965 βεϐαιοτέραν
3998 1895 4057 1947 ὲν

2464 1990 2649 2052 αὐτοῖς
2672 1988 2771 2059 τὴν
2810 1987 2962 2060 παρά
2990 1985 3085 2041 τοῦ
3130 1987 3337 2057 πατρὸς
3376 1987 3751 2059 γεγενημένην
3793 1986 4057 2041 διδασκαο

2463 2082 2585 2135 λίαν
2635 2081 2979 2152 εἰργάσαντο.
3040 2081 3102 2134 Ei
3162 2080 3267 2151 γὰρ
3331 2082 3424 2134 καὶ
3477 2080 3569 2132 τοῦ
3629 2078 3963 2149 ὀμοουονίου
3995 2078 4057 2131 τὸ

2465 2175 2763 2245 πρόσρημα
2820 2173 3172 2245 βουκοληθεὶς
3205 2173 3309 2226 ὑπὸ
3362 2173 3471 2226 τῶν
3521 2172 3765 2241 ἀγόντων
3807 2170 3975 2223 αὐτὸν
4028 2172 4057 2223 6

2463 2267 2844 2330 Κωνστάντιος
2892 2268 2951 2319 οὐ
2990 2267 3265 2338 προσίετο,
3293 2266 3391 2337 τὴν
3420 2264 3550 2334 γοῦν
3582 2266 3777 2317 τούτου
3809 2264 4059 2318 διάνοιαν

2462 2360 2778 2431 ἀκραιφνῶς
2831 2360 3123 2431 ὡμολόγει.
3178 2360 3405 2430 Γνήσιον
3452 2359 3561 2431 γὰρ
3603 2358 3731 2411 Υἰδν
3782 2357 3891 2428 πρὸ
3946 2356 4058 2409 τῶν

2460 2452 2673 2506 αἰώνων
2706 2456 2772 2507 ἐκ
2812 2452 2907 2507 τοῦ
2934 2453 3144 2525 Πατρδς
3183 2452 3581 2522 γεγεννημένον
3610 2451 3698 2504 τὸν
3721 2450 3851 2503 Θεὸν
3881 2449 4059 2517 Λόγον

2461 2546 2733 2619 ὠνόμαζε,
2767 2548 2863 2601 καὶ
2914 2547 3041 2611 τοὺς
3093 2547 3299 2617 κτίσμα
3346 2546 3526 2614 λέγειν
3558 2542 3874 2615 τολμῶντας
3902 2542 4058 2595 ἀντι-

2462 2658 2597 2712 κρυς
2654 2644 3018 2712 ἀπεκήρυττε·
3069 2640 3168 2711 τὴν
3216 2640 3272 2693 δὲ
3319 2639 3428 2691 τῶν
3485 2636 3717 2690 εἰδώλων
3776 2635 4061 2696 παντελῶς

2463 2736 2809 2806 ἀπηγόρευσε
2852 2732 3174 2805 θεραπείαν.
3237 2730 3380 2802 Ἐρῶ
3424 2730 3483 2784 δὲ
3537 2728 3698 2782 αὑτοῦ
3730 2728 3823 2782 καὶ
3868 2727 4062 2796 ἕτερον

2462 2827 2796 2891 ἀξιέπαινον,
2834 2826 3016 2879 ἱκανὸν
3074 2822 3454 2895 τεκμηριῶσαι
3498 2822 3594 2892 τὴν
3645 2822 3774 2891 περὶ
3817 2821 3886 2872 τὰ
3936 2820 4064 2873 θεῖα

2464 2923 2723 2994 σπουδήν.
2784 2923 2874 2976 Ἐν
2916 2922 3025 2992 γάρ
3054 2920 3119 2992 δὴ
3148 2919 3227 2991 τῷ
3265 2918 3404 2991 πρὸς
3443 2918 3786 2987 Μαγνέντιον
3829 2912 4065 2981 πολέμῳ

2464 3020 2685 3074 ἃπασαν
2726 3017 3018 3081 συναλίσας
3047 3017 3145 3087 τὴν
3177 3014 3459 3087 στρατιὰν,
3507 3012 3835 3085 μεταλαχείν
3880 3008 4063 3062 ἄπαν-

2462 3129 2565 3176 τας
2595 3112 2704 3165 τῶν
2751 3111 2913 3165 θείων
2967 3109 3357 3165 συνεϐούλευσε
3416 3107 3754 3179 μυστηρίων,
3809 3104 3897 3157 ἀεὶ
3962 3102 4066 3171 μὲν

779 3197 935 3264 Quod
968 3201 1011 3254 si
1042 3203 1167 3271 quis
1196 3212 1403 3259 vestem
1439 3206 1584 3261 hanc
1640 3223 1789 3263 nunc
1824 3208 2007 3263 diﬂ'ert
2058 3224 2364 3277 assumere,

2469 3206 2664 3277 ἄδηλον
2694 3198 2834 3258 εἶναι
2876 3204 3053 3272 λέγων
3081 3202 3175 3257 τοῦ
3208 3201 3324 3272 βίου
3350 3201 3411 3255 τὸ
3445 3201 3595 3263 τέλος
3643 3200 3741 3269 οὐχ
3767 3198 3972 3268 ἣκιστα
4006 3194 4065 3245 δὲ

783 3291 913 3345 hinc
947 3294 1207 3349 recedens
1237 3296 1459 3351 domum
1478 3298 1660 3365 aheat,
1687 3300 1899 3370 inquit:
1927 3301 2061 3354 mihi
2084 3302 2230 3355 enim
2255 3315 2365 3356 non

787 3383 1015 3439 initiatis
1048 3385 1170 3441 belli
1210 3390 1379 3444 sociis
1414 3391 1491 3445 uti
1521 3407 1628 3445 non
1667 3392 1823 3461 place

2472 3301 2531 3351 ὲν
2590 3295 2833 3366 πολέμῳ,
2888 3296 3101 3366 μυρίων
3182 3290 3523 3363 ἑκατέρωθεν
3598 3290 3914 3360 ἀφιεμένων
3970 3288 4069 3337 καὶ

2469 3388 2661 3461 βελῶν,
2690 3389 2784 3442 καὶ
2817 3386 3028 3441 πελτῶν
3065 3385 3133 3451 ⁸⁸,
3168 3386 3263 3439 καὶ
3303 3384 3566 3455 δοράτων,
3604 3384 3697 3437 καὶ
3736 3383 3835 3453 μὲν
3863 3379 3930 3447 δὴ
3968 3378 4069 3430 καὶ

780 3478 972 3545 ξιφῶν,
1026 3481 1119 3533 καὶ
1162 3482 1398 3535 κοπίδων
1427 3485 1859 3556 ἐπιφερομένων,
1908 3485 2135 3539 καὶτῶν
2198 3483 2374 3539 ἀλλων
2414 3482 2683 3551 ὀργάνων,
2736 3479 2804 3532 δι’
2843 3473 2918 3533 ὧν
2978 3481 3007 3532 6
3051 3477 3225 3548 βίαιος
3254 3476 3516 3545 ἐπάγεται
3573 3475 3821 3536 θάνατος.
3863 3466 3941 3526 υῦ
3995 3470 4062 3537 δὴ

778 3572 940 3625 ἕνεκα
992 3573 1097 3645 χρὴ
1142 3575 1370 3630 ἕκαστον
1429 3578 1528 3649 τὴν
1566 3578 1881 3649 ἀξιόκτητον
1931 3580 2147 3649 ἐκείνην
2185 3578 2328 3647 ἔχειν
2359 3573 2573 3646 στολὴν,
2604 3567 2671 3643 ἧς
2713 3571 2792 3624 ὅτι
2869 3570 3101 3642 μάλιστα
3164 3571 3223 3622 ὲν
3257 3570 3449 3639 ἐκείνῳ
3466 3567 3544 3639 τῷ
3579 3568 3678 3639 βίῳ
3698 3564 3957 3635 δεόμεθα.
4002 3562 4067 3615 ΕΞ

783 3665 842 3719 ὶέ
897 3684 982 3730 τις
1024 3668 1181 3739 τήνδε
1236 3669 1421 3724 λαϐεῖν
1476 3672 1575 3742 τὴν
1628 3672 1945 3742 ἀμπεχόνην
1999 3669 2378 3735 ἀναϐάλλεται,
2419 3666 2514 3723 νῦν
2569 3662 2817 3719 ἐντεῦθεν
2861 3663 3079 3733 ἀπάρας
3136 3661 3319 3715 οἴκαδε
3364 3660 3582 3715 ἀπίτω·
3629 3658 3903 3728 ἀμυήτοις
3953 3656 4064 3728 γὰρ

783 3760 1154 3832 συμπολεμεῖν
1199 3761 1299 3813 οὐκ
1356 3762 1642 3832 ἀνέξομαι.

1017 3852 1182 3922 915
1222 3851 1421 3907 'CAP.
1462 3853 1527 3908 ιι.
1573 3852 1656 3924 [ο.
1684 3853 1765 3907 St.
1794 3853 1897 3909 cu.
1937 3854 1998 3908 v.
2034 3852 2114 3925 4.]

855 3942 933 3997 De
973 3945 1145 3997 reditu
1183 3945 1564 4012 episcoporum,
1598 3956 1647 3999 et
1681 3948 2018 4001 ordinatione
2053 3945 2290 4001 Paulini.

858 4115 982 4170 llzec
1013 4115 1235 4170 Juliano
1278 4125 1563 4187 comperta
1611 4131 1737 4171 cum
1778 4126 1984 4182 essent,
2021 4116 2363 4187 impietatem

783 4208 955 4261 animi
1000 4208 1084 4263 sui
1118 4223 1225 4262 non
1266 4208 1552 4277 prodebat.
1577 4207 1830 4261 (nimium
1868 4216 2053 4261 autem
2099 4215 2366 4276 appetens

786 4300 1249 4363 ὶιιειιενυιεηιίοηι,
1279 4299 1572 4370 episcopos
1610 4299 1874 4355 Ecelesiis
1921 4299 2131 4369 ejectos
2153 4315 2183 4353 a
2218 4297 2365 4354 Cou-

786 4393 1015 4456 stantio,
1066 4391 1277 4447 ultimis
1313 4392 1369 4446 in
1420 4392 1536 4446 oris
1581 4392 1914 4459 habitantes,
1975 4392 2044 4446 ad
2091 4390 2367 4447 Ecclesias

786 4496 918 4536 suas
941 4482 1155 4549 regredi
1172 4482 1364 4551 jussit.
1388 4481 1506 4550 Qua
1540 4484 1659 4556 lege
1683 4484 1987 4555 proposita,
2014 4483 2366 4539 Antiochiam

786 4584 1014 4638 divinus
1044 4582 1316 4646 Meletius,
1349 4585 1737 4641 Alexandriam
1775 4586 2170 4640 celeberrimus
2198 4583 2369 4636 Atha-

788 4676 1004 4739 nasius,
1032 4677 1267 4734 rediere.
1294 4676 1567 4734 Eusebius
1598 4693 1731 4735 vero
1749 4687 1805 4733 et
1825 4676 2072 4732 Hilarius
2104 4677 2368 4739 abitalia,

3068 3844 3319 3896 ΚΕΦΑᾹ.
3374 3841 3447 3895 η’.

2466 3937 2605 4008 Περὶ
2636 3939 2682 3970 ⁸⁸
2712 3937 2821 4007 τῆς
2855 3935 3158 4008 ἐπανόδου
3219 3934 3338 3988 τῶν
3404 3934 3776 4008 ἐπισκόπων,
3820 3930 3925 3982 καὶ
3956 3929 4066 3998 τῆς

2882 4007 3193 4061 Παυλίνου
3233 4003 3625 4074 χειροτονίας.

2530 4101 2720 4158 Ταῦτα
2784 4099 3067 4163 Ἰουλιανὸς
3094 4097 3281 4167 σαφῶς
3330 4095 3716 4165 ἐπιστάμενος,
3767 4093 3829 4145 τὸ
3873 4092 4067 4153 δυσσε-

2463 4197 2555 4261 ϐὲς
2595 4196 2694 4266 τῆς
2745 4194 2926 4265 ψυχῆς
2956 4193 3059 4246 οὐκ
3088 4190 3343 4261 ἐπίδηλον
3389 4185 3561 4260 εἶχεν.
3614 4188 3709 4250 Εἰς
3753 4185 3982 4239 εὔνοιαν
4010 4188 4068 4241 δὲ

2464 4288 2713 4353 ἅπαντας
2743 4286 3130 4358 ἐφελκόμενος,
3180 4284 3277 4338 καὶ
3330 4283 3458 4347 τοὺς
3523 4281 3627 4335 ὑπὸ
3678 4280 4069 4333 Κωνσταντίου

2462 4382 2573 4434 τῶν
2635 4379 2973 4451 Ἐκκλησιῶν
3012 4377 3368 4443 ἐξελαθέντας
3412 4374 3770 4437 ἐπισκόπους,
3821 4373 3920 4425 καί
3969 4374 4072 4436 τὰς

2465 4474 2724 4545 ἐσχατιὰς
2747 4473 2847 4542 τῆς
2887 4471 3217 4541 οἰκουμένης
3264 4468 3574 4533 οἰκοῦντας,
3610 4467 3688 4529 είς
3720 4465 3819 4527 τὰς
3856 4467 4074 4529 οἰκείας

2467 4567 2785 4620 ἐπανελθεῖν
2853 4564 3184 4635 Ἐκκλησίας
3236 4559 3559 4632 προσέταξε.
3620 4558 3825 4611 Τούτου
3865 4558 3935 4629 δὴ
3977 4554 4076 4612 οὖν

2467 4660 2560 4713 τοῦ
2590 4660 2756 4731 νόμου
2782 4659 3054 4725 τεθέντος,
3080 4658 3159 4721 εἰς
3193 4656 3296 4727 μὲν
3326 4654 3426 4724 τὴν
3459 4652 3791 4722 Ἀντιόχειαν
3826 4652 4076 4722 tmarii-

786 4776 843 4820 (τι
871 4766 1090 4823 Lucifer
1118 4768 1387 4825 Sardiniae
1438 4771 1634 4827 insulae
1678 4770 1936 4833 antistes,
1967 4769 2022 4824 in
2074 4767 2358 4824 Thebaide

2473 4751 2563 4806 θεν
2616 4753 2646 4804 6
2697 4751 2839 4815 θεῖος
2880 4750 3169 4815 Μελέτιος,
3221 4751 3301 4811 εἰς
3354 4747 3410 4800 δὲ
3454 4745 3552 4817 τὴν
3600 4743 4019 4815 Ἀλεξάνδρειαν
4048 4746 4077 4798 6

784 4860 1027 4931 Aigypto
1054 4861 1285 4917 ﬁnitima
1338 4863 1634 4935 degebant,
1670 4879 1782 4933 quo
1823 4861 2051 4933 relegati
2090 4862 2308 4917 fuerant
2339 4876 2369 4915 a

787 4955 1137 5009 Constantio.
1184 4954 1249 5009 lli
1302 4970 1427 5010 cum
1453 4957 1578 5011 aliis
1607 4956 1801 5011 eadem
1841 4954 2213 5010 sentientibus
2238 4969 2373 5008 eon-

792 5046 1025 5116 gregati,
1066 5046 1345 5101 Ecclesias
1376 5046 1633 5102 dicebant
1688 5047 1742 5100 in
1777 5045 2135 5100 concordiam
2182 5043 2373 5100 reduci

792 5147 1067 5207 oportere.
1107 5138 1223 5194 Non
1257 5139 1401 5194 enim
1442 5155 1537 5195 eas
1598 5140 1777 5194 solum
1834 5138 2248 5208 oppugnabant,
2279 5136 2374 5205 qui

792 5230 1130 5286 contrariam
1167 5230 1473 5285 doctrinam
1507 5231 1883 5293 sectabantur,
1917 5229 2013 5284 sed
2055 5230 2189 5299 ipsae
2211 5228 2375 5282 etiam

796 5324 942 5380 inter
980 5340 1038 5379 se
1074 5324 1420 5381 dissidebant
1452 5341 1466 5378 :
1510 5325 1817 5380 Antiochiae
1855 5324 2129 5395 siquidem
2180 5337 2375 5379 sanum

796 5431 996 5486 corpus
1020 5415 1280 5471 Ecclesiae
1308 5416 1444 5473 duas
1474 5416 1529 5472 in
1576 5425 1761 5488 partes
1790 5417 2028 5472 divisum
2057 5422 2200 5471 erat.
2236 5413 2372 5468 Nam

2478 4846 2860 4917 πολυΰμνητος
2903 4844 3240 4906 Ἀθανάσιος.
3272 4840 3533 4903 Εὐσέϐιος
3585 4839 3663 4902 δὲ,
3692 4837 3788 4890 καὶ
3839 4836 4077 4908 Ἰλάριος

2476 4941 2596 4993 ὁὲκ
2628 4943 2724 5010 τῆς
2777 4937 3003 5001 Ἰταλίας
3059 4937 3127 5003 ⁸⁸,
3189 4936 3285 4990 καὶ
3320 4934 3599 5004 Λουκίφερ
3654 4932 3684 4985 6
3737 4930 3929 5001 Σαρδὼ
3974 4930 4077 5001 τὴν

2478 5033 2641 5103 νῆσον
2674 5032 2984 5103 ποιμαίνειν
3032 5028 3236 5099 λαχὼν,
3282 5030 3341 5081 ὲν
3386 5029 3454 5098 τῇ
3513 5024 3769 5097 Θηϐαίων
3813 5025 3882 5093 τῇ
3937 5025 4081 5091 πρὸς

2479 5128 2756 5197 Αἴγυπτον
2808 5128 3012 5197 διῆγον·
3070 5129 3187 5181 ἐκεῖ
3215 5125 3325 5195 γὰρ
3362 5124 3559 5187 αὐτοὺς
3609 5124 3639 5176 6
3690 5119 4081 5184 Κωνστάντιος

2485 5225 2908 5295 ὲξωστράκισεν.
2948 5217 3106 5279 Οὗτοι
3138 5225 3234 5277 σὺν
3258 5223 3372 5286 τοῖς
3416 5221 3597 5283 ἄλλοις
3638 5218 3907 5290 όμόφροσι
3933 5219 4082 5271 κατά

2484 5318 2679 5372 ταύτὸν
2707 5319 2751 5350 ⁸⁷
2782 5316 3085 5387 γενόμενοι,
3128 5316 3330 5387 χρῆναι
3367 5313 3466 5378 τάς
3516 5309 3842 5381 Ἐκκλησίας
3886 5309 4082 5377 ἔλεγον

2485 5415 2562 5477 είς
2597 5414 2726 5485 μίαν
2766 5416 3097 5483 συναγαγεῖν
3136 5412 3478 5483 συμφωνίαν.
3510 5410 3585 5463 Οὐ
3622 5409 3730 5480 γὰρ
3775 5407 3941 5478 μόνον
3975 5407 4079 5460 αὖ·

2090 5548 2329 5605 νΑῐὶΙίΕ
2372 5548 2783 5605 LECTIONES.

873 5691 921 5722 ⁸⁸
957 5691 1333 5761 ὲπεμέμψατο.
1371 5692 1515 5745 ldo-nt
1558 5709 1681 5743 rum
1715 5691 1905 5759 Steph.

2008 5692 2053 5723 “
2097 5690 2313 5744 παλτῶν
2344 5692 2579 5745 malebat
2607 5690 2875 5766 Valesius.
2909 5704 3225 5766 quanquam
3258 5695 3309 5741 et
3342 5686 3547 5754 πέλτην
3572 5684 3821 5766 .jaeulum
3854 5684 4080 5766 signicﬁo

799 5776 925 5813 care
951 5757 1218 5814 concedit.
1292 5764 1336 5794 ⁵⁵
1370 5762 1568 5817 Itertnu
1609 5762 1695 5814 hic
1726 5757 1958 5815 duorum
1981 5764 2232 5832 capituur
2263 5772 2607 5832 argumenta,
2669 5770 2726 5832 ut
2755 5757 3116 5832 capita__ipsa_,
3146 5759 3204 5813 in
3240 5773 3407 5832 unum
3461 5757 3911 5832 t_'onjut_icta_per_

802 5835 1077 5885 mendum.
1159 5834 1201 5865 ""~‘
1231 5835 1291 5886 υἱ
1333 5836 1393 5886 ἐκ
1421 5852 1465 5885 τ.
1518 5834 1763 5917 Ἰταλίας.
1798 5834 1959 5890 llasil.
2003 5828 2093 5888 Gr.
2131 5843 2185 5889 ct
2216 5828 2552 5900 l'tui'codex,
2614 5831 2876 5904 prolrantc
2935 5828 3171 5886 Vulcsio.

3279 5828 3323 5861 ⁸⁷
3359 5825 3479 5882 κατ’
3529 5826 3706 5880 αὐτόν.
3766 5822 3935 5880 Basil.
3972 5822 4075 5880 Gr.
