4218 6456
193 438 327 503 1039

1175 441 1764 501 ΕΟΩΙΕΒΙΑΞΤΙΕᾹΞ
1809 444 2189 506 HISTORle
2229 450 2371 509 LIB.
2416 450 2496 508 Π.

3296 452 3429 515 1090

183 552 280 614 τάς
316 550 366 602 el
407 546 667 602 τάναντία
728 545 1052 617 φρονοῦντες
1084 547 1452 617 ἐπολιόρκουν,
1479 548 1613 601 ἀλλὰ
1665 549 1757 601 καὶ
1786 557 1831 611 Α

1786 557 1831 611 Α
1860 561 1911 605 et
1940 555 2031 622 qui
2086 570 2143 608 se
2179 556 2247 609 ab
2292 556 2413 609 aliis
2452 555 2610 609 initio
2672 556 3109 626 pr:estantissimi
3157 557 3426 614 Eustatmi

184 645 346 694 αὐταὶ
385 641 519 710 πρὸς
550 639 747 700 ἐαυτάς
792 639 1125 702 ἐστασίαζον.
1165 640 1271 691 Καὶ
1313 641 1420 710 γὰρ
1454 641 1511 692 ἐν
1542 642 1755 693 ’Ἀντιο-

183 737 307 806 χεία
342 736 466 807 διχῆ
494 736 554 789 τὸ
591 737 832 805 ὑγιαῖνον
881 735 1042 805 σῶμα
1080 737 1177 805 τῆς
1210 736 1535 805 Ἐκκλησίας
1574 737 1760 809 διῄρη-

181 845 264 884 το.
311 830 379 881 Oi’
412 846 472 881 τε
501 830 610 900 γάρ
645 829 704 894 ἐξ
743 828 916 901 ἀρχῆς
967 830 1262 882 Εὐσταθίου
1300 830 1458 898 χάριν
1485 828 1578 882 τοῦ
1626 846 1758 882 παν-

183 922 436 991 ευφήμου
504 922 614 974 τῶν
679 923 851 977 ἀλλων
902 921 1288 991 ἀποκριθέντες
1346 921 1466 974 καθ’
1535 923 1761 985 ἐαυτούς

185 1013 621 1083 συνηθροίζοντο,
655 1016 746 1066 καὶ
778 1016 826 1067 οί
857 1014 995 1084 μετά
1040 1014 1301 1067 Μελετίου
1333 1013 1426 1066 τοῦ
1456 1012 1758 1084 θαυμασίου

184 1106 285 1175 τῆς
328 1107 672 1177 Ἀρειανικῆς
706 1108 1014 1178 συμμορίας
1059 1106 1438 1178 χωρισθέντες,
1483 1108 1540 1160 ἐν
1570 1110 1636 1177 τῇ
1675 1107 1762 1158 λε·

183 1198 398 1270 γομένῃ
446 1198 490 1230 ⁸⁸
545 1198 755 1271 Παλαιᾷ
807 1200 907 1261 τὰς
947 1198 1288 1269 λειτουργίας
1329 1198 1612 1251 ἐπετέλουν
1663 1199 1760 1261 τὰς

185 1290 361 1353 θείας.
388 1290 498 1345 Καὶ
527 1286 595 1361 ἦν
631 1292 728 1361 μὲν
756 1291 960 1345 τούτων
1003 1294 1270 1345 κάκείνων
1317 1292 1413 1363 μία
1452 1291 1760 1363 ἠὸμολογία

182 1382 283 1452 τῆς
322 1382 582 1446 πίστεως·
614 1385 873 1454 ἑκάτερον
898 1384 942 1415 ⁸⁵
989 1385 1097 1454 γάρ
1138 1384 1387 1454 σύστημα
1416 1385 1510 1453 τῆς
1538 1385 1581 1414 ⁷⁰
1616 1386 1761 1437 ἐντε-

184 1474 373 1543 θείσης
407 1476 465 1528 ἐν
494 1476 697 1545 Νικαίᾳ
731 1475 1075 1539 διδασκαλίας
1110 1476 1465 1547 ὑπερεμάχει.
1513 1476 1663 1546 Μόνη
1704 1475 1758 1528 δὲ

182 1569 386 1631 αὐτοὺς
431 1568 547 1639 ἔρις
598 1571 692 1622 ἀπ’
727 1570 970 1640 ἀλλήλων
1020 1570 1217 1640 διίστη,
1271 1573 1361 1624 καὶ
1395 1572 1429 1641 ἠ
1471 1572 1597 1639 περὶ
1636 1571 1759 1631 τοὺς

182 1662 525 1731 ἡγουμένους
546 1662 781 1726 διάθεσις
813 1662 851 1693 ’¹
878 1662 1051 1735 [128].
1086 1663 1219 1715 Οὐδὲ
1241 1664 1286 1695 ⁷⁸
1323 1662 1431 1734 γὰρ
1464 1664 1497 1733 ἡ
1535 1662 1758 1733 θατέρου

178 1755 413 1825 τελευτὴ
452 1756 662 1809 διέλυσε
693 1756 789 1826 τὴν
820 1756 1121 1810 διάστασινο
1157 1756 1267 1827 πρὸ
1306 1758 1415 1827 γὰρ
1456 1757 1553 1827 τῆς
1585 1757 1758 1809 Mals-

1860 658 2024 699 causa
2064 654 2437 715 scgregarant,
2468 649 2693 701 seorsim
2733 659 3037 705 conventus
3071 656 3306 721 agebant
3335 670 3347 704 :
3377 662 3428 704 ct

1860 737 1950 804 qui
1988 752 2046 791 se
2078 752 2201 788 cum
2235 737 2541 791 admirabili
2596 737 2811 793 Melelio
2850 742 2917 794 ab
2955 743 3157 797 Ariana
3191 743 3428 799 factione

1858 828 2260 895 disiunxerant,
2285 829 2337 882 in
2356 827 2553 893 Palma,
2572 846 2734 899 quam
2761 841 2977 894 vocant,
3007 833 3187 889 divina
3222 844 3427 905 myste-

1860 921 1937 972 ria
1967 918 2338 973 celebrabant.
2370 918 2607 988 Eratque
2641 930 2755 974 tum
2799 921 3030 975 istorqu
3054 930 3167 976 tum
3204 926 3423 979 illortun

1862 1024 1967 1062 una
2004 1008 2123 1062 fidei
2152 1010 2448 1064 confessio.
2486 1009 2710 1079 Utrique
2739 1015 2879 1065 enim
2908 1016 3211 1082 expositam
3236 1015 3426 1070 Nicaea:

1860 1098 2169 1152 doctrinam
2207 1099 2646 1168 prepugnabant.
2682 1102 2807 1153 Sola
2846 1104 2967 1156 illos
3002 1103 3169 1176 916
3197 1118 3425 1159 conten—

1861 1191 1958 1253 tio,
1997 1199 2050 1245 et
2113 1190 2167 1245 in
2226 1193 2486 1261 praasules
2515 1208 2644 1247 suos
2680 1208 2833 1246 amor
2863 1196 3155 1250 divellebat
3198 1215 3213 1253 :
3251 1214 3313 1251 ae
3361 1215 3427 1253 ne

1863 1289 2039 1334 morte
2094 1282 2312 1351 quidem
2359 1283 2585 1340 alterius
2638 1285 2907 1352 dirempta
2976 1296 3060 1341 est
3126 1288 3424 1343 discordia.

1862 1370 2075 1426 Mortuo
2104 1374 2248 1426 enim
2301 1384 2427 1429 ante
2467 1374 2667 1430 Meletii
2730 1376 3064 1431 creationem
3119 1379 3427 1444 Eustathio,

1860 1479 1982 1518 cum
2010 1465 2231 1533 pictatis
2266 1468 2527 1531 cultores,
2569 1477 2689 1537 post
2719 1471 2977 1523 exsilium
3026 1470 3224 1525 Meletii
3273 1488 3428 1526 crea-

1859 1567 2176 1637 tionemque
2217 1566 2430 1629 Euzoii,
2485 1568 2554 1622 ab
2611 1568 2902 1637 impiorum
2950 1574 3333 1627 communione
3371 1591 3430 1629 se

1862 1660 2279 1725 sobduxissmit,
2308 1672 2360 1714 et
2383 1671 2665 1730 separatos
2694 1674 2999 1718 conventus
3022 1666 3305 1730 haberent,
3333 1668 3430 1721 ad-

1863 1751 1992 1806 duci
2026 1767 2133 1805 non
2168 1759 2463 1820 potuerunt
2488 1754 2856 1818 Eustathiani,
2884 1764 2942 1809 ut
2964 1772 3086 1810 enin
3110 1758 3189 1811 eis
3213 1773 3271 1813 se
3293 1774 3429 1813 eon-

178 1847 297 1900 τίου
324 1848 656 1918 χειροτονίας
682 1847 976 1901 Εὐσταθίου
1010 1848 1475 1918 τετελευτηκότος,
1527 1848 1621 1901 καὶ
1650 1848 1757 1899 τῶν

1857 1844 2164 1913 iungerent.
2220 1842 2389 1913 llnjus
2442 1860 2573 1909 ergo
2629 1846 3031 1914 conjunctionis
3087 1852 3429 1920 perficienda:

179 1939 279 2005 τῆς
326 1939 609 2003 εὐσεϐείας
637 1940 1011 2010 ἀντεχομένων
1048 1939 1186 2010 μετά
1237 1940 1334 2011 τὴν
1374 1940 1633 1993 Μελετίου
1666 1939 1761 2008 μὲν
1796 1919 1838 1974 Β

1796 1919 1838 1974 Β
1867 1936 2004 1989 viam
2062 1935 2439 2005 rationemque
2490 1936 2757 1992 Eusebius
2806 1946 2860 1991 et
2906 1919 3129 1995 Lucifer
3171 1944 3428 2011 exquire-

178 2027 421 2096 ἐξορίαν,
473 2028 714 2092 Εὐζωῖου
770 2028 825 2082 δέ
884 2029 1237 2098 χειροτονίαν,
1273 2028 1372 2097 τῆς
1418 2026 1527 2078 τῶν
1572 2025 1760 2077 δυσσε-

1864 2026 1993 2081 bant
2030 2042 2044 2079 :
2085 2025 2386 2095 orabatque
2425 2025 2696 2083 Eusebius
2734 2026 3071 2095 Luciferum,
3102 2040 3159 2085 ut
3187 2034 3426 2088 Alexan-

179 2117 424 2170 ϐούντων
458 2120 738 2183 κοινωνίας
789 2120 836 2152 ⁷³
883 2118 1307 2191 ἀποκριθέντων,
1339 2120 1433 2172 καὶ
1488 2116 1757 2171 καθ’ἐαυ-

1861 2116 2039 2172 driam
2083 2123 2312 2185 peteret,
2355 2125 2409 2169 et
2461 2130 2584 2170 cum
2621 2132 2817 2187 magno
2851 2118 3151 2175 Athanasio
3174 2138 3235 2175 ea
3267 2124 3333 2177 de
3372 2139 3429 2177 re

176 2213 306 2274 τοὺς
355 2210 875 2283 συναθροιζομένων,
935 2211 1273 2281 συναφθῆναι
1308 2214 1518 2273 τούτοις
1570 2212 1618 2263 ei
1661 2209 1755 2263 ἀπ’

1861 2206 2317 2268 communicaret,
2343 2207 2443 2260 sibi
2474 2215 2653 2262 autem
2682 2211 2993 2265 concordia:
3022 2211 3262 2267 laborem
3284 2230 3430 2269 cum:

181 2303 483 2357 Εὐσταθίου
514 2308 614 2375 τὴν
667 2304 980 2375 ἐπωνυμίαν
1018 2305 1226 2375 ἔχοντες
1262 2304 1360 2358 οὐκ
1405 2302 1752 2373 ἐπείσθησαν.

462 2324 483 2357 υ
514 2308 614 2375 τὴν
667 2304 980 2375 ἐπωνυμίαν
1018 2305 1226 2375 ἔχοντες
1262 2304 1360 2358 οὐκ
1405 2302 1752 2373 ἐπείσθησαν.
1864 2298 2128 2353 futurmu.

179 2397 358 2467 Τῆσδε
414 2400 512 2468 τῆς
568 2399 861 2467 συναφείας
915 2401 963 2452 οἱ
1012 2400 1137 2469 περὶ
1188 2400 1281 2452 τὸν
1334 2397 1591 2450 Εὐσέϐιον
1656 2396 1747 2448 καὶ¹
1784 2392 2091 2461 Λουκίφερα
2114 2390 2279 2458 πόρον
2330 2388 2627 2460 ἐπεζήτουν
2692 2394 2889 2462 εὐρεῖν.
2948 2396 3057 2447 Καὶ
3116 2396 3429 2468 Λουκίφερα

182 2488 282 2557 μὲν
326 2491 357 2541 ὁ
412 2489 671 2554 Εὐσέϐιος
735 2491 834 2560 τὴν
894 2491 1299 2563 Ἀλεξάνδρειαν
1351 2490 1501 2559 ἠξίου
1581 2487 1927 2549 καταλαϐεῖν,
1982 2485 2075 2537 καὶ
2117 2484 2416 2553 Ἀθανασίῳ
2462 2483 2540 2555 τῷ
2596 2487 2816 2559 μεγάλῳ
2886 2486 3242 2542 κοινώσασθαι
3305 2494 3431 2560 περὶ

180 2577 401 2632 τούτου·
446 2578 611 2641 αὐτὸς
655 2579 713 2633 δέ
770 2596 832 2649 γε
888 2580 978 2634 τὸν
1029 2582 1156 2651 περὶ
1200 2580 1298 2648 τῆς
1342 2580 1383 2610 ⁷⁸
1436 2579 1755 2650 συμϐάσεως
1799 2576 1986 2648 ἤθελεν
2042 2573 2393 2640 ἀναδέξασθαι
2420 2574 2465 2605 ⁷⁸
2523 2575 2700 2630 πόνον.

265 2779 412 2833 Ἀλλ’
468 2781 497 2833 δ
549 2781 821 2853 Δουκίφερ
884 2783 964 2844 είς
1040 2782 1139 2852 μὲν
1194 2782 1293 2853 τὴν
1360 2780 1763 2852 Ἀλεξάνδρειαν

182 2872 287 2925 οὐκ
333 2873 587 2939 ἀφίκετο.
636 2874 735 2943 τὴν
803 2874 1076 2944 Ἀντιόχου
1144 2874 1201 2927 δὲ
1264 2875 1417 2927 πόλιν
1477 2875 1761 2928 κατέλαϐε.

185 2964 427 3028 Πολλοὺς
470 2966 527 3019 δὲ
587 2969 714 3037 περὶ
781 2967 1104 3037 συμϐάσεως
1157 2967 1349 3036 λόγους
1399 2967 1492 3021 καὶ
1554 2967 1765 3030 τούτοις

185 3056 465 3120 κάκείνοις
496 3057 901 3127 προσενεγκὼν,
930 3051 1071 3112 εἶτα⁶
1093 3058 1215 3112 ίδὼν
1245 3060 1621 3127 ἀντιλέγοντας
1636 3060 1763 3123 τούς

183 3151 285 3219 τῆς
338 3152 641 3206 Εὐσταθίου
690 3154 1021 3225 συμμορίας,
1058 3156 1243 3223 ἡγεῖτο
1300 3154 1355 3208 δὲ
1384 3153 1585 3224 ταύτης
1612 3154 1759 3206 Παυ-

184 3244 329 3311 λῖνος
382 3246 747 3318 πρεσϐύτερος
799 3248 895 3311 ὢν,
960 3250 1367 3319 ἐχειροτόνησεν
1426 3250 1627 3314 αὐτοῖς,
1661 3250 1759 3303 οὐκ

184 3334 248 3392 εὖ
286 3356 353 3408 γε
406 3340 596 3405 ποιῶν,
627 3340 717 3395 τὸν
750 3340 1012 3395 Παυλῖνον
1035 3341 1350 3397 ἐπίσκοπον.

255 3539 432 3592 τοῦτο
477 3538 575 3609 τὴν
627 3538 909 3593 διάστασιν
958 3540 1171 3611 ἐκείνην
1206 3540 1549 3610 μακροτέραν
1580 3539 1765 3608 εἰργά-

187 3648 341 3688 σατο.
401 3632 568 3684 Πέντε
624 3632 733 3700 γάρ
785 3633 880 3685 καὶ⁸
938 3632 1268 3703 ὀγδοήκοντα
1330 3632 1595 3701 διέμεινεν
1646 3632 1760 3701 ἔτη,

187 3725 357 3794 μέχρι
406 3726 505 3792 τῆς
574 3724 922 3793 Ἀλεξάνδρου
950 3723 1044 3777 τοῦ
1082 3724 1261 3795 πάσης
1310 3724 1582 3793 εὐφημίας
1612 3724 1761 3787 ἀξίου

184 3816 501 3887 προεδρίας
560 3817 620 3879 ὃς
684 3817 785 3885 τῆς
848 3817 1163 3887 Ἀντιοχέων
1222 3818 1549 3887 Ἐκκλησίας
1589 3818 1764 3887 ἐγχει-

186 3909 401 3980 ρισθεὶς
447 3909 516 3961 τά
574 3908 827 3979 πηδάλια,
891 3910 1067 3963 πάντα
1134 3912 1301 3981 πόρον
1358 3911 1605 3980 κινήσας,
1671 3911 1764 3963 καὶ

186 4004 376 4055 πᾶσαν
426 4001 564 4071 ὑπὲρ
613 4004 712 4072 τῆς
765 4001 1018 4071 ὁμονοίας
1068 4003 1386 4069 εἰσενέγκας
1434 4002 1668 4071 σπουδήν
1704 4020 1763 4055 τε

185 4096 283 4147 καὶ
338 4093 667 4163 προθυμίαν,
725 4094 787 4146 τὸ
825 4095 1226 4165 κεχωρισμένον
1288 4094 1445 4165 μέλος
1485 4094 1558 4164 τῷ
1592 4094 1764 4163 λοιπῷ

186 4187 288 4257 τῆς
337 4185 661 4256 Ἐκκλησίας
713 4186 1020 4256 συνήρμοσε
1073 4185 1306 4256 σώματι.
1335 4185 1467 4239 Τότε
1494 4186 1551 4238 δὲ
1587 4187 1630 4217 ⁷⁸
1667 4186 1764 4257 τὴν

185 4280 473 4332 διάστασιν
519 4280 548 4331 δ
607 4276 883 4349 Λουκίφερ
935 4277 1196 4347 αὐξήσας,
1256 4278 1506 4331 πλεῖστον
1547 4279 1604 4332 ἐν
1652 4279 1767 4332 Ἀν-

184 4372 399 4442 τιοχεία
470 4370 711 4443 διέτριψε
791 4371 1004 4442 χρόνον.
1062 4371 1121 4424 '0
1172 4371 1231 4424 δέ
1281 4389 1343 4440 γε
1387 4370 1645 4434 Εὐσέϐιος
1687 4377 1765 4439 είς

187 4465 289 4535 τὴν
353 4464 680 4533 Ἀντιόχειαν
737 4463 1086 4533 ἀφικόμενος,
1123 4465 1218 4516 καὶ
1254 4465 1414 4533 γνοὺς
1442 4465 1504 4516 ἐκ
1540 4465 1635 4531 τῆς
1665 4467 1765 4519 οὐκ

187 4560 404 4629 ἀγαθῆς
447 4560 687 4629 ἰατρείας
744 4558 993 4612 δυσίατον
1057 4559 1115 4612 τὸ
1167 4558 1333 4622 πάθος
1382 4560 1762 4628 γεγενημένον,

188 4653 270 4717 είς
332 4653 432 4720 τὴν
488 4651 726 4722 ἑσπέραν
758 4651 1118 4705 ἀπέπλευσεν.
1169 4651 1226 4704 ὐ
1279 4652 1335 4705 δὲ
1381 4651 1655 4721 Λουκίφερ
1684 4654 1763 4717 εἰς

187 4745 288 4815 τὴν
342 4742 531 4813 Σαρδὼ
593 4744 1051 4814 παραγενόμενος,
1104 4744 1270 4815 ἕτερά
1338 4761 1461 4797 τινα
1511 4746 1621 4806 τοῖς
1672 4746 1763 4797 ἐκ-

189 4837 599 4906 κλησιαστικοτς
648 4834 998 4906 προστέθεικε
1040 4836 1321 4906 δόγμασιν
1382 4838 1430 4890 οἱ
1483 4836 1540 4889 δὲ
1597 4837 1766 4891 ταῦτα

190 4928 639 4997 καταδεξάμενοι,
696 4930 760 4982 ἐκ
825 4927 927 4997 τῆς
994 4927 1185 4981 τούτου
1249 4929 1616 5000 προσηγορίας
1676 4934 1768 4985 καὶ

188 5026 289 5093 τὴν
325 5023 640 5093 ἐπωνυμίαν
682 5024 937 5094 εἰλήφασι
971 5025 1035 5055 ⁷⁷·
1077 5024 1492 5095 Λουκιφεριανοὶ
1526 5024 1633 5092 γὰρ
1676 5027 1767 5080 ἐπὶ

188 5116 448 5169 ¹πλεῖστον
489 5116 827 5186 ὠνομάζοντο
856 5116 1062 5187 χρόνον.
1110 5115 1347 5182 Ἀπέσϐη
1380 5116 1436 5168 δὲ
1476 5116 1572 5168 καὶ
1609 5118 1764 5172 τοῦτο

188 5208 252 5263 τὸ
293 5208 494 5279 δόγμα,
541 5209 632 5262 καὶ
680 5208 951 5279 παρεδόθη
986 5211 1050 5278 τῇ
1101 5208 1259 5279 λήθῃ.
1316 5208 1499 5261 Ταῦτα
1540 5208 1638 5278 μὲν
1670 5207 1763 5263 οὖν

192 5301 334 5372 μετά
360 5302 461 5373 τὴν
491 5301 745 5356 ἐπάνοδον
772 5302 879 5354 τῶν
906 5302 1216 5355 ἐπισκόπων
1245 5301 1481 5369 ἐγένετο.

1938 2776 2059 2850 [Ch.
2098 2775 2161 2831 Υ.
2184 2776 2262 2848 5.]
2291 2778 2355 2831 At
2376 2776 2597 2833 Lucifer
2624 2779 3015 2839 Alexandriam
3045 2801 3152 2840 non
3185 2796 3268 2843 est
3306 2805 3430 2859 pro-

1864 2868 2064 2930 fectus,
2100 2869 2195 2923 sed
2225 2869 2571 2923 Antiochiam
2610 2872 2915 2928 contendit.
2956 2873 3055 2929 Ubi
3079 2882 3429 2935 concordiam

1863 2965 1877 2981 '
1911 2961 2201 3029 utriusque
2242 2960 2466 3029 cepiosa
2497 2962 2748 3017 oratione
2776 2979 2898 3019 cum
2937 2969 3213 3036 suaderet,
3251 2990 3315 3027 ac
3343 2992 3430 3027 re-

1864 3052 2171 3105 clamantes
2208 3050 2415 3104 videret
2450 3052 2866 3121 Eustathianos,
2912 3072 3142 3126 quorum
3174 3064 3432 3133 print:va

1866 3151 1984 3197 erat
2010 3140 2274 3195 Paulinus
2303 3144 2610 3213 presbyter,
2629 3142 2921 3200 Paulinum
2954 3148 3110 3218 ipsis,
3141 3153 3287 3223 quod
3317 3157 3433 3212 fieri

1867 3235 2092 3289 minime
2119 3235 2331 3301 debuit,
2362 3235 2683 3306 episcopum
2714 3237 3010 3296 ordinavit.

1936 3553 2020 3625 ιῐι.
2046 3564 2099 3611 et
2123 3554 2204 3610 St.
2237 3554 2313 3627 5.]
2354 3555 2426 3609 Ea
2461 3572 2549 3613 res
2572 3557 2973 3616 dissensionem
3025 3563 3168 3617 illam
3220 3565 3434 3623 diutur-

1863 3648 2069 3699 niorem
2100 3647 2297 3701 effecit.
2324 3646 2552 3702 Duravit
2574 3650 2717 3704 enim
2743 3653 2906 3707 annis
2943 3654 3186 3725 quinque
3208 3668 3261 3711 et
3288 3668 3435 3712 octo-

1862 3740 2033 3809 ginta.
2072 3755 2246 3808 usque
2281 3738 2346 3794 ad
2384 3744 2735 3811 praesulatum
2794 3744 3163 3803 laudatissimi
3196 3751 3430 3806 Alexan-

1861 3828 1968 3891 dri,
2011 3830 2127 3897 qui,
2155 3830 2505 3886 Amioehenze
2540 3830 2800 3889 Ecclesia:
2835 3837 3269 3906 gubernaculum
3306 3844 3434 3897 ade-

1864 3929 2009 3989 ptus,
2047 3921 2153 3975 viis
2188 3922 2445 3977 omnilms
2485 3924 2732 3987 tentatis,
2786 3941 3111 3998 summoque
3159 3946 3259 4000 pro
3302 3947 3434 3986 con-

1863 4015 2049 4067 cordia
2100 4014 2284 4067 studio
2340 4023 2393 4068 et
2458 4016 2736 4071 voluntate
2790 4018 3054 4086 adhibita,
3109 4022 3430 4079 distractum

1864 4107 2170 4161 membrum
2192 4122 2315 4161 cum
2347 4107 2557 4177 reliquo
2593 4107 2851 4164 Ecclesia!
2874 4126 3105 4181 corpore
3132 4118 3430 4185 copulavit.

1864 4198 1965 4252 Sed
1999 4196 2239 4257 Lucifer.
2269 4206 2427 4250 aucta
2461 4205 2595 4253 tunc
2646 4200 2946 4265 discordia,
3000 4204 3163 4273 longe
3194 4215 3433 4277 tempore

1869 4288 2176 4342 Antioehia:
2229 4296 2473 4343 moratus
2503 4299 2605 4345 est.
2647 4289 2914 4348 Eusebius
2958 4293 3121 4364 917
3156 4312 3283 4351 vero
3319 4300 3432 4352 An-

1864 4381 2124 4434 tiochiam
2166 4396 2291 4434 eum
2343 4381 2606 4444 venisset,
2651 4384 2900 4437 morbum
2943 4402 3175 4442 cernens
3222 4405 3284 4443 ex
3321 4406 3428 4445 non

1865 4481 2011 4525 recta
2042 4473 2323 4525 curatione
2352 4470 2706 4526 diﬂiciliorem
2742 4471 2968 4539 factum,
3005 4476 3059 4530 in
3092 4477 3428 4533 occidentem

1863 4564 1981 4617 vela
2019 4562 2168 4616 fecit.
2199 4562 2419 4617 Lucifer
2465 4574 2643 4618 autem
2694 4564 2747 4618 in
2790 4565 3095 4621 Sardiniam
3151 4585 3427 4636 reversus,

1868 4656 1971 4707 alia
1993 4653 2236 4723 qumdam
2271 4656 2665 4710 ecclesiasticis
2684 4656 3035 4727 dogmatibus
3059 4661 3279 4730 adjecit,
3311 4679 3431 4732 quae

1866 4750 1960 4818 qui
1991 4748 2223 4815 amplexi
2257 4756 2384 4801 sunt
2420 4748 2488 4802 ab
2528 4749 2648 4818 ejus
2677 4750 2893 4805 nomine
2940 4766 3243 4821 cegnomen
3278 4770 3427 4808 sum-

1864 4843 2114 4905 pserunt,
2147 4845 2199 4889 et
2223 4834 2559 4891 Luciferiani
2601 4836 2694 4891 diu
2740 4839 2992 4908 appellati
3050 4849 3196 4896 sunt.
3231 4840 3426 4898 Verum

1864 4929 1968 4981 hoc
1998 4941 2216 4997 quoque
2257 4927 2451 4999 dogma
2483 4930 2842 4993 exstinctum,
2872 4939 2926 4984 et
2972 4932 3245 4988 oblivione
3276 4949 3428 5002 prorc

1865 5038 1960 5077 sus
1992 5021 2228 5076 deletum
2256 5030 2360 5073 est.
2402 5018 2527 5075 "me
2582 5020 2749 5091 igitur
2782 5031 2904 5092 post
2949 5024 3185 5079 reditum
3218 5025 3428 5095 episeo~

1865 5119 2056 5176 porum
2086 5112 2383 5182 contigere.

1486 5528 1717 5585 VARIE
1751 5531 2151 5590 LECTIONES.

262 5701 309 5734 "
338 5699 506 5754 καλου
515 5701 579 5755 ut!

582 5718 667 5795 νη.
713 5702 885 5795 ἐάσει).
917 5705 1266 5795 cttnt'St'epn.
1300 5711 1390 5795 ﬂ"
1428 5710 1722 5795 ἑκατέρων.
1763 5710 1939 5795 βιιεὶιλ
1976 5711 2068 5795 Cr_.
2128 5712 2191 5795 3°
2235 5712 2789 5795 tﬁ;_éx3¢2qaia;_tﬁ;
2814 5712 3170 5795 £v_V.__ldetn.
3238 5723 3278 5754 ’ί
3334 5723 3435 5795 τὴν

192 5769 455 5867 ςξάθειξῖἒ.
497 5769 779 5867 ἓθρίιίηἳ..
820 5776 885 5867 ’⁷³
912 5777 972 5867 ρύ
1000 5769 1261 5867 γάρηιίξξ.
1470 5769 1874 5867 ⁷ὶλσύμιζιηορίδας.
1907 5781 2094 5867 Steph:
2127 5784 2180 5836 Ξ.
2258 5769 2600 5867 "'A‘r‘ticu‘hts
2630 5769 3213 5867 51,3519numiui-.11
3246 5769 3431 5867 Steph:

194 5841 625 5908 ’³ἀναδέξεσθαέ.
655 5841 1148 5916 ΩΙιι·ἱειιψ1ιοτἐ.’τ⁶
1185 5849 1269 5921 δή.
1304 5849 1465 5905 Basil.
1498 5848 1590 5905 Gr.
1619 5841 1630 5851 ’
1663 5841 1710 5883 θτ
1736 5841 2178 5919 ἐδέξαντοίιάειη
2217 5868 2336 5909 cum
2375 5855 2561 5911 Savilii
2600 5866 2652 5911 et
2695 5855 2809 5909 Pmi
2846 5856 3005 5911 codd.
