4218 6456
812 394 953 462 1095

1805 393 2293 455 THEODORETI
2324 396 2659 457 EPISCOPI
2683 397 3045 459 CYRENSIS

3931 410 4066 473 1095

812 523 909 580 per
936 507 1208 561 contraria
1244 507 1297 560 in
1328 508 1606 562 contraria
1638 507 1796 577 921
1844 517 2210 563 transeuntes.
2254 506 2384 562 Nam

2493 513 2607 564 ἴσον
2661 512 2738 575 εἰς
2759 513 3015 566 ἀσέϐειαν
3058 513 3184 584 ἔφη,
3235 514 3296 567 τὸ
3342 515 3525 569 ὀϐολὸν
3569 518 3697 586 γοῦν
3745 519 3840 574 ἕνα
3880 520 4069 577 δοῦναι

806 617 870 654 cx
899 601 1016 668 ejus
1051 613 1145 652 ore
1177 607 1363 669 postea
1391 600 1647 668 pietatem
1672 599 1936 654 didicere.

2483 604 2559 673 τιξι
2617 603 2793 656 πάντα
2858 603 3060 658 δοῦναι.
3137 604 3324 668 Οὕτως
3388 607 3704 676 ἡττηθέντες
3765 609 4066 673 ἀπέλυσαν,

805 691 1284 763 ύπεραγασθέντες
1312 692 1413 763 τὴν
1450 693 1765 762 καρτερίαν,
1811 694 1907 745 καὶ
1959 693 2045 747 διὰ
2088 694 2194 745 τῶν
2235 693 2490 746 ἐναντίων
2539 696 2619 758 εἰς
2649 697 2904 750 τάναντία
2937 697 3380 767 μετατεθέντεςί.
3434 700 3532 753 Διά
3591 701 3698 770 γὰρ
3761 703 3860 771 τῆς
3927 701 4076 756 ἐκεί-

805 800 898 838 νου
940 783 1184 853 γλώττης
1216 784 1519 855 μετέμαθον
1546 784 1642 852 τὴν
1662 783 1960 839 εὐσέϐειαν.

1193 916 1997 993 'CAP.lv.um.7.v.84

981 1029 1131 1096 Quas
1176 1029 1427 1083 adversus
1465 1029 1797 1085 Clu-istianos
1841 1031 1972 1102 leges
2005 1035 2206 1091 tulerit.

873 1143 992 1197 Alia
1043 1158 1266 1213 quoque
1319 1145 1608 1199 innumera
1668 1145 1761 1199 illo
1817 1153 2065 1216 tempore
2120 1151 2387 1205 adversus

803 1235 1027 1305 pietatis
1078 1237 1322 1291 cultores
1363 1238 1431 1289 ab
1478 1236 1660 1307 impiis
1705 1245 1851 1299 terra
1893 1241 2142 1308 marique
2188 1257 2386 1312 perpe-

805 1341 943 1385 trata
990 1340 1138 1385 sunt.
1183 1327 1302 1383 .lam
1339 1329 1483 1383 enim
1537 1338 1724 1400 aperte
1768 1331 1875 1385 Deo
1925 1330 2157 1388 infestus
2197 1342 2384 1388 contra

803 1420 1058 1490 pietatem
1092 1421 1237 1489 leges
1275 1419 1506 1473 ferebat.

872 1509 951 1563 Ac
981 1512 1155 1579 primo
1185 1509 1405 1580 quidem
1441 1510 1526 1581 [B.
1566 1510 1646 1562 St.
1682 1510 1761 1582 8.]
1797 1512 1974 1566 vetuit
2003 1529 2071 1567 ne
2103 1513 2196 1567 lilii
2233 1515 2384 1568 (:ali—

803 1601 1027 1654 laeornm
1063 1602 1166 1671 (sic
1198 1603 1344 1655 enim
1388 1601 1696 1655 Servatoris
1739 1604 1908 1656 nostri
1957 1612 2256 1659 sectatores
2291 1619 2389 1674 ap-

804 1694 1064 1762 pellabat)
1126 1693 1379 1762 poeticis,
1444 1692 1776 1758 rhetoricis,
1837 1695 1922 1748 vel
1992 1695 2389 1765 philosopliicis

803 1784 1000 1837 studiis
1039 1797 1261 1852 operam
1297 1785 1511 1836 darent.
1551 1781 1682 1837 Nam
1720 1786 1977 1855 propriis,
2013 1788 2211 1853 aiebat,
2249 1804 2384 1858 pen-

3096 924 3345 977 ΚΕΦΔΛ.
3379 926 3444 978 Δ⁹.

2596 1033 2734 1088 Τίνα
2761 1033 2909 1087 κατὰ
2940 1034 3058 1088 τῶν
3087 1033 3457 1102 Χριστιανῶν
3487 1035 3886 1106 ἐνομοθέτησε
3915 1042 3958 1095 '.

2552 1147 2665 1202 Καὶ
2695 1146 2856 1218 ἕτερα
2885 1147 2941 1201 δὲ
2985 1149 3153 1218 μυρία
3206 1149 3482 1220 πανταχοῦ
3520 1150 3625 1220 γῆς
3667 1153 3762 1204 καὶ
3792 1153 4070 1226 θαλάττης

2482 1238 2605 1292 κατ’
2637 1241 2843 1292 ἐκεῖνον
2876 1239 2967 1291 τὸν
2996 1241 3188 1308 καιρὸν
3209 1241 3312 1292 ὑπὸ
3347 1241 3456 1294 τῶν
3482 1241 3758 1295 δυσσεϐὦν
3788 1246 3939 1297 κατά
3964 1249 4070 1299 τῶν

2482 1331 2722 1384 εὐσεϐῶν
2748 1330 3039 1403 ἐτολμήθη.
3071 1333 3178 1385 Καὶ
3224 1335 3333 1401 γάρ
3371 1334 3660 1404 προφανῶς
3693 1334 3880 1389 λοιπὸν
3917 1340 3945 1390 ό
3979 1358 4066 1408 μι-

2485 1422 2669 1486 σόθεος
2692 1423 2710 1454 ³
2740 1423 2881 1476 κατά
2911 1422 3008 1492 τῆς
3049 1423 3325 1487 εὐσεϐείας
3350 1425 3677 1494 ἐνομοθέτει.

2553 1515 2664 1566 Καὶ
2689 1515 2904 1586 πρῶτον
2956 1515 3054 1584 μὲν
3105 1515 3452 1586 ἀπηγόρευσε
3480 1517 3588 1570 τῶν
3615 1517 3922 1571 Γαλιλαίων
3945 1522 4070 1584 τοῦς

2485 1606 2702 1669 παῖδας,
2730 1606 2873 1660 οὕτω
2902 1607 3009 1678 γὰρ
3031 1607 3124 1659 τοῦ
3164 1609 3414 1679 Σωτῆρος
3451 1611 3482 1678 ἡ
3494 1608 3608 1678 μῶν
3633 1610 3758 1671 τοὺς
3790 1609 4071 1674 θιασώτας

2483 1697 2733 1766 ὠνόμαζε
2757 1697 2796 1761 ⁸,
2835 1698 3155 1766 ποιητικῶν,
3199 1698 3294 1750 καὶ
3350 1699 3650 1771 ῥητορικῶν
3673 1740 3686 1764 ,
3719 1700 3814 1753 καὶ
3853 1703 4071 1769 $1103.5-

2488 1807 2603 1858 φων
2638 1789 3066 1858 μεταλαγχάνειν
3110 1787 3303 1856 λόγων.
3336 1790 3460 1850 Τοῖς
3488 1791 3706 1854 οίκείοις
3750 1793 3878 1862 γάρ,
3914 1796 4069 1862 φησῖ,

801 1871 913 1934 nis,
948 1870 1096 1939 quod
1135 1879 1222 1925 est
1253 1870 1308 1926 in
1340 1873 1653 1941 proverbio,
1687 1874 2035 1944 contigimur.
2060 1876 2141 1928 Ex
2177 1845 2384 1932 nostris

2487 1881 2706 1949 πτεροῖς
2730 1918 2745 1942 ,
2775 1879 2916 1932 κατά
2949 1879 3046 1950 τῆν
3087 1879 3422 1950 παροιμίαν,
3459 1880 3783 1950 βαλλόμεθα.
3828 1883 3925 1934 Ἐκ
3966 1884 4072 1952 γάρ

799 1964 946 2017 enim
979 1965 1135 2018 libris
1185 1980 1337 2019 arma
1379 1976 1628 2031 sumunt,
1656 1969 1857 2037 quibus
1899 1967 2158 2022 instructi
2194 1980 2384 2024 contra

802 2072 904 2110 nos
938 2057 1140 2111 bellum
1174 2068 1396 2128 gerunt.
1432 2059 1632 2114 Postea
1673 2061 1842 2128 legem
1886 2060 2049 2114 aliam
2100 2063 2244 2126 tulit,
2275 2078 2383 2132 qua

800 2149 1076 2216 Galilaeos,
1132 2152 1237 2206 hoc
1282 2161 1403 2216 est,
1445 2153 1810 2217 Christianos,
1859 2167 1891 2207 a
1942 2153 2134 2208 militia
2187 2156 2383 2226 expelli

799 2239 986 2308 jussit.

1117 2371 1620 2448 CAP.V.[B.SL
1659 2371 2064 2451 v.9.cn.sq

941 2485 1019 2543 De
1049 2496 1238 2558 quarto
1271 2489 1462 2543 exsilio
1490 2496 1541 2542 et
1578 2487 1707 2559 fuga
1737 2491 1908 2544 sancti
1937 2490 2239 2546 Athanasii.

872 2681 977 2739 Per
1023 2683 1164 2739 idem
1215 2693 1431 2753 tempus
1467 2683 1846 2746 Athanasius,
1894 2686 2386 2745 exercitatissimus

799 2776 1006 2831 athleta
1035 2777 1310 2840 veritatis,
1339 2775 1485 2829 aliud
1520 2791 1718 2832 rursus
1754 2776 1809 2830 in
1838 2777 2134 2833 discrimen
2163 2792 2387 2838 vocatus

799 2876 906 2924 est.
923 2865 1059 2920 Nam
1083 2867 1362 2923 daemones
1382 2869 1487 2920 vim
1523 2868 1722 2937 lingua:
1745 2883 2080 2938 prccumque
2100 2870 2386 2929 Athanasii

801 2974 911 3014 non
955 2958 1216 3021 ferentes.
1251 2959 1319 3012 ad
1359 2960 1608 3013 convicia
1660 2960 1712 3012 in
1764 2975 1888 3014 eum
1944 2962 2251 3032 spargenda
2287 2964 2388 3018 mi-

803 3050 1015 3106 nistros
1048 3065 1181 3104 suos
1214 3058 1523 3103 armarunt.
1574 3049 1677 3116 Qui
1716 3065 1843 3104 cum
1879 3052 2013 3106 alias
2059 3053 2261 3109 multas
2310 3055 2390 3122 ia-

802 3149 1016 3197 ctarent
1049 3157 1231 3206 voces,
1260 3141 1544 3211 praesidem
1582 3143 1902 3212 impietatis,
1936 3150 1996 3197 ut
2027 3143 2384 3200 Athanasium

803 3232 859 3286 in
893 3232 1150 3285 exsiliuzn
1203 3233 1426 3301 pelleret
1467 3231 1630 3300 922
1677 3233 2039 3296 obtestantes,
2073 3243 2186 3288 tum
2241 3236 2384 3292 hanc

803 3324 871 3377 ad
907 3335 1178 3377 caeteras-
1216 3321 1270 3376 Si
1311 3325 1935 3389 mancretAthanasius,
1969 3327 2228 3393 gentilcm
2263 3328 2384 3382 ttul-

804 3415 914 3469 lum
951 3430 1332 3469 remausnrum
1369 3434 1382 3467 :
1409 3429 1509 3468 suo
1537 3415 1738 3484 quippe
1769 3417 1936 3469 cmtui
1964 3430 2383 3487 aggregaturum

805 3505 1114 3558 universos.
1169 3502 1411 3568 Quorum
1466 3503 1723 3571 precibus
1781 3503 2041 3558 admissis
2110 3502 2382 3567 Julianus,

803 3612 915 3650 non
957 3596 1081 3665 pelli
1130 3602 1367 3655 tantum,
1413 3594 1505 3647 sed
1558 3593 1735 3647 occidi
1778 3594 1947 3660 jussit
2001 3594 2383 3650 Athanasium.

805 3686 952 3742 Metu
989 3694 1174 3739 autem
1208 3684 1482 3753 perculsis
1513 3683 1898 3749 familiaribus,
1923 3685 2243 3754 praedixisse
2275 3687 2385 3739 fer-

805 3787 898 3832 tur
932 3778 1081 3832 brevi
1119 3785 1466 3830 cessaturum
1501 3777 1822 3841 tumultum,
1857 3777 2171 3846 nubemque
2202 3778 2386 3846 appel-

805 3871 972 3935 lasse,
997 3884 1117 3939 quae
1143 3867 1408 3922 citissime
1433 3867 1791 3922 dissolvatur.
1818 3868 1997 3923 Cessit
2033 3877 2235 3934 tamen,
2258 3884 2383 3922 cum

805 3966 1026 4019 venisse
1047 3969 1237 4016 contra
1268 3975 1326 4014 se
1349 3960 1547 4015 missos
1576 3961 1963 4029 comperisset,
1993 3969 2300 4031 nactusque
2327 3962 2382 4016 in

806 4053 1053 4108 ﬂuminis
1095 4053 1212 4120 ripa
1255 4050 1553 4120 navigium,
1586 4050 1639 4102 in
1684 4050 2016 4104 'l'hebaidem
2067 4053 2383 4116 vehebatur,

807 4161 933 4200 cum
965 4144 1148 4197 audita
1178 4142 1299 4211 ejus
1333 4141 1456 4211 fuga
1487 4141 1532 4195 is
1559 4140 1652 4211 qui
1684 4155 1809 4195 eum
1833 4156 2030 4196 nccare
2052 4141 2242 4211 jussus
2273 4142 2388 4197 fue-

807 4246 916 4301 rat,
942 4238 1090 4290 omni
1117 4243 1316 4289 conatu
1351 4233 1567 4301 insequi
1592 4232 1823 4286 studuit.
1852 4232 2022 4298 Quem
2055 4243 2386 4303 praeverteris

806 4331 1026 4402 quidam
1058 4329 1126 4383 de
1154 4328 1369 4388 amicis,
1398 4342 1523 4378 cum
1563 4324 1823 4380 festinare
1857 4325 2008 4378 illum
2053 4325 2380 4391 nuntiasset,

806 4429 1135 4488 orarentque
1163 4434 1228 4471 ex
1259 4417 1569 4472 astantibus
1600 4417 1873 4479 nonnulli,
1896 4425 1952 4470 ut
1985 4418 2175 4472 sesein
2199 4417 2385 4471 deser-

2484 1972 2595 2025 τῶν
2649 1970 2932 2042 ἡμετέρων
2989 1971 3440 2040 συγγραμμάτων
3490 1971 3942 2039 καθοπλιζόμενοι
3984 1974 4072 2025 τὸν

2485 2064 2608 2118 καθ’
2634 2064 2790 2136 ἡμῶν
2815 2064 3165 2133 ἀναδέχονται
3201 2065 3454 2133 πόλεμον.
3489 2065 3643 2118 Μετὰ
3672 2065 3859 2118 τοῦτον
3880 2067 3972 2118 ἐτε
3985 2084 4072 2136 ρον

2483 2157 2697 2210 τέθεικε
2747 2158 2932 2226 νόμον,
2966 2156 3093 2219 τοὺς
3143 2155 3456 2221 Γαλιλαίους
3499 2155 3736 2211 κελεύων
3769 2157 3869 2227 τῆς
3900 2175 4071 2228 στρα-

2484 2249 2666 2313 τείας⁵
2682 2248 3080 2316 ἐξελαύνεσθαι.

3005 2381 3554 2454 μδε]κΕψΑΛ.Εκ

2485 2497 2623 2566 Περὶ
2675 2496 2785 2567 τῆς
2830 2494 3113 2566 τετάρτης
3143 2495 3378 2563 ἐξορίας
3424 2495 3518 2548 καί
3572 2494 3686 2567 τῆς
3738 2497 3941 2564 φυγῆς
3967 2493 4072 2548 τοῦ

2965 2569 3136 2636 ἁγίου
3183 2568 3540 2621 Ἀθανασιόυ
3564 2566 3606 2620 ⁸.

2555 2682 2713 2736 Κατά
2732 2679 2919 2734 τοῦτον
2958 2680 3051 2734 τὸν
3080 2680 3266 2750 χρόνον
3304 2678 3617 2742 Ἀθανάσιος
3647 2678 3808 2731 πάλιν
3840 2679 3869 2731 ό
3902 2677 4071 2730 πέντ-

2487 2774 2648 2837 αθλος
2694 2774 2796 2844 τῆς
2846 2772 3140 2844 ἀληθείαςτ
3213 2772 3519 2843 ἀγωνιστὴς
3570 2772 3755 2841 ἕτερον
3803 2770 4072 2838 ὑπέμεινε

2488 2870 2752 2924 κίνδυνον.
2790 2867 2904 2920 Οὐκ
2936 2866 3247 2934 ἐνεγκόντες
3274 2865 3382 2936 γάρ
3416 2867 3463 2918 οί
3492 2863 3742 2934 δαίμονες
3773 2863 3874 2932 τῆς
3905 2862 4073 2915 Ἀθα-

2486 2963 2674 3017 νασίου
2702 2959 2949 3030 γλώττης
2981 2960 3074 3013 καὶ
3120 2958 3429 3030 προσευχῆς
3476 2958 3572 3026 τὴν
3627 2957 3800 3026 ίσχὺν,
3826 2957 3958 3017 τοὺς
3997 2957 4074 3007 οἱ·

2487 3055 2665 3116 κείους
2693 3052 3002 3122 ὑπουργοὺς
3029 3051 3108 3112 εἰς
3129 3050 3226 3112 τάς
3261 3049 3379 3103 κατ’
3405 3048 3614 3101 ἐκείνου
3642 3046 3910 3115 λοιδορίας
3939 3046 4073 3098 καθ-

2489 3144 2756 3198 ώπλισαν.
2792 3144 2904 3196 Καὶ
2939 3140 3137 3204 πολλὰς
3170 3140 3267 3210 μὲν
3303 3139 3396 3192 καὶ
3421 3138 3586 3200 ἀλλας
3608 3138 3826 3206 ἀφῆκαν
3861 3138 4072 3203 φωνὰς,

2487 3236 2891 3298 ἀντιϐολοῦντες
2919 3236 3008 3288 τὸν
3050 3234 3358 3305 προστάτην
3394 3232 3493 3301 τῆς
3537 3230 3790 3294 ἀσεϐείας
3816 3231 4074 3295 ἐξελάσαι

2485 3331 2578 3383 τὸν
2606 3329 2918 3383 Ἀθανάσιον
2939 3344 2952 3357 ·
2978 3327 3323 3397 προσέθηκαν
3339 3326 3426 3378 ⁸δέ
3445 3327 3536 3378 καὶ
3557 3323 3778 3394 ταύτην,
3805 3324 3869 3375 ΕΞ
3906 3325 4075 3376 Ἀθα-

2487 3422 2670 3484 νάσιος
2706 3421 2933 3490 μείνοι’,
2979 3419 3153 3481 οὐδεὶς
3191 3419 3391 3487 Ἕλλην
3447 3418 3597 3486 μενεῖ
3621 3456 3635 3478 ,
3664 3414 3778 3467 ἀλλ’
3819 3414 4073 3477 ἅπαντας

2487 3517 2567 3576 είς
2600 3514 2690 3566 τὸν
2730 3515 2927 3566 οἰκεῖον
2965 3511 3292 3583 μεταστήσει
3322 3511 3502 3580 χορόν.
3535 3507 3749 3570 Ταύτας
3779 3507 4074 3571 Ἰουλιανὸς

2487 3605 2585 3668 τὰς
2612 3605 2845 3667 ἱκετείας
2882 3604 3194 3674 δεξάμενος,
3218 3604 3319 3655 οὐκ
3356 3600 3673 3668 ἐξελαθῆναι
3706 3600 3867 3669 μόνον
3898 3616 4071 3668 προσ-

2487 3698 2697 3763 έταξεν,
2735 3699 2872 3752 ἀλλά
2914 3697 3008 3750 καὶ
3055 3696 3408 3768 ἀναιρεθῆναι
3445 3693 3535 3745 τὸν
3574 3691 3912 3744 Ἀθανάσιον.
3952 3692 4073 3742 Τιῖιν

2485 3791 2543 3844 δὲ
2573 3790 2853 3844 θιασωτῶν
2878 3789 3281 3862 όρρωδούντων,
3307 3785 3691 3857 προειρηκέναι
3723 3783 3950 3850 λέγεται
3973 3784 4072 3851 τὴν

2485 3885 2706 3954 ταχεῖαν
2742 3882 2838 3936 τοῦ
2889 3881 3120 3951 θορύϐου
3154 3880 3450 3933 κατάλυσιν
3479 3894 3494 3908 ο
3529 3876 3686 3943 νέςος
3739 3875 3850 3945 γὰρ
3905 3877 4072 3927 αὑτὸν

2486 3976 2896 4047 προσηγόρευσε
2918 3972 3316 4041 ¹⁰διαλυόμενον
3343 3971 3423 4023 ὅτι
3449 3969 3691 4038 τάχιστα.
3706 3966 4004 4036 ’Υπεχὼρη
4015 3984 4070 4018 σε

2485 4069 2541 4122 δὲ
2563 4070 2733 4137 ὅμως,
2778 4064 3097 4135 ἐληλυθέναι
3140 4064 3264 4125 τοὺς
3316 4060 3758 4129 ἀπεσταλμένους
3810 4059 4070 4128 μεμαθη-

2487 4159 2618 4224 κὼς.
2652 4160 2745 4210 καὶ
2796 4156 3093 4226 πορθμεῖον
3149 4155 3324 4225 εὑρὼν
3373 4150 3707 4224 παράητην
3757 4150 3930 4222 ὄχθην
3976 4149 4071 4202 τοῦ

2486 4248 2765 4318 ποταμοῦ,
2815 4248 2907 4300 ἐπὶ
2959 4247 3060 4316 τὴν
3108 4245 3360 4314 θηϐαίων
3407 4243 3586 4312 χώραν
3635 4241 3871 4310 ἀνήγετο
3902 4259 3916 4271 ·
3959 4243 3988 4292 ὁ
4017 4239 4072 4290 δὲ

2485 4340 2691 4393 ἀνελεῖν
2711 4339 2872 4392 αὑτὸν
2905 4337 3396 4408 προστεταγμένος,
3415 4335 3715 4404 πυθόμενος
3755 4332 3855 4401 τὴν
3891 4332 4073 4401 φυγὴν

2488 4430 2828 4500 κατακράτος
2855 4428 3096 4482 ἐδίωκεν.
3136 4426 3354 4497 Έτέρου
3388 4425 3442 4477 δέ
3472 4441 3614 4486 τινος
3643 4424 3749 4476 τῶν
3773 4424 4074 4490 γνωρίμων

809 4523 916 4565 tam
937 4509 1286 4566 solitudinem
1309 4509 1662 4572 subduceret,
1683 4511 1799 4579 ipse
1817 4509 2093 4578 navigium
2119 4525 2148 4562 a
2172 4517 2386 4563 rectore

2491 4521 2898 4594 προειληφότος,
2928 4521 3022 4572 καὶ
3057 4517 3259 4587 σφόδρα
3290 4515 3535 4569 ἐλαύνειν
3565 4515 3726 4566 αὐτὸν
3758 4513 4072 4581 εἰρηκότος,

806 4603 1191 4657 Alexandriam
1219 4606 1234 4620 '
1256 4600 1412 4670 dirigi
1441 4600 1614 4668 jubet.
1650 4599 1730 4653 Ita
1765 4617 1888 4654 cum
1922 4599 2188 4655 adversus
2234 4603 2387 4656 inse-

807 4702 1063 4762 quentem
1093 4691 1434 4761 navigarent,
1455 4696 1470 4708 '
1501 4689 1787 4742 [itohviam
1806 4690 1897 4758 qui
1931 4688 2247 4742 mandatum
2278 4704 2386 4744 cae-

807 4786 894 4839 dis
929 4793 1231 4852 acceperat,
1255 4792 1331 4845 et,
1357 4798 1518 4852 quam
1551 4782 1741 4853 procul
1777 4782 1994 4835 abesset.
2015 4781 2383 4848 Athanasius,

810 4877 1129 4944 interrOgat.
1159 4875 1259 4930 Cui
1286 4875 1515 4942 ipsemet
1547 4887 1715 4942 prope
1751 4873 1901 4925 illum
1935 4886 2055 4926 esse
2080 4872 2382 4941 respondit,

809 4978 861 5024 et
894 4985 961 5022 eo
1013 4968 1204 5023 relicto
1230 4967 1617 5020 Alexandriam
1647 4965 1920 5037 pervenit,
1950 4965 2133 5035 ibique
2170 4965 2385 5037 reliquo

806 5061 1007 5114 Juliaui
1050 5068 1289 5129 tempore
1321 5060 1499 5114 latuit.

810 5157 1001 5219 εἰπὼν,
1029 5160 1230 5211 ἐκεῖνον
1289 5162 1386 5228 μὲν
1436 5157 1783 5227 ἀπέπεμψεν,
1816 5157 1976 5221 αὐτὸς
2021 5156 2076 5210 δὲ
2111 5157 2210 5231 τὴν
2241 5158 2646 5232 Ἀλεξάνδρειαν
2673 5161 2961 5227 κατέλαϐε,
3011 5158 3105 5212 καὶ
3127 5157 3186 5212 τὸ
3239 5157 3556 5228 λειπόμενον
3614 5154 3712 5226 τῆς

811 5247 994 5320 βιοτῆς
1015 5248 1058 5279 ⁸³
1084 5248 1268 5301 αὐτόθι
1299 5247 1557 5302 διέλαθεν.

2488 4617 2630 4678 τινές
2672 4614 2770 4684 μέν
2803 4613 2910 4665 τῶν
2967 4611 3230 4664 συνόντων
3285 4610 3376 4660 ἐπὶ
3414 4607 3512 4676 τὴν
3559 4606 3761 4676 ἔρημον
3795 4603 4075 4656 ἐκκλίνειν

2491 4705 2766 4757 ἱκέτευονσ
2799 4701 2961 4764 αύτδς
3006 4701 3061 4753 δὲ
3085 4699 3161 4769 τῷ
3185 4700 3490 4769 κυϐερνήτῃ
3534 4697 3624 4748 ἐπὶ
3665 4694 3762 4763 τὴν
3811 4693 4075 4757 Ἀλεξάν-

2486 4793 2669 4863 δρειαν
2698 4791 2874 4844 ίθῦναι
2909 4791 2968 4842 τὸ
3001 4788 3293 4857 πορθμεῖον
3316 4787 3586 4839 ἐκέλευεν.
3617 4783 3771 4836 Οὕτω
3797 4782 3861 4851 δὴ
3892 4781 4078 4832 αὐτῶν

2491 4883 2824 4953 καταντικρὺ
2875 4881 2968 4934 τοῦ
3021 4879 3305 4942 διώκοντος
3366 4877 3707 4948 φερομένων,
3739 4870 3874 4945 ἧκεν
3921 4875 3951 4923 ὁ
3979 4871 4077 4922 τοῦ

2491 4975 2720 5028 θανάτου
2752 4974 2850 5035 τάς
2893 4972 3111 5034 ἐντολὰς
3141 4971 3476 5039 δεδεγμένος,
3509 4970 3602 5022 καὶ
3641 4968 3801 5020 πόσον
3828 4963 4077 5032 ἀφέστη-

2490 5082 2586 5118 κεν
2619 5065 2647 5116 ὁ
2678 5063 2996 5125 ’Λοανάσιος
3034 5060 3370 5131 ἐπηρώταη.
3409 5061 3464 5113 '0
3501 5059 3556 5111 δὲ
3597 5056 3850 5118 πελάζειν
3887 5051 4074 5104 τοῦτον

3777 5146 4074 5206 Ίουλιανοῦ

2115 5445 2348 5502 ΥΜΗᾸΞ
2377 5446 2778 5504 LECTIONES.

885 5626 900 5658 ‘
938 5627 1280 5695 μεταθέντες.
1313 5627 1475 5680 Basil.
1507 5626 1602 5679 Gr.
1644 5630 1663 5657 ’
1693 5626 2113 5696 ἐνομοθέτησαν,
2159 5623 2325 5678 Ilasil.
2357 5625 2450 5678 Gr.
2482 5635 2534 5679 et
2563 5624 2753 5694 Steph.

2833 5625 2853 5656 ³
2879 5627 2908 5678 ὁ
2927 5625 3207 5695 θεομισής.
3235 5622 3424 5677 Iidem.
3499 5622 3521 5652 ⁸
3547 5619 3844 5695 ιῖινόμαζον.
3874 5620 4073 5695 Steph.

816 5683 838 5712 ⁵
869 5683 1142 5765 στρατιᾶς.
1178 5683 1338 5751 uisu.
1367 5698 1460 5750 Gr.
1536 5699 1556 5728 ‘
1591 5683 1813 5750 (he-tera:
1868 5683 2023 5748 etlit't.
2063 5697 2260 5748 habent
2303 5713 2314 5746 :
2357 5696 2486 5765 Περὶ
2534 5712 2584 5748 τ.
2629 5683 2774 5765 ἐξορ.
2807 5714 2856 5748 τ.
2882 5698 2974 5762 ἀγ.
3017 5683 3268 5748 Ἄθανασ.
3304 5695 3400 5748 καὶ
3434 5692 3630 5761 c9975};-
3657 5683 3682 5765 i
3709 5692 3726 5720 ⁷
3759 5683 4074 5765 εὐξεςειὰς-

817 5769 1002 5831 tltepn.
1039 5770 1089 5818 τὶ.

1198 5769 1216 5796 ⁸
1239 5769 1590 5838 προσέθεσαν.
1657 5769 1818 5822 Ilasil.
1849 5768 1942 5820 llr.

817 5840 858 5869 ⁸⁵
903 5839 1078 5908 ἤρετο.
1127 5837 1264 5892 Idem
1301 5854 1420 5891 cum
1455 5838 1713 5907 Stephani.

2027 5766 2046 5795 ⁹
2070 5767 2238 5834 μενεῖ.
2273 5766 2438 5820 Idem.

1794 5839 1835 5868 η
1865 5838 2108 5907 βιότητος
2137 5837 2324 5905 Str-ph.
2361 5838 2414 5890 2.

2550 5767 2591 5798 ¹⁰
2625 5759 2982 5837 προηγόρευε.
3028 5768 3171 5822 Idem
3213 5781 3336 5821 cum
3377 5759 3576 5834 Steph.
3647 5763 3684 5793 ¹¹
3721 5761 3866 5830 περί.
3901 5759 4052 5814 Basil
