  <div class='ocr_page' id='page_1' title='image "/cluster/home/n/w/nwhite01/storage/ocr_20150623/82/nnc1.0046979700/586.png"; bbox 0 0 4218 6456; ppageno 0'>
   <div class='ocr_carea' id='block_1_1' title="bbox 212 432 342 500">
    <p class='ocr_par' dir='ltr' id='par_1_1' title="bbox 212 432 342 500">
     <span class='ocr_line' id='line_1_1' title="bbox 212 432 342 500; baseline -0.008 -2"><span class='ocrx_word' id='word_1_1' title='bbox 212 432 342 500; x_wconf 72' lang='grc' dir='ltr'><strong>ιοθτ</strong></span> 
     </span>
    </p>
   </div>
   <div class='ocr_carea' id='block_1_2' title="bbox 822 527 1195 598">
    <p class='ocr_par' dir='ltr' id='par_1_2' title="bbox 822 527 1195 598">
     <span class='ocr_line' id='line_1_2' title="bbox 822 527 1195 598; baseline -0.013 -10"><span class='ocrx_word' id='word_1_2' title='bbox 822 527 1067 588; x_wconf 61' lang='lat' dir='ltr'><strong>Imma.</strong></span> <span class='ocrx_word' id='word_1_3' title='bbox 1107 535 1195 598; x_wconf 66' lang='grc' dir='ltr'><strong>π’.</strong></span> 
     </span>
    </p>
   </div>
   <div class='ocr_carea' id='block_1_3' title="bbox 214 619 1798 698">
    <p class='ocr_par' dir='ltr' id='par_1_3' title="bbox 214 619 1798 698">
     <span class='ocr_line' id='line_1_3' title="bbox 214 619 1798 698; baseline -0.014 -7"><span class='ocrx_word' id='word_1_4' title='bbox 214 637 289 690; x_wconf 65' lang='lat' dir='ltr'><strong>Td</strong></span> <span class='ocrx_word' id='word_1_5' title='bbox 327 635 478 689; x_wconf 80' lang='grc' dir='ltr'><strong>κατὰ</strong></span> <span class='ocrx_word' id='word_1_6' title='bbox 507 620 612 686; x_wconf 52' lang='grc' dir='ltr'><strong>τὸν·</strong></span> <span class='ocrx_word' id='word_1_7' title='bbox 647 632 713 684; x_wconf 76' lang='grc' dir='ltr'><strong>ἐν</strong></span> <span class='ocrx_word' id='word_1_8' title='bbox 746 628 946 698; x_wconf 63' lang='grc' dir='ltr'><strong>Δάφνῃ</strong></span> <span class='ocrx_word' id='word_1_9' title='bbox 976 627 1359 698; x_wconf 67' lang='grc' dir='ltr'><strong>Ἀπόλλωνα,</strong></span> <span class='ocrx_word' id='word_1_10' title='bbox 1393 620 1488 675; x_wconf 78' lang='grc' dir='ltr'><strong>καὶ</strong></span> <span class='ocrx_word' id='word_1_11' title='bbox 1523 621 1671 674; x_wconf 80' lang='grc' dir='ltr'><strong>κατὰ</strong></span> <span class='ocrx_word' id='word_1_12' title='bbox 1693 619 1798 670; x_wconf 77' lang='grc' dir='ltr'><strong>τὸν</strong></span> 
     </span>
    </p>
   </div>
   <div class='ocr_carea' id='block_1_4' title="bbox 762 697 1264 770">
    <p class='ocr_par' dir='ltr' id='par_1_4' title="bbox 762 697 1264 770">
     <span class='ocr_line' id='line_1_4' title="bbox 762 697 1264 770; baseline -0.014 -15"><span class='ocrx_word' id='word_1_13' title='bbox 762 697 932 770; x_wconf 60' lang='grc' dir='ltr'><strong>ἅγιον</strong></span> <span class='ocrx_word' id='word_1_14' title='bbox 964 697 1264 750; x_wconf 66' lang='grc' dir='ltr'><strong>Βαὸίολαν.</strong></span> 
     </span>
    </p>
   </div>
   <div class='ocr_carea' id='block_1_5' title="bbox 291 782 1799 863">
    <p class='ocr_par' dir='ltr' id='par_1_5' title="bbox 291 782 1799 863">
     <span class='ocr_line' id='line_1_5' title="bbox 291 782 1799 863; baseline -0.012 -13"><span class='ocrx_word' id='word_1_15' title='bbox 291 794 581 858; x_wconf 76' lang='grc' dir='ltr'><strong>Ἰουλιανὸς</strong></span> <span class='ocrx_word' id='word_1_16' title='bbox 620 794 677 848; x_wconf 71' lang='grc' dir='ltr'><strong>δὲ</strong></span> <span class='ocrx_word' id='word_1_17' title='bbox 713 791 951 863; x_wconf 75' lang='grc' dir='ltr'><strong>Πέρσαις</strong></span> <span class='ocrx_word' id='word_1_18' title='bbox 979 785 1403 858; x_wconf 73' lang='grc' dir='ltr'><strong>ἐπιστρατεῦσαι</strong></span> <span class='ocrx_word' id='word_1_19' title='bbox 1454 782 1799 857; x_wconf 83' lang='grc' dir='ltr'><strong>βουλόμενος,</strong></span> 
     </span>
    </p>
   </div>
   <div class='ocr_carea' id='block_1_6' title="bbox 209 875 1800 957">
    <p class='ocr_par' dir='ltr' id='par_1_6' title="bbox 209 875 1800 957">
     <span class='ocr_line' id='line_1_6' title="bbox 209 875 1800 957; baseline -0.011 -14"><span class='ocrx_word' id='word_1_20' title='bbox 209 892 288 954; x_wconf 75' lang='grc' dir='ltr'><strong>είς</strong></span> <span class='ocrx_word' id='word_1_21' title='bbox 314 889 535 943; x_wconf 78' lang='grc' dir='ltr'><strong>ᾶπαντα</strong></span> <span class='ocrx_word' id='word_1_22' title='bbox 568 887 666 957; x_wconf 81' lang='grc' dir='ltr'><strong>μὲν</strong></span> <span class='ocrx_word' id='word_1_23' title='bbox 703 884 784 957; x_wconf 4' lang='grc' dir='ltr'><strong>,τὰ</strong></span> <span class='ocrx_word' id='word_1_24' title='bbox 832 883 973 938; x_wconf 77' lang='grc' dir='ltr'><strong>κατὰ</strong></span> <span class='ocrx_word' id='word_1_25' title='bbox 1018 881 1116 952; x_wconf 84' lang='grc' dir='ltr'><strong>τὴν</strong></span> <span class='ocrx_word' id='word_1_26' title='bbox 1170 877 1457 949; x_wconf 86' lang='grc' dir='ltr'><strong>Ῥωμαίων</strong></span> <span class='ocrx_word' id='word_1_27' title='bbox 1505 875 1800 947; x_wconf 79' lang='grc' dir='ltr'><strong>ἡγεμονίαν</strong></span> 
     </span>
    </p>
   </div>
   <div class='ocr_carea' id='block_1_7' title="bbox 213 956 1802 1053">
    <p class='ocr_par' dir='ltr' id='par_1_7' title="bbox 213 956 1802 1053">
     <span class='ocr_line' id='line_1_7' title="bbox 213 956 1802 1053; baseline -0.012 -17"><span class='ocrx_word' id='word_1_28' title='bbox 213 983 527 1053; x_wconf 78' lang='grc' dir='ltr'><strong>χρηστήρια</strong></span> <span class='ocrx_word' id='word_1_29' title='bbox 555 956 1110 1042; x_wconf 73' lang='grc' dir='ltr'><strong>τοὺςέύνουστάτους</strong></span> <span class='ocrx_word' id='word_1_30' title='bbox 1146 971 1255 1024; x_wconf 86' lang='grc' dir='ltr'><strong>τῶν</strong></span> <span class='ocrx_word' id='word_1_31' title='bbox 1284 968 1540 1039; x_wconf 83' lang='grc' dir='ltr'><strong>ὑπηκόων</strong></span> <span class='ocrx_word' id='word_1_32' title='bbox 1566 967 1802 1036; x_wconf 66' lang='grc' dir='ltr'><strong>ἐξέπεμ-</strong></span> 
     </span>
    </p>
   </div>
   <div class='ocr_carea' id='block_1_8' title="bbox 211 1057 1800 1142">
    <p class='ocr_par' dir='ltr' id='par_1_8' title="bbox 211 1057 1800 1142">
     <span class='ocr_line' id='line_1_8' title="bbox 211 1057 1800 1142; baseline -0.01 -16"><span class='ocrx_word' id='word_1_33' title='bbox 211 1073 335 1142; x_wconf 80' lang='grc' dir='ltr'><strong>ψεν,</strong></span> <span class='ocrx_word' id='word_1_34' title='bbox 366 1071 530 1134; x_wconf 81' lang='grc' dir='ltr'><strong>αὐτὸς</strong></span> <span class='ocrx_word' id='word_1_35' title='bbox 552 1071 608 1123; x_wconf 84' lang='grc' dir='ltr'><strong>δὲ</strong></span> <span class='ocrx_word' id='word_1_36' title='bbox 635 1070 724 1122; x_wconf 83' lang='grc' dir='ltr'><strong>τὸν</strong></span> <span class='ocrx_word' id='word_1_37' title='bbox 756 1067 954 1122; x_wconf 77' lang='grc' dir='ltr'><strong>Πύθιον</strong></span> <span class='ocrx_word' id='word_1_38' title='bbox 993 1065 1083 1118; x_wconf 79' lang='grc' dir='ltr'><strong>τὸν</strong></span> <span class='ocrx_word' id='word_1_39' title='bbox 1111 1062 1376 1131; x_wconf 78' lang='grc' dir='ltr'><strong>Δαφναῖον</strong></span> <span class='ocrx_word' id='word_1_40' title='bbox 1404 1060 1608 1113; x_wconf 82' lang='grc' dir='ltr'><strong>ἱκέτευε</strong></span> <span class='ocrx_word' id='word_1_41' title='bbox 1627 1057 1800 1127; x_wconf 85' lang='grc' dir='ltr'><strong>δηλῶ-</strong></span> 
     </span>
    </p>
   </div>
   <div class='ocr_carea' id='block_1_9' title="bbox 211 1150 1802 1234">
    <p class='ocr_par' dir='ltr' id='par_1_9' title="bbox 211 1150 1802 1234">
     <span class='ocr_line' id='line_1_9' title="bbox 211 1150 1802 1234; baseline -0.009 -16"><span class='ocrx_word' id='word_1_42' title='bbox 211 1183 304 1220; x_wconf 77' lang='grc' dir='ltr'><strong>σαι</strong></span> <span class='ocrx_word' id='word_1_43' title='bbox 340 1164 491 1234; x_wconf 81' lang='grc' dir='ltr'><strong>αύτῷ</strong></span> <span class='ocrx_word' id='word_1_44' title='bbox 532 1164 600 1218; x_wconf 78' lang='grc' dir='ltr'><strong>τὰ</strong></span> <span class='ocrx_word' id='word_1_45' title='bbox 655 1162 886 1232; x_wconf 72' lang='grc' dir='ltr'><strong>ἐσόμενα</strong></span> <span class='ocrx_word' id='word_1_46' title='bbox 915 1159 978 1214; x_wconf 77' lang='lat'><strong>“.</strong></span> <span class='ocrx_word' id='word_1_47' title='bbox 1026 1158 1084 1216; x_wconf 84' lang='lat'><strong>&#39;0</strong></span> <span class='ocrx_word' id='word_1_48' title='bbox 1130 1156 1189 1209; x_wconf 75' lang='grc' dir='ltr'><strong>δὲ</strong></span> <span class='ocrx_word' id='word_1_49' title='bbox 1241 1155 1364 1217; x_wconf 80' lang='grc' dir='ltr'><strong>τοὺς</strong></span> <span class='ocrx_word' id='word_1_50' title='bbox 1400 1150 1802 1221; x_wconf 83' lang='grc' dir='ltr'><strong>γειτονεύοντας</strong></span> 
     </span>
    </p>
   </div>
   <div class='ocr_carea' id='block_1_10' title="bbox 211 1243 1798 1328">
    <p class='ocr_par' dir='ltr' id='par_1_10' title="bbox 211 1243 1798 1328">
     <span class='ocr_line' id='line_1_10' title="bbox 211 1243 1798 1328; baseline -0.008 -20"><span class='ocrx_word' id='word_1_51' title='bbox 211 1257 445 1328; x_wconf 79' lang='grc' dir='ltr'><strong>νεκροὺς</strong></span> <span class='ocrx_word' id='word_1_52' title='bbox 471 1255 571 1326; x_wconf 78' lang='grc' dir='ltr'><strong>ἔφη</strong></span> <span class='ocrx_word' id='word_1_53' title='bbox 605 1252 854 1324; x_wconf 74' lang='grc' dir='ltr'><strong>ἐμποδὼν</strong></span> <span class='ocrx_word' id='word_1_54' title='bbox 887 1248 1132 1319; x_wconf 83' lang='grc' dir='ltr'><strong>γίνεσθαι</strong></span> <span class='ocrx_word' id='word_1_55' title='bbox 1163 1249 1228 1319; x_wconf 75' lang='grc' dir='ltr'><strong>τῇ</strong></span> <span class='ocrx_word' id='word_1_56' title='bbox 1257 1243 1503 1317; x_wconf 70' lang='grc' dir='ltr'><strong>μαντείᾳ,</strong></span> <span class='ocrx_word' id='word_1_57' title='bbox 1529 1244 1621 1296; x_wconf 72' lang='grc' dir='ltr'><strong>καὶ</strong></span> <span class='ocrx_word' id='word_1_58' title='bbox 1662 1244 1798 1314; x_wconf 75' lang='grc' dir='ltr'><strong>χρῆ-</strong></span> 
     </span>
    </p>
   </div>
   <div class='ocr_carea' id='block_1_11' title="bbox 212 1336 1800 1416">
    <p class='ocr_par' dir='ltr' id='par_1_11' title="bbox 212 1336 1800 1416">
     <span class='ocr_line' id='line_1_11' title="bbox 212 1336 1800 1416; baseline -0.006 -16"><span class='ocrx_word' id='word_1_59' title='bbox 212 1367 298 1402; x_wconf 77' lang='grc' dir='ltr'><strong>ναι</strong></span> <span class='ocrx_word' id='word_1_60' title='bbox 333 1346 560 1410; x_wconf 83' lang='grc' dir='ltr'><strong>τούτους</strong></span> <span class='ocrx_word' id='word_1_61' title='bbox 595 1346 856 1416; x_wconf 77' lang='grc' dir='ltr'><strong>πρότερον</strong></span> <span class='ocrx_word' id='word_1_62' title='bbox 903 1343 981 1405; x_wconf 88' lang='grc' dir='ltr'><strong>είς</strong></span> <span class='ocrx_word' id='word_1_63' title='bbox 1027 1341 1213 1411; x_wconf 79' lang='grc' dir='ltr'><strong>ἓτερον</strong></span> <span class='ocrx_word' id='word_1_64' title='bbox 1255 1338 1620 1411; x_wconf 68' lang='grc' dir='ltr'><strong>μετατεθῆναι</strong></span> <span class='ocrx_word' id='word_1_65' title='bbox 1647 1336 1800 1410; x_wconf 73' lang='grc'><strong>[155]</strong></span> 
     </span>
    </p>
   </div>
   <div class='ocr_carea' id='block_1_12' title="bbox 209 1430 1798 1510">
    <p class='ocr_par' dir='ltr' id='par_1_12' title="bbox 209 1430 1798 1510">
     <span class='ocr_line' id='line_1_12' title="bbox 209 1430 1798 1510; baseline -0.006 -17"><span class='ocrx_word' id='word_1_66' title='bbox 209 1441 414 1510; x_wconf 73' lang='grc' dir='ltr'><strong>χωρίον</strong></span> <span class='ocrx_word' id='word_1_67' title='bbox 439 1455 462 1505; x_wconf 90' lang='grc'><strong>,·</strong></span> <span class='ocrx_word' id='word_1_68' title='bbox 490 1433 592 1492; x_wconf 80' lang='grc' dir='ltr'><strong>εἷθ’</strong></span> <span class='ocrx_word' id='word_1_69' title='bbox 631 1436 800 1501; x_wconf 76' lang='grc' dir='ltr'><strong>οὕτως</strong></span> <span class='ocrx_word' id='word_1_70' title='bbox 839 1433 1170 1504; x_wconf 84' lang='grc' dir='ltr'><strong>ἀπαγγεῖλαι</strong></span> <span class='ocrx_word' id='word_1_71' title='bbox 1220 1432 1320 1501; x_wconf 78' lang='grc' dir='ltr'><strong>τὴν</strong></span> <span class='ocrx_word' id='word_1_72' title='bbox 1368 1431 1692 1504; x_wconf 78' lang='grc' dir='ltr'><strong>πρόρρησιν.</strong></span> <span class='ocrx_word' id='word_1_73' title='bbox 1723 1430 1798 1484; x_wconf 90' lang='grc' dir='ltr'><strong>Ού</strong></span> 
     </span>
    </p>
   </div>
   <div class='ocr_carea' id='block_1_13' title="bbox 209 1521 1795 1602">
    <p class='ocr_par' dir='ltr' id='par_1_13' title="bbox 209 1521 1795 1602">
     <span class='ocr_line' id='line_1_13' title="bbox 209 1521 1795 1602; baseline -0.005 -18"><span class='ocrx_word' id='word_1_74' title='bbox 209 1531 318 1602; x_wconf 74' lang='grc' dir='ltr'><strong>γὰρ</strong></span> <span class='ocrx_word' id='word_1_75' title='bbox 353 1531 420 1584; x_wconf 78' lang='grc' dir='ltr'><strong>ἂν</strong></span> <span class='ocrx_word' id='word_1_76' title='bbox 455 1529 664 1600; x_wconf 86' lang='grc' dir='ltr'><strong>είποιμί</strong></span> <span class='ocrx_word' id='word_1_77' title='bbox 693 1546 765 1594; x_wconf 88' lang='grc' dir='ltr'><strong>τι,</strong></span> <span class='ocrx_word' id='word_1_78' title='bbox 797 1529 876 1599; x_wconf 78' lang='grc' dir='ltr'><strong>μὴ</strong></span> <span class='ocrx_word' id='word_1_79' title='bbox 926 1531 1026 1586; x_wconf 82' lang='grc' dir='ltr'><strong>τοῦ</strong></span> <span class='ocrx_word' id='word_1_80' title='bbox 1050 1525 1309 1596; x_wconf 64' lang='grc' dir='ltr'><strong>τεμένους</strong></span> <span class='ocrx_word' id='word_1_81' title='bbox 1339 1521 1795 1594; x_wconf 63' lang='grc' dir='ltr'><strong>ὶκκαθαρθὲντος.</strong></span> 
     </span>
    </p>
   </div>
   <div class='ocr_carea' id='block_1_14' title="bbox 279 1612 1798 1686">
    <p class='ocr_par' dir='ltr' id='par_1_14' title="bbox 279 1612 1798 1686">
     <span class='ocr_line' id='line_1_14' title="bbox 279 1612 1798 1686; baseline -0.007 -11"><span class='ocrx_word' id='word_1_82' title='bbox 279 1623 418 1675; x_wconf 82' lang='grc' dir='ltr'><strong>Κατ’</strong></span> <span class='ocrx_word' id='word_1_83' title='bbox 450 1622 656 1674; x_wconf 73' lang='grc' dir='ltr'><strong>ἐκεῖνον</strong></span> <span class='ocrx_word' id='word_1_84' title='bbox 681 1619 737 1671; x_wconf 75' lang='grc' dir='ltr'><strong>δὶ</strong></span> <span class='ocrx_word' id='word_1_85' title='bbox 790 1619 880 1670; x_wconf 82' lang='grc' dir='ltr'><strong>τὸν</strong></span> <span class='ocrx_word' id='word_1_86' title='bbox 923 1617 1113 1686; x_wconf 80' lang='grc' dir='ltr'><strong>καιρδν</strong></span> <span class='ocrx_word' id='word_1_87' title='bbox 1145 1613 1333 1668; x_wconf 82' lang='grc' dir='ltr'><strong>αὐτόθι</strong></span> <span class='ocrx_word' id='word_1_88' title='bbox 1387 1612 1671 1668; x_wconf 76' lang='grc' dir='ltr'><strong>κατέκειτο</strong></span> <span class='ocrx_word' id='word_1_89' title='bbox 1705 1612 1798 1668; x_wconf 78' lang='grc' dir='ltr'><strong>τοῦ</strong></span> 
     </span>
    </p>
   </div>
   <div class='ocr_carea' id='block_1_15' title="bbox 208 1705 1803 1783">
    <p class='ocr_par' dir='ltr' id='par_1_15' title="bbox 208 1705 1803 1783">
     <span class='ocr_line' id='line_1_15' title="bbox 208 1705 1803 1783; baseline -0.004 -17"><span class='ocrx_word' id='word_1_90' title='bbox 208 1712 522 1766; x_wconf 73' lang='grc' dir='ltr'><strong>καλλινίκου</strong></span> <span class='ocrx_word' id='word_1_91' title='bbox 580 1711 854 1783; x_wconf 84' lang='grc' dir='ltr'><strong>μάρτυρος</strong></span> <span class='ocrx_word' id='word_1_92' title='bbox 884 1706 1099 1761; x_wconf 70' lang='grc' dir='ltr'><strong>Βαϐύλα</strong></span> <span class='ocrx_word' id='word_1_93' title='bbox 1148 1705 1376 1760; x_wconf 75' lang='grc' dir='ltr'><strong>καὶτῶν</strong></span> <span class='ocrx_word' id='word_1_94' title='bbox 1436 1706 1803 1776; x_wconf 81' lang='grc' dir='ltr'><strong>συναθλησάν-</strong></span> 
     </span>
    </p>
   </div>
   <div class='ocr_carea' id='block_1_16' title="bbox 207 1794 1800 1878">
    <p class='ocr_par' dir='ltr' id='par_1_16' title="bbox 207 1794 1800 1878">
     <span class='ocr_line' id='line_1_16' title="bbox 207 1794 1800 1878; baseline -0.006 -18"><span class='ocrx_word' id='word_1_95' title='bbox 207 1825 315 1860; x_wconf 89' lang='grc' dir='ltr'><strong>των</strong></span> <span class='ocrx_word' id='word_1_96' title='bbox 352 1805 506 1876; x_wconf 78' lang='grc' dir='ltr'><strong>αὐτῷ</strong></span> <span class='ocrx_word' id='word_1_97' title='bbox 554 1802 854 1875; x_wconf 79' lang='grc' dir='ltr'><strong>μειρακίων</strong></span> <span class='ocrx_word' id='word_1_98' title='bbox 902 1800 971 1855; x_wconf 79' lang='grc' dir='ltr'><strong>τὰ</strong></span> <span class='ocrx_word' id='word_1_99' title='bbox 1024 1800 1270 1878; x_wconf 79' lang='grc' dir='ltr'><strong>λείψανα·</strong></span> <span class='ocrx_word' id='word_1_100' title='bbox 1319 1799 1414 1854; x_wconf 77' lang='grc' dir='ltr'><strong>καὶ</strong></span> <span class='ocrx_word' id='word_1_101' title='bbox 1459 1799 1619 1871; x_wconf 76' lang='grc' dir='ltr'><strong>δῆλος</strong></span> <span class='ocrx_word' id='word_1_102' title='bbox 1671 1794 1739 1869; x_wconf 79' lang='grc' dir='ltr'><strong>ἦν</strong></span> <span class='ocrx_word' id='word_1_103' title='bbox 1771 1799 1800 1851; x_wconf 84' lang='grc' dir='ltr'><strong>ὁ</strong></span> 
     </span>
    </p>
   </div>
   <div class='ocr_carea' id='block_1_17' title="bbox 1164 414 2524 480">
    <p class='ocr_par' dir='ltr' id='par_1_17' title="bbox 1164 414 2524 480">
     <span class='ocr_line' id='line_1_17' title="bbox 1164 414 2524 480; baseline -0.001 0"><span class='ocrx_word' id='word_1_104' title='bbox 1164 414 1754 480; x_wconf 56' lang='lat' dir='ltr'><strong>ECCLESIASTICIE</strong></span> <span class='ocrx_word' id='word_1_105' title='bbox 1798 415 2181 476; x_wconf 78' lang='lat' dir='ltr'><strong>HISTORle</strong></span> <span class='ocrx_word' id='word_1_106' title='bbox 2224 420 2365 479; x_wconf 82' lang='lat' dir='ltr'><strong>LIB.</strong></span> <span class='ocrx_word' id='word_1_107' title='bbox 2411 421 2524 480; x_wconf 79' lang='lat' dir='ltr'><strong>IIl.</strong></span> 
     </span>
    </p>
   </div>
   <div class='ocr_carea' id='block_1_18' title="bbox 3351 419 3488 485">
    <p class='ocr_par' dir='ltr' id='par_1_18' title="bbox 3351 419 3488 485">
     <span class='ocr_line' id='line_1_18' title="bbox 3351 419 3488 485; baseline 0.015 -2"><span class='ocrx_word' id='word_1_108' title='bbox 3351 419 3488 485; x_wconf 68' lang='lat'><strong>1098</strong></span> 
     </span>
    </p>
   </div>
   <div class='ocr_carea' id='block_1_19' title="bbox 2311 529 3077 604">
    <p class='ocr_par' dir='ltr' id='par_1_19' title="bbox 2311 529 3077 604">
     <span class='ocr_line' id='line_1_19' title="bbox 2311 529 3077 604; baseline -0.001 -20"><span class='ocrx_word' id='word_1_109' title='bbox 2311 530 2462 585; x_wconf 75' lang='lat' dir='ltr'><strong>CAP.</strong></span> <span class='ocrx_word' id='word_1_110' title='bbox 2503 529 2588 583; x_wconf 74' lang='lat' dir='ltr'><strong>Vl.</strong></span> <span class='ocrx_word' id='word_1_111' title='bbox 2623 531 2708 602; x_wconf 64' lang='lat' dir='ltr'><strong>iv.</strong></span> <span class='ocrx_word' id='word_1_112' title='bbox 2746 532 2828 587; x_wconf 77' lang='lat' dir='ltr'><strong>to.</strong></span> <span class='ocrx_word' id='word_1_113' title='bbox 2864 531 2961 589; x_wconf 86' lang='lat' dir='ltr'><strong>Ch.</strong></span> <span class='ocrx_word' id='word_1_114' title='bbox 2995 530 3077 604; x_wconf 67' lang='lat'><strong>9.]</strong></span> 
     </span>
    </p>
   </div>
   <div class='ocr_carea' id='block_1_20' title="bbox 2067 620 3329 695">
    <p class='ocr_par' dir='ltr' id='par_1_20' title="bbox 2067 620 3329 695">
     <span class='ocr_line' id='line_1_20' title="bbox 2067 620 3329 695; baseline 0.003 -21"><span class='ocrx_word' id='word_1_115' title='bbox 2067 622 2141 676; x_wconf 79' lang='lat' dir='ltr'><strong>De</strong></span> <span class='ocrx_word' id='word_1_116' title='bbox 2184 623 2423 691; x_wconf 71' lang='lat' dir='ltr'><strong>Apoliine</strong></span> <span class='ocrx_word' id='word_1_117' title='bbox 2466 622 2759 694; x_wconf 77' lang='lat' dir='ltr'><strong>Daplma&#39;o,</strong></span> <span class='ocrx_word' id='word_1_118' title='bbox 2790 625 2851 678; x_wconf 73' lang='grc' dir='ltr'><strong>ιε’</strong></span> <span class='ocrx_word' id='word_1_119' title='bbox 2882 633 3066 679; x_wconf 82' lang='lat' dir='ltr'><strong>sancto</strong></span> <span class='ocrx_word' id='word_1_120' title='bbox 3099 620 3329 695; x_wconf 73' lang='lat' dir='ltr'><strong>Babylo.</strong></span> 
     </span>
    </p>
   </div>
   <div class='ocr_carea' id='block_1_21' title="bbox 1975 778 3487 853">
    <p class='ocr_par' dir='ltr' id='par_1_21' title="bbox 1975 778 3487 853">
     <span class='ocr_line' id='line_1_21' title="bbox 1975 778 3487 853; baseline -0.002 -18"><span class='ocrx_word' id='word_1_121' title='bbox 1975 780 2232 837; x_wconf 85' lang='lat' dir='ltr'><strong>Julianus</strong></span> <span class='ocrx_word' id='word_1_122' title='bbox 2281 789 2484 846; x_wconf 87' lang='lat' dir='ltr'><strong>autem,</strong></span> <span class='ocrx_word' id='word_1_123' title='bbox 2531 796 2656 836; x_wconf 90' lang='lat' dir='ltr'><strong>cum</strong></span> <span class='ocrx_word' id='word_1_124' title='bbox 2705 780 3105 852; x_wconf 77' lang='lat' dir='ltr'><strong>expeditionem</strong></span> <span class='ocrx_word' id='word_1_125' title='bbox 3159 778 3382 853; x_wconf 71' lang='lat' dir='ltr'><strong>pararet</strong></span> <span class='ocrx_word' id='word_1_126' title='bbox 3433 779 3487 833; x_wconf 91' lang='lat' dir='ltr'><strong>in</strong></span> 
     </span>
    </p>
   </div>
   <div class='ocr_carea' id='block_1_22' title="bbox 1908 872 3489 946">
    <p class='ocr_par' dir='ltr' id='par_1_22' title="bbox 1908 872 3489 946">
     <span class='ocr_line' id='line_1_22' title="bbox 1908 872 3489 946; baseline -0.001 -17"><span class='ocrx_word' id='word_1_127' title='bbox 1908 875 2125 938; x_wconf 82' lang='lat' dir='ltr'><strong>Persas,</strong></span> <span class='ocrx_word' id='word_1_128' title='bbox 2166 874 2231 929; x_wconf 91' lang='lat' dir='ltr'><strong>ad</strong></span> <span class='ocrx_word' id='word_1_129' title='bbox 2269 874 2528 930; x_wconf 89' lang='lat' dir='ltr'><strong>universa</strong></span> <span class='ocrx_word' id='word_1_130' title='bbox 2575 872 3050 946; x_wconf 83' lang='lat' dir='ltr'><strong>imperiiRomani</strong></span> <span class='ocrx_word' id='word_1_131' title='bbox 3082 876 3315 930; x_wconf 88' lang='lat' dir='ltr'><strong>oracula&#39;</strong></span> <span class='ocrx_word' id='word_1_132' title='bbox 3340 873 3489 929; x_wconf 88' lang='lat' dir='ltr'><strong>lidis-</strong></span> 
     </span>
    </p>
   </div>
   <div class='ocr_carea' id='block_1_23' title="bbox 1905 965 3484 1038">
    <p class='ocr_par' dir='ltr' id='par_1_23' title="bbox 1905 965 3484 1038">
     <span class='ocr_line' id='line_1_23' title="bbox 1905 965 3484 1038; baseline -0.001 -16"><span class='ocrx_word' id='word_1_133' title='bbox 1905 969 2076 1022; x_wconf 90' lang='lat' dir='ltr'><strong>simos</strong></span> <span class='ocrx_word' id='word_1_134' title='bbox 2107 982 2331 1022; x_wconf 89' lang='lat' dir='ltr'><strong>suorum</strong></span> <span class='ocrx_word' id='word_1_135' title='bbox 2374 965 2545 1032; x_wconf 82' lang='lat' dir='ltr'><strong>misit,</strong></span> <span class='ocrx_word' id='word_1_136' title='bbox 2572 967 2687 1036; x_wconf 88' lang='lat' dir='ltr'><strong>ipse</strong></span> <span class='ocrx_word' id='word_1_137' title='bbox 2710 983 2838 1022; x_wconf 89' lang='lat' dir='ltr'><strong>vero</strong></span> <span class='ocrx_word' id='word_1_138' title='bbox 2861 965 3117 1038; x_wconf 83' lang='lat' dir='ltr'><strong>Pythium</strong></span> <span class='ocrx_word' id='word_1_139' title='bbox 3152 966 3484 1038; x_wconf 73' lang='lat' dir='ltr'><strong>Daphnmum</strong></span> 
     </span>
    </p>
   </div>
   <div class='ocr_carea' id='block_1_24' title="bbox 1905 1059 3485 1129">
    <p class='ocr_par' dir='ltr' id='par_1_24' title="bbox 1905 1059 3485 1129">
     <span class='ocr_line' id='line_1_24' title="bbox 1905 1059 3485 1129; baseline -0.001 -14"><span class='ocrx_word' id='word_1_140' title='bbox 1905 1060 2124 1122; x_wconf 87' lang='lat' dir='ltr'><strong>oravit,</strong></span> <span class='ocrx_word' id='word_1_141' title='bbox 2166 1067 2225 1113; x_wconf 93' lang='lat' dir='ltr'><strong>ut</strong></span> <span class='ocrx_word' id='word_1_142' title='bbox 2273 1075 2394 1129; x_wconf 76' lang='lat' dir='ltr'><strong>quae</strong></span> <span class='ocrx_word' id='word_1_143' title='bbox 2440 1059 2544 1114; x_wconf 83' lang='lat' dir='ltr'><strong>sibi</strong></span> <span class='ocrx_word' id='word_1_144' title='bbox 2596 1067 2860 1114; x_wconf 77' lang='lat' dir='ltr'><strong>eventura</strong></span> <span class='ocrx_word' id='word_1_145' title='bbox 2913 1067 3098 1116; x_wconf 90' lang='lat' dir='ltr'><strong>essent</strong></span> <span class='ocrx_word' id='word_1_146' title='bbox 3149 1060 3485 1116; x_wconf 74' lang='lat' dir='ltr'><strong>ostenderet.</strong></span> 
     </span>
    </p>
   </div>
   <div class='ocr_carea' id='block_1_25' title="bbox 1902 1150 3488 1222">
    <p class='ocr_par' dir='ltr' id='par_1_25' title="bbox 1902 1150 3488 1222">
     <span class='ocr_line' id='line_1_25' title="bbox 1902 1150 3488 1222; baseline 0.001 -16"><span class='ocrx_word' id='word_1_147' title='bbox 1902 1150 2066 1222; x_wconf 71' lang='lat'><strong>923</strong></span> <span class='ocrx_word' id='word_1_148' title='bbox 2123 1150 2424 1222; x_wconf 71' lang='lat' dir='ltr'><strong>Respondit</strong></span> <span class='ocrx_word' id='word_1_149' title='bbox 2483 1151 2609 1215; x_wconf 90' lang='lat' dir='ltr'><strong>ille,</strong></span> <span class='ocrx_word' id='word_1_150' title='bbox 2665 1151 2885 1207; x_wconf 86' lang='lat' dir='ltr'><strong>obstare</strong></span> <span class='ocrx_word' id='word_1_151' title='bbox 2941 1153 3224 1210; x_wconf 74' lang='lat' dir='ltr'><strong>vaticiniis</strong></span> <span class='ocrx_word' id='word_1_152' title='bbox 3278 1153 3488 1209; x_wconf 78' lang='lat' dir='ltr'><strong>vicinos</strong></span> 
     </span>
    </p>
   </div>
   <div class='ocr_carea' id='block_1_26' title="bbox 1905 1243 3486 1316">
    <p class='ocr_par' dir='ltr' id='par_1_26' title="bbox 1905 1243 3486 1316">
     <span class='ocr_line' id='line_1_26' title="bbox 1905 1243 3486 1316; baseline 0.001 -17"><span class='ocrx_word' id='word_1_153' title='bbox 1905 1253 2176 1310; x_wconf 74' lang='lat' dir='ltr'><strong>mortuos,</strong></span> <span class='ocrx_word' id='word_1_154' title='bbox 2200 1260 2342 1316; x_wconf 88' lang='lat' dir='ltr'><strong>quos</strong></span> <span class='ocrx_word' id='word_1_155' title='bbox 2385 1244 2493 1297; x_wconf 89' lang='lat' dir='ltr'><strong>alio</strong></span> <span class='ocrx_word' id='word_1_156' title='bbox 2541 1244 2695 1314; x_wconf 88' lang='lat' dir='ltr'><strong>prius</strong></span> <span class='ocrx_word' id='word_1_157' title='bbox 2735 1243 3024 1300; x_wconf 81' lang='lat' dir='ltr'><strong>transferri</strong></span> <span class='ocrx_word' id='word_1_158' title='bbox 3068 1253 3340 1316; x_wconf 77' lang='lat' dir='ltr'><strong>oporteat,</strong></span> <span class='ocrx_word' id='word_1_159' title='bbox 3370 1255 3486 1300; x_wconf 88' lang='lat' dir='ltr'><strong>tum</strong></span> 
     </span>
    </p>
   </div>
   <div class='ocr_carea' id='block_1_27' title="bbox 1903 1333 3488 1409">
    <p class='ocr_par' dir='ltr' id='par_1_27' title="bbox 1903 1333 3488 1409">
     <span class='ocr_line' id='line_1_27' title="bbox 1903 1333 3488 1409; baseline 0.001 -18"><span class='ocrx_word' id='word_1_160' title='bbox 1903 1337 2128 1392; x_wconf 90' lang='lat' dir='ltr'><strong>oracula</strong></span> <span class='ocrx_word' id='word_1_161' title='bbox 2182 1335 2433 1392; x_wconf 79' lang='lat' dir='ltr'><strong>fundere.</strong></span> <span class='ocrx_word' id='word_1_162' title='bbox 2476 1333 2619 1390; x_wconf 82' lang='lat' dir='ltr'><strong>Nihil</strong></span> <span class='ocrx_word' id='word_1_163' title='bbox 2657 1336 2800 1392; x_wconf 89' lang='lat' dir='ltr'><strong>enim</strong></span> <span class='ocrx_word' id='word_1_164' title='bbox 2841 1351 3101 1409; x_wconf 85' lang='lat' dir='ltr'><strong>possum,</strong></span> <span class='ocrx_word' id='word_1_165' title='bbox 3133 1337 3364 1397; x_wconf 62' lang='lat' dir='ltr'><strong>aitgnon</strong></span> <span class='ocrx_word' id='word_1_166' title='bbox 3399 1352 3488 1393; x_wconf 84' lang='lat' dir='ltr'><strong>re-</strong></span> 
     </span>
    </p>
   </div>
   <div class='ocr_carea' id='block_1_28' title="bbox 1902 1425 2668 1500">
    <p class='ocr_par' dir='ltr' id='par_1_28' title="bbox 1902 1425 2668 1500">
     <span class='ocr_line' id='line_1_28' title="bbox 1902 1425 2668 1500; baseline -0.003 -18"><span class='ocrx_word' id='word_1_167' title='bbox 1902 1435 2135 1500; x_wconf 73' lang='lat' dir='ltr'><strong>purgato</strong></span> <span class='ocrx_word' id='word_1_168' title='bbox 2166 1427 2288 1483; x_wconf 92' lang='lat' dir='ltr'><strong>luco</strong></span> <span class='ocrx_word' id='word_1_169' title='bbox 2317 1425 2668 1498; x_wconf 88' lang='lat' dir='ltr'><strong>respondere.</strong></span> 
     </span>
    </p>
   </div>
   <div class='ocr_carea' id='block_1_29' title="bbox 1975 1617 3490 1695">
    <p class='ocr_par' dir='ltr' id='par_1_29' title="bbox 1975 1617 3490 1695">
     <span class='ocr_line' id='line_1_29' title="bbox 1975 1617 3490 1695; baseline 0.002 -21"><span class='ocrx_word' id='word_1_170' title='bbox 1975 1619 2144 1675; x_wconf 86' lang='lat' dir='ltr'><strong>Erant</strong></span> <span class='ocrx_word' id='word_1_171' title='bbox 2175 1634 2341 1691; x_wconf 90' lang='lat' dir='ltr'><strong>porro</strong></span> <span class='ocrx_word' id='word_1_172' title='bbox 2372 1621 2427 1674; x_wconf 89' lang='lat' dir='ltr'><strong>in</strong></span> <span class='ocrx_word' id='word_1_173' title='bbox 2469 1634 2534 1676; x_wconf 90' lang='lat' dir='ltr'><strong>eo</strong></span> <span class='ocrx_word' id='word_1_174' title='bbox 2562 1619 2648 1695; x_wconf 83' lang='grc' dir='ltr'><strong>[Β.</strong></span> <span class='ocrx_word' id='word_1_175' title='bbox 2682 1619 2762 1675; x_wconf 89' lang='lat' dir='ltr'><strong>St.</strong></span> <span class='ocrx_word' id='word_1_176' title='bbox 2807 1617 2922 1693; x_wconf 71' lang='lat'><strong>10.]</strong></span> <span class='ocrx_word' id='word_1_177' title='bbox 2963 1628 3093 1676; x_wconf 85' lang='lat' dir='ltr'><strong>tunc</strong></span> <span class='ocrx_word' id='word_1_178' title='bbox 3131 1621 3253 1676; x_wconf 85' lang='lat' dir='ltr'><strong>loco</strong></span> <span class='ocrx_word' id='word_1_179' title='bbox 3290 1622 3490 1677; x_wconf 90' lang='lat' dir='ltr'><strong>trium-</strong></span> 
     </span>
    </p>
   </div>
   <div class='ocr_carea' id='block_1_30' title="bbox 1905 1706 3488 1783">
    <p class='ocr_par' dir='ltr' id='par_1_30' title="bbox 1905 1706 3488 1783">
     <span class='ocr_line' id='line_1_30' title="bbox 1905 1706 3488 1783; baseline 0.004 -21"><span class='ocrx_word' id='word_1_180' title='bbox 1905 1707 2122 1779; x_wconf 89' lang='lat' dir='ltr'><strong>phantis</strong></span> <span class='ocrx_word' id='word_1_181' title='bbox 2152 1707 2408 1777; x_wconf 82' lang='lat' dir='ltr'><strong>martyris</strong></span> <span class='ocrx_word' id='word_1_182' title='bbox 2436 1706 2673 1780; x_wconf 84' lang='lat' dir='ltr'><strong>Babylae,</strong></span> <span class='ocrx_word' id='word_1_183' title='bbox 2699 1717 2753 1766; x_wconf 90' lang='lat' dir='ltr'><strong>et</strong></span> <span class='ocrx_word' id='word_1_184' title='bbox 2787 1710 3201 1768; x_wconf 83' lang='lat' dir='ltr'><strong>adolescentutn</strong></span> <span class='ocrx_word' id='word_1_185' title='bbox 3236 1714 3330 1783; x_wconf 85' lang='lat' dir='ltr'><strong>qui</strong></span> <span class='ocrx_word' id='word_1_186' title='bbox 3363 1728 3488 1768; x_wconf 88' lang='lat' dir='ltr'><strong>cum</strong></span> 
     </span>
    </p>
   </div>
   <div class='ocr_carea' id='block_1_31' title="bbox 1905 1800 3491 1876">
    <p class='ocr_par' dir='ltr' id='par_1_31' title="bbox 1905 1800 3491 1876">
     <span class='ocr_line' id='line_1_31' title="bbox 1905 1800 3491 1876; baseline 0.002 -19"><span class='ocrx_word' id='word_1_187' title='bbox 1905 1815 1972 1858; x_wconf 91' lang='lat' dir='ltr'><strong>eo</strong></span> <span class='ocrx_word' id='word_1_188' title='bbox 2010 1800 2389 1866; x_wconf 89' lang='lat' dir='ltr'><strong>decertarunt,</strong></span> <span class='ocrx_word' id='word_1_189' title='bbox 2432 1801 2712 1873; x_wconf 68' lang='lat' dir='ltr'><strong>reliquiae,</strong></span> <span class='ocrx_word' id='word_1_190' title='bbox 2745 1803 2990 1874; x_wconf 73' lang='lat' dir='ltr'><strong>satisque</strong></span> <span class='ocrx_word' id='word_1_191' title='bbox 3041 1805 3338 1876; x_wconf 81' lang='lat' dir='ltr'><strong>apparebat</strong></span> <span class='ocrx_word' id='word_1_192' title='bbox 3391 1805 3491 1860; x_wconf 81' lang='lat' dir='ltr'><strong>fal-</strong></span> 
     </span>
    </p>
   </div>
   <div class='ocr_carea' id='block_1_32' title="bbox 203 1893 1801 1970">
    <p class='ocr_par' dir='ltr' id='par_1_32' title="bbox 203 1893 1801 1970">
     <span class='ocr_line' id='line_1_32' title="bbox 203 1893 1801 1970; baseline -0.007 -17"><span class='ocrx_word' id='word_1_193' title='bbox 203 1900 576 1970; x_wconf 73' lang='grc' dir='ltr'><strong>ψευδόμαντις</strong></span> <span class='ocrx_word' id='word_1_194' title='bbox 616 1897 720 1950; x_wconf 79' lang='grc' dir='ltr'><strong>ὑπὸ</strong></span> <span class='ocrx_word' id='word_1_195' title='bbox 774 1895 874 1966; x_wconf 83' lang='grc' dir='ltr'><strong>τῆς</strong></span> <span class='ocrx_word' id='word_1_196' title='bbox 926 1893 1136 1948; x_wconf 69' lang='grc' dir='ltr'><strong>ἐκείνου</strong></span> <span class='ocrx_word' id='word_1_197' title='bbox 1167 1893 1210 1923; x_wconf 84' lang='grc'>¹¹¹</span> <span class='ocrx_word' id='word_1_198' title='bbox 1251 1893 1471 1964; x_wconf 86' lang='grc' dir='ltr'><strong>χάριτος</strong></span> <span class='ocrx_word' id='word_1_199' title='bbox 1533 1893 1633 1962; x_wconf 81' lang='grc' dir='ltr'><strong>τῆς</strong></span> <span class='ocrx_word' id='word_1_200' title='bbox 1677 1907 1801 1943; x_wconf 88' lang='grc' dir='ltr'><strong>συν-</strong></span> 
     </span>
    </p>
   </div>
   <div class='ocr_carea' id='block_1_33' title="bbox 1904 1893 3491 1970">
    <p class='ocr_par' dir='ltr' id='par_1_33' title="bbox 1911 1893 3491 1969">
     <span class='ocr_line' id='line_1_33' title="bbox 1911 1893 3491 1969; baseline 0.001 -19"><span class='ocrx_word' id='word_1_201' title='bbox 1911 1908 2032 1950; x_wconf 79' lang='lat' dir='ltr'><strong>sttm</strong></span> <span class='ocrx_word' id='word_1_202' title='bbox 2059 1902 2236 1948; x_wconf 84' lang='lat' dir='ltr'><strong>vatem</strong></span> <span class='ocrx_word' id='word_1_203' title='bbox 2265 1908 2294 1947; x_wconf 94' lang='lat' dir='ltr'><strong>a</strong></span> <span class='ocrx_word' id='word_1_204' title='bbox 2329 1900 2603 1950; x_wconf 88' lang='lat' dir='ltr'><strong>consueto</strong></span> <span class='ocrx_word' id='word_1_205' title='bbox 2640 1893 2931 1950; x_wconf 90' lang='lat' dir='ltr'><strong>mendacio</strong></span> <span class='ocrx_word' id='word_1_206' title='bbox 2967 1895 3115 1952; x_wconf 89' lang='lat' dir='ltr'><strong>illius</strong></span> <span class='ocrx_word' id='word_1_207' title='bbox 3151 1897 3328 1969; x_wconf 74' lang='lat' dir='ltr'><strong>gratia</strong></span> <span class='ocrx_word' id='word_1_208' title='bbox 3365 1913 3491 1967; x_wconf 85' lang='lat' dir='ltr'><strong>pro-</strong></span> 
     </span>
    </p>
   </div>
   <div class='ocr_carea' id='block_1_34' title="bbox 205 1983 1804 2064">
    <p class='ocr_par' dir='ltr' id='par_1_34' title="bbox 205 1983 1804 2064">
     <span class='ocr_line' id='line_1_34' title="bbox 205 1983 1804 2064; baseline -0.006 -17"><span class='ocrx_word' id='word_1_209' title='bbox 205 1993 374 2064; x_wconf 75' lang='grc' dir='ltr'><strong>ἠθους</strong></span> <span class='ocrx_word' id='word_1_210' title='bbox 405 1990 754 2062; x_wconf 74' lang='grc' dir='ltr'><strong>ψευδολογίας</strong></span> <span class='ocrx_word' id='word_1_211' title='bbox 775 1988 1111 2060; x_wconf 75' lang='grc' dir='ltr'><strong>εἰργόμενος.</strong></span> <span class='ocrx_word' id='word_1_212' title='bbox 1129 1985 1300 2040; x_wconf 72' lang='grc' dir='ltr'><strong>Τοῦτο</strong></span> <span class='ocrx_word' id='word_1_213' title='bbox 1320 1986 1382 2057; x_wconf 81' lang='grc' dir='ltr'><strong>δὴ</strong></span> <span class='ocrx_word' id='word_1_214' title='bbox 1401 1986 1493 2039; x_wconf 76' lang='grc' dir='ltr'><strong>καὶ</strong></span> <span class='ocrx_word' id='word_1_215' title='bbox 1520 1983 1804 2048; x_wconf 81' lang='grc' dir='ltr'><strong>Ἰουλιανὸς</strong></span> 
     </span>
    </p>
   </div>
   <div class='ocr_carea' id='block_1_35' title="bbox 207 2073 1802 2151">
    <p class='ocr_par' dir='ltr' id='par_1_35' title="bbox 207 2073 1802 2151">
     <span class='ocr_line' id='line_1_35' title="bbox 207 2073 1802 2151; baseline -0.005 -16"><span class='ocrx_word' id='word_1_216' title='bbox 207 2082 414 2145; x_wconf 73' lang='grc' dir='ltr'><strong>συνεὶς,</strong></span> <span class='ocrx_word' id='word_1_217' title='bbox 439 2082 504 2134; x_wconf 80' lang='grc' dir='ltr'><strong>ὲκ</strong></span> <span class='ocrx_word' id='word_1_218' title='bbox 538 2080 645 2151; x_wconf 78' lang='grc' dir='ltr'><strong>γὰρ</strong></span> <span class='ocrx_word' id='word_1_219' title='bbox 688 2079 788 2150; x_wconf 84' lang='grc' dir='ltr'><strong>τῆς</strong></span> <span class='ocrx_word' id='word_1_220' title='bbox 818 2078 1056 2141; x_wconf 81' lang='grc' dir='ltr'><strong>παλαιᾶς</strong></span> <span class='ocrx_word' id='word_1_221' title='bbox 1115 2076 1395 2139; x_wconf 77' lang='grc' dir='ltr'><strong>εύσεδείας</strong></span> <span class='ocrx_word' id='word_1_222' title='bbox 1434 2073 1662 2144; x_wconf 73' lang='grc' dir='ltr'><strong>ἐγνώκει</strong></span> <span class='ocrx_word' id='word_1_223' title='bbox 1695 2075 1802 2128; x_wconf 81' lang='grc' dir='ltr'><strong>τῶν</strong></span> 
     </span>
    </p>
   </div>
   <div class='ocr_carea' id='block_1_36' title="bbox 205 2169 1801 2249">
    <p class='ocr_par' dir='ltr' id='par_1_36' title="bbox 205 2169 1801 2249">
     <span class='ocr_line' id='line_1_36' title="bbox 205 2169 1801 2249; baseline -0.006 -18"><span class='ocrx_word' id='word_1_224' title='bbox 205 2179 528 2249; x_wconf 69' lang='grc' dir='ltr'><strong>νικηφόρων</strong></span> <span class='ocrx_word' id='word_1_225' title='bbox 562 2174 855 2248; x_wconf 86' lang='grc' dir='ltr'><strong>μαρτύρων</strong></span> <span class='ocrx_word' id='word_1_226' title='bbox 885 2174 981 2245; x_wconf 82' lang='grc' dir='ltr'><strong>τὴν</strong></span> <span class='ocrx_word' id='word_1_227' title='bbox 1013 2173 1262 2243; x_wconf 88' lang='grc' dir='ltr'><strong>δύναμιν,</strong></span> <span class='ocrx_word' id='word_1_228' title='bbox 1294 2170 1420 2224; x_wconf 75' lang='grc' dir='ltr'><strong>ἄλλο</strong></span> <span class='ocrx_word' id='word_1_229' title='bbox 1461 2171 1558 2241; x_wconf 76' lang='grc' dir='ltr'><strong>μὲν</strong></span> <span class='ocrx_word' id='word_1_230' title='bbox 1593 2169 1801 2224; x_wconf 72' lang='grc' dir='ltr'><strong>ἐκεῖθεν</strong></span> 
     </span>
    </p>
   </div>
   <div class='ocr_carea' id='block_1_37' title="bbox 205 2263 1802 2340">
    <p class='ocr_par' dir='ltr' id='par_1_37' title="bbox 205 2263 1802 2340">
     <span class='ocr_line' id='line_1_37' title="bbox 205 2263 1802 2340; baseline -0.004 -17"><span class='ocrx_word' id='word_1_231' title='bbox 205 2271 358 2323; x_wconf 69' lang='grc' dir='ltr'><strong>οῦδὲν</strong></span> <span class='ocrx_word' id='word_1_232' title='bbox 395 2269 724 2340; x_wconf 84' lang='grc' dir='ltr'><strong>μετεκόμισε</strong></span> <span class='ocrx_word' id='word_1_233' title='bbox 761 2266 941 2337; x_wconf 87' lang='grc' dir='ltr'><strong>σῶμα,</strong></span> <span class='ocrx_word' id='word_1_234' title='bbox 979 2266 1153 2337; x_wconf 83' lang='grc' dir='ltr'><strong>μόνων</strong></span> <span class='ocrx_word' id='word_1_235' title='bbox 1187 2264 1307 2317; x_wconf 79' lang='grc' dir='ltr'><strong>δὲ¹⁶</strong></span> <span class='ocrx_word' id='word_1_236' title='bbox 1339 2263 1448 2317; x_wconf 84' lang='grc' dir='ltr'><strong>τῶν</strong></span> <span class='ocrx_word' id='word_1_237' title='bbox 1491 2265 1802 2335; x_wconf 83' lang='grc' dir='ltr'><strong>νικηφόρων</strong></span> 
     </span>
    </p>
   </div>
   <div class='ocr_carea' id='block_1_38' title="bbox 212 2356 1800 2433">
    <p class='ocr_par' dir='ltr' id='par_1_38' title="bbox 212 2356 1800 2433">
     <span class='ocr_line' id='line_1_38' title="bbox 212 2356 1800 2433; baseline -0.003 -18"><span class='ocrx_word' id='word_1_238' title='bbox 212 2361 512 2433; x_wconf 85' lang='grc' dir='ltr'><strong>μαρτύρων</strong></span> <span class='ocrx_word' id='word_1_239' title='bbox 533 2361 598 2415; x_wconf 79' lang='grc' dir='ltr'><strong>τὰ</strong></span> <span class='ocrx_word' id='word_1_240' title='bbox 621 2360 847 2430; x_wconf 77' lang='grc' dir='ltr'><strong>λείψανα</strong></span> <span class='ocrx_word' id='word_1_241' title='bbox 866 2361 978 2422; x_wconf 81' lang='grc' dir='ltr'><strong>τοῖς</strong></span> <span class='ocrx_word' id='word_1_242' title='bbox 997 2357 1090 2411; x_wconf 82' lang='grc' dir='ltr'><strong>τοῦ</strong></span> <span class='ocrx_word' id='word_1_243' title='bbox 1110 2356 1343 2428; x_wconf 79' lang='grc' dir='ltr'><strong>Χριστοῦ</strong></span> <span class='ocrx_word' id='word_1_244' title='bbox 1359 2357 1651 2421; x_wconf 88' lang='grc' dir='ltr'><strong>θιασώταις</strong></span> <span class='ocrx_word' id='word_1_245' title='bbox 1671 2374 1800 2428; x_wconf 86' lang='grc' dir='ltr'><strong>μετ-</strong></span> 
     </span>
    </p>
   </div>
   <div class='ocr_carea' id='block_1_39' title="bbox 210 2451 1802 2528">
    <p class='ocr_par' dir='ltr' id='par_1_39' title="bbox 210 2451 1802 2528">
     <span class='ocr_line' id='line_1_39' title="bbox 210 2451 1802 2528; baseline -0.005 -16"><span class='ocrx_word' id='word_1_246' title='bbox 210 2459 458 2526; x_wconf 86' lang='grc' dir='ltr'><strong>ενεγκεῖν</strong></span> <span class='ocrx_word' id='word_1_247' title='bbox 477 2455 889 2528; x_wconf 79' lang='grc' dir='ltr'><strong>παρηγγύησεν.</strong></span> <span class='ocrx_word' id='word_1_248' title='bbox 911 2457 971 2510; x_wconf 74' lang='lat'><strong>0!</strong></span> <span class='ocrx_word' id='word_1_249' title='bbox 989 2457 1043 2510; x_wconf 80' lang='grc' dir='ltr'><strong>δὲ</strong></span> <span class='ocrx_word' id='word_1_250' title='bbox 1065 2454 1312 2527; x_wconf 77' lang='grc' dir='ltr'><strong>ἁσμένως</strong></span> <span class='ocrx_word' id='word_1_251' title='bbox 1330 2452 1442 2505; x_wconf 66' lang='lat' dir='ltr'><strong>&quot;to</strong></span> <span class='ocrx_word' id='word_1_252' title='bbox 1461 2451 1620 2516; x_wconf 84' lang='grc' dir='ltr'><strong>άλσος</strong></span> <span class='ocrx_word' id='word_1_253' title='bbox 1637 2468 1802 2505; x_wconf 86' lang='grc' dir='ltr'><strong>κατα-</strong></span> 
     </span>
    </p>
   </div>
   <div class='ocr_carea' id='block_1_40' title="bbox 211 2543 1797 2618">
    <p class='ocr_par' dir='ltr' id='par_1_40' title="bbox 211 2543 1797 2618">
     <span class='ocr_line' id='line_1_40' title="bbox 211 2543 1797 2618; baseline -0.004 -15"><span class='ocrx_word' id='word_1_254' title='bbox 211 2551 492 2614; x_wconf 71' lang='grc' dir='ltr'><strong>λαϐόντες,</strong></span> <span class='ocrx_word' id='word_1_255' title='bbox 535 2549 627 2603; x_wconf 80' lang='grc' dir='ltr'><strong>καὶ</strong></span> <span class='ocrx_word' id='word_1_256' title='bbox 652 2549 743 2602; x_wconf 67' lang='grc' dir='ltr'><strong>ἐπὶ</strong></span> <span class='ocrx_word' id='word_1_257' title='bbox 789 2548 1014 2618; x_wconf 77' lang='grc' dir='ltr'><strong>ζεύγους</strong></span> <span class='ocrx_word' id='word_1_258' title='bbox 1046 2546 1350 2609; x_wconf 79' lang='grc' dir='ltr'><strong>τεθεικότες</strong></span> <span class='ocrx_word' id='word_1_259' title='bbox 1404 2543 1502 2616; x_wconf 79' lang='grc' dir='ltr'><strong>τὴν</strong></span> <span class='ocrx_word' id='word_1_260' title='bbox 1531 2543 1797 2614; x_wconf 80' lang='grc' dir='ltr'><strong>λάρνακα,</strong></span> 
     </span>
    </p>
   </div>
   <div class='ocr_carea' id='block_1_41' title="bbox 213 2636 1800 2714">
    <p class='ocr_par' dir='ltr' id='par_1_41' title="bbox 213 2636 1800 2714">
     <span class='ocr_line' id='line_1_41' title="bbox 213 2636 1800 2714; baseline -0.006 -18"><span class='ocrx_word' id='word_1_261' title='bbox 213 2642 490 2714; x_wconf 74' lang='grc' dir='ltr'><strong>πανδημεὶ</strong></span> <span class='ocrx_word' id='word_1_262' title='bbox 520 2640 721 2713; x_wconf 84' lang='grc' dir='ltr'><strong>ταύτης</strong></span> <span class='ocrx_word' id='word_1_263' title='bbox 761 2640 990 2711; x_wconf 78' lang='grc' dir='ltr'><strong>ἡγοῦντο</strong></span> <span class='ocrx_word' id='word_1_264' title='bbox 1019 2639 1355 2711; x_wconf 81' lang='grc' dir='ltr'><strong>χορεύοντες,</strong></span> <span class='ocrx_word' id='word_1_265' title='bbox 1385 2637 1478 2690; x_wconf 70' lang='grc' dir='ltr'><strong>καὶ</strong></span> <span class='ocrx_word' id='word_1_266' title='bbox 1512 2636 1609 2704; x_wconf 82' lang='grc' dir='ltr'><strong>τὴν</strong></span> <span class='ocrx_word' id='word_1_267' title='bbox 1639 2638 1800 2688; x_wconf 80' lang='grc' dir='ltr'><strong>Δαυῖ-</strong></span> 
     </span>
    </p>
   </div>
   <div class='ocr_carea' id='block_1_42' title="bbox 215 2727 1802 2806">
    <p class='ocr_par' dir='ltr' id='par_1_42' title="bbox 215 2727 1802 2806">
     <span class='ocr_line' id='line_1_42' title="bbox 215 2727 1802 2806; baseline -0.005 -17"><span class='ocrx_word' id='word_1_268' title='bbox 215 2737 371 2806; x_wconf 75' lang='grc' dir='ltr'><strong>τικὴν</strong></span> <span class='ocrx_word' id='word_1_269' title='bbox 430 2734 648 2804; x_wconf 72' lang='grc' dir='ltr'><strong>ᾅδοντες</strong></span> <span class='ocrx_word' id='word_1_270' title='bbox 698 2732 988 2804; x_wconf 76' lang='grc' dir='ltr'>μελῳδίαν,</span> <span class='ocrx_word' id='word_1_271' title='bbox 1032 2733 1125 2787; x_wconf 78' lang='grc' dir='ltr'><strong>καὶ</strong></span> <span class='ocrx_word' id='word_1_272' title='bbox 1166 2731 1286 2785; x_wconf 87' lang='grc' dir='ltr'><strong>καθ’</strong></span> <span class='ocrx_word' id='word_1_273' title='bbox 1339 2730 1570 2783; x_wconf 73' lang='grc' dir='ltr'><strong>ἕκαστον</strong></span> <span class='ocrx_word' id='word_1_274' title='bbox 1628 2727 1802 2782; x_wconf 87' lang='grc' dir='ltr'><strong>κῶλον</strong></span> 
     </span>
    </p>
   </div>
   <div class='ocr_carea' id='block_1_43' title="bbox 216 2821 1802 2896">
    <p class='ocr_par' dir='ltr' id='par_1_43' title="bbox 216 2821 1802 2896">
     <span class='ocr_line' id='line_1_43' title="bbox 216 2821 1802 2896; baseline -0.005 -15"><span class='ocrx_word' id='word_1_275' title='bbox 216 2825 708 2896; x_wconf 72' lang='grc' dir='ltr'><strong>ἐπιφθεγγόμενοι·</strong></span> <span class='ocrx_word' id='word_1_276' title='bbox 751 2844 770 2877; x_wconf 86' lang='grc' dir='ltr'><strong>ι</strong></span> <span class='ocrx_word' id='word_1_277' title='bbox 819 2824 1274 2896; x_wconf 75' lang='grc' dir='ltr'><strong>Αἰσχυνθήτωσαν</strong></span> <span class='ocrx_word' id='word_1_278' title='bbox 1314 2821 1512 2884; x_wconf 84' lang='grc' dir='ltr'><strong>πάντες</strong></span> <span class='ocrx_word' id='word_1_279' title='bbox 1539 2822 1585 2873; x_wconf 91' lang='grc' dir='ltr'><strong>οί</strong></span> <span class='ocrx_word' id='word_1_280' title='bbox 1630 2837 1802 2892; x_wconf 86' lang='grc' dir='ltr'><strong>προσ-</strong></span> 
     </span>
    </p>
   </div>
   <div class='ocr_carea' id='block_1_44' title="bbox 215 2906 1803 2984">
    <p class='ocr_par' dir='ltr' id='par_1_44' title="bbox 215 2906 1803 2984">
     <span class='ocr_line' id='line_1_44' title="bbox 215 2906 1803 2984; baseline -0.004 -13"><span class='ocrx_word' id='word_1_281' title='bbox 215 2917 508 2977; x_wconf 76' lang='grc' dir='ltr'><strong>κυνοῦντες</strong></span> <span class='ocrx_word' id='word_1_282' title='bbox 554 2913 667 2977; x_wconf 82' lang='grc' dir='ltr'><strong>τοῖς</strong></span> <span class='ocrx_word' id='word_1_283' title='bbox 715 2913 992 2984; x_wconf 80' lang='grc' dir='ltr'><strong>γλυπτοῖς.</strong></span> <span class='ocrx_word' id='word_1_284' title='bbox 1028 2931 1047 2964; x_wconf 71' lang='grc' dir='ltr'><strong>ι</strong></span> <span class='ocrx_word' id='word_1_285' title='bbox 1093 2906 1302 2966; x_wconf 84' lang='grc' dir='ltr'><strong>Ἧτταν</strong></span> <span class='ocrx_word' id='word_1_286' title='bbox 1346 2910 1454 2982; x_wconf 82' lang='grc' dir='ltr'><strong>γὰρ</strong></span> <span class='ocrx_word' id='word_1_287' title='bbox 1484 2909 1577 2963; x_wconf 80' lang='grc' dir='ltr'><strong>τοῦ</strong></span> <span class='ocrx_word' id='word_1_288' title='bbox 1614 2909 1803 2982; x_wconf 88' lang='grc' dir='ltr'><strong>δαίμο-</strong></span> 
     </span>
    </p>
   </div>
   <div class='ocr_carea' id='block_1_45' title="bbox 214 3001 1728 3080">
    <p class='ocr_par' dir='ltr' id='par_1_45' title="bbox 214 3001 1728 3080">
     <span class='ocr_line' id='line_1_45' title="bbox 214 3001 1728 3080; baseline -0.005 -15"><span class='ocrx_word' id='word_1_289' title='bbox 214 3028 302 3075; x_wconf 88' lang='grc' dir='ltr'><strong>νος</strong></span> <span class='ocrx_word' id='word_1_290' title='bbox 331 3008 715 3080; x_wconf 75' lang='grc' dir='ltr'><strong>ὑπελάμϐανον</strong></span> <span class='ocrx_word' id='word_1_291' title='bbox 744 3007 837 3061; x_wconf 80' lang='grc' dir='ltr'><strong>τοῦ</strong></span> <span class='ocrx_word' id='word_1_292' title='bbox 875 3006 1151 3079; x_wconf 79' lang='grc' dir='ltr'><strong>μάρτυρος</strong></span> <span class='ocrx_word' id='word_1_293' title='bbox 1187 3005 1285 3076; x_wconf 79' lang='grc' dir='ltr'><strong>τὴν</strong></span> <span class='ocrx_word' id='word_1_294' title='bbox 1323 3001 1728 3075; x_wconf 84' lang='grc' dir='ltr'><strong>μετάστασιν¹¹¹.</strong></span> 
     </span>
    </p>
   </div>
   <div class='ocr_carea' id='block_1_46' title="bbox 824 3100 1184 3156">
    <p class='ocr_par' dir='ltr' id='par_1_46' title="bbox 824 3100 1184 3156">
     <span class='ocr_line' id='line_1_46' title="bbox 824 3100 1184 3156; baseline -0.008 0"><span class='ocrx_word' id='word_1_295' title='bbox 824 3100 1076 3156; x_wconf 77' lang='grc' dir='ltr'><strong>ΚΕΦΑΛ.</strong></span> <span class='ocrx_word' id='word_1_296' title='bbox 1113 3101 1184 3153; x_wconf 92' lang='lat' dir='ltr'><strong>Z&#39;.</strong></span> 
     </span>
    </p>
   </div>
   <div class='ocr_carea' id='block_1_47' title="bbox 466 3191 1552 3268">
    <p class='ocr_par' dir='ltr' id='par_1_47' title="bbox 466 3191 1552 3268">
     <span class='ocr_line' id='line_1_47' title="bbox 466 3191 1552 3268; baseline -0.002 -17"><span class='ocrx_word' id='word_1_297' title='bbox 466 3195 604 3266; x_wconf 76' lang='grc' dir='ltr'><strong>Περὶ</strong></span> <span class='ocrx_word' id='word_1_298' title='bbox 654 3191 956 3262; x_wconf 81' lang='grc' dir='ltr'><strong>Θεοδώρου</strong></span> <span class='ocrx_word' id='word_1_299' title='bbox 1005 3191 1110 3246; x_wconf 85' lang='grc' dir='ltr'><strong>τοῦ</strong></span> <span class='ocrx_word' id='word_1_300' title='bbox 1160 3193 1552 3268; x_wconf 71' lang='grc' dir='ltr'><strong>ὀμολογητοῦ.</strong></span> 
     </span>
    </p>
   </div>
   <div class='ocr_carea' id='block_1_48' title="bbox 1907 1980 3486 2062">
    <p class='ocr_par' dir='ltr' id='par_1_48' title="bbox 1907 1980 3486 2062">
     <span class='ocr_line' id='line_1_48' title="bbox 1907 1980 3486 2062; baseline 0.001 -19"><span class='ocrx_word' id='word_1_301' title='bbox 1907 1986 2103 2044; x_wconf 88' lang='lat' dir='ltr'><strong>hiberi.</strong></span> <span class='ocrx_word' id='word_1_302' title='bbox 2140 1985 2300 2053; x_wconf 86' lang='lat' dir='ltr'><strong>Quod</strong></span> <span class='ocrx_word' id='word_1_303' title='bbox 2354 1985 2612 2042; x_wconf 82' lang='lat' dir='ltr'><strong>Julianus</strong></span> <span class='ocrx_word' id='word_1_304' title='bbox 2642 1980 2864 2058; x_wconf 88' lang='lat' dir='ltr'><strong>quoque</strong></span> <span class='ocrx_word' id='word_1_305' title='bbox 2912 1987 3248 2060; x_wconf 75' lang='lat' dir='ltr'><strong>intelligens,</strong></span> <span class='ocrx_word' id='word_1_306' title='bbox 3287 1998 3346 2044; x_wconf 93' lang='lat' dir='ltr'><strong>ut</strong></span> <span class='ocrx_word' id='word_1_307' title='bbox 3392 1992 3486 2062; x_wconf 86' lang='lat' dir='ltr'><strong>qui</strong></span> 
     </span>
    </p>
   </div>
   <div class='ocr_carea' id='block_1_49' title="bbox 1904 2079 3488 2154">
    <p class='ocr_par' dir='ltr' id='par_1_49' title="bbox 1904 2079 3488 2154">
     <span class='ocr_line' id='line_1_49' title="bbox 1904 2079 3488 2154; baseline 0 -18"><span class='ocrx_word' id='word_1_308' title='bbox 1904 2095 1969 2136; x_wconf 82' lang='lat' dir='ltr'><strong>ex</strong></span> <span class='ocrx_word' id='word_1_309' title='bbox 2004 2081 2230 2149; x_wconf 87' lang='lat' dir='ltr'><strong>antiqua</strong></span> <span class='ocrx_word' id='word_1_310' title='bbox 2283 2079 2483 2150; x_wconf 85' lang='lat' dir='ltr'><strong>pietate</strong></span> <span class='ocrx_word' id='word_1_311' title='bbox 2528 2087 2870 2150; x_wconf 87' lang='lat' dir='ltr'><strong>perspectam</strong></span> <span class='ocrx_word' id='word_1_312' title='bbox 2908 2079 3134 2137; x_wconf 80' lang='lat' dir='ltr'><strong>haberet</strong></span> <span class='ocrx_word' id='word_1_313' title='bbox 3190 2091 3488 2154; x_wconf 84' lang='lat' dir='ltr'><strong>martyrum</strong></span> 
     </span>
    </p>
   </div>
   <div class='ocr_carea' id='block_1_50' title="bbox 1906 2170 3492 2245">
    <p class='ocr_par' dir='ltr' id='par_1_50' title="bbox 1906 2170 3492 2245">
     <span class='ocr_line' id='line_1_50' title="bbox 1906 2170 3492 2245; baseline 0.003 -20"><span class='ocrx_word' id='word_1_314' title='bbox 1906 2173 2230 2242; x_wconf 89' lang='lat' dir='ltr'><strong>potentiam,</strong></span> <span class='ocrx_word' id='word_1_315' title='bbox 2266 2170 2417 2226; x_wconf 91' lang='lat' dir='ltr'><strong>aliud</strong></span> <span class='ocrx_word' id='word_1_316' title='bbox 2434 2171 2656 2242; x_wconf 87' lang='lat' dir='ltr'><strong>quidem</strong></span> <span class='ocrx_word' id='word_1_317' title='bbox 2682 2170 2810 2227; x_wconf 88' lang='lat' dir='ltr'><strong>inde</strong></span> <span class='ocrx_word' id='word_1_318' title='bbox 2842 2186 3043 2245; x_wconf 88' lang='lat' dir='ltr'><strong>corpus</strong></span> <span class='ocrx_word' id='word_1_319' title='bbox 3071 2174 3282 2228; x_wconf 82' lang='lat' dir='ltr'><strong>nullum</strong></span> <span class='ocrx_word' id='word_1_320' title='bbox 3316 2182 3492 2232; x_wconf 89' lang='lat' dir='ltr'><strong>trans-</strong></span> 
     </span>
    </p>
   </div>
   <div class='ocr_carea' id='block_1_51' title="bbox 1906 2261 3492 2336">
    <p class='ocr_par' dir='ltr' id='par_1_51' title="bbox 1906 2261 3492 2336">
     <span class='ocr_line' id='line_1_51' title="bbox 1906 2261 3492 2336; baseline 0.003 -19"><span class='ocrx_word' id='word_1_321' title='bbox 1906 2263 2067 2327; x_wconf 86' lang='lat' dir='ltr'><strong>tulit,</strong></span> <span class='ocrx_word' id='word_1_322' title='bbox 2096 2261 2191 2319; x_wconf 88' lang='lat' dir='ltr'><strong>sed</strong></span> <span class='ocrx_word' id='word_1_323' title='bbox 2229 2263 2560 2318; x_wconf 82' lang='lat' dir='ltr'><strong>invictarum</strong></span> <span class='ocrx_word' id='word_1_324' title='bbox 2594 2272 2897 2336; x_wconf 85' lang='lat' dir='ltr'><strong>martyrum</strong></span> <span class='ocrx_word' id='word_1_325' title='bbox 2930 2265 3192 2335; x_wconf 86' lang='lat' dir='ltr'><strong>reliquias</strong></span> <span class='ocrx_word' id='word_1_326' title='bbox 3220 2265 3492 2322; x_wconf 75' lang='lat' dir='ltr'><strong>duntaxat</strong></span> 
     </span>
    </p>
   </div>
   <div class='ocr_carea' id='block_1_52' title="bbox 1905 2355 3489 2428">
    <p class='ocr_par' dir='ltr' id='par_1_52' title="bbox 1905 2355 3489 2428">
     <span class='ocr_line' id='line_1_52' title="bbox 1905 2355 3489 2428; baseline 0.002 -16"><span class='ocrx_word' id='word_1_327' title='bbox 1905 2365 1963 2412; x_wconf 94' lang='lat' dir='ltr'><strong>ut</strong></span> <span class='ocrx_word' id='word_1_328' title='bbox 1987 2355 3031 2428; x_wconf 76' lang='lat' dir='ltr'><strong>exportarent,Christianis-imperavit.</strong></span> <span class='ocrx_word' id='word_1_329' title='bbox 3070 2359 3172 2425; x_wconf 91' lang='lat' dir='ltr'><strong>Qui</strong></span> <span class='ocrx_word' id='word_1_330' title='bbox 3211 2361 3277 2414; x_wconf 90' lang='lat' dir='ltr'><strong>ad</strong></span> <span class='ocrx_word' id='word_1_331' title='bbox 3307 2361 3489 2416; x_wconf 86' lang='lat' dir='ltr'><strong>lucum</strong></span> 
     </span>
    </p>
   </div>
   <div class='ocr_carea' id='block_1_53' title="bbox 1905 2450 3492 2528">
    <p class='ocr_par' dir='ltr' id='par_1_53' title="bbox 1905 2450 3492 2528">
     <span class='ocr_line' id='line_1_53' title="bbox 1905 2450 3492 2528; baseline 0.004 -23"><span class='ocrx_word' id='word_1_332' title='bbox 1905 2452 2204 2508; x_wconf 84' lang='lat' dir='ltr'><strong>libentibus</strong></span> <span class='ocrx_word' id='word_1_333' title='bbox 2250 2451 2448 2508; x_wconf 88' lang='lat' dir='ltr'><strong>animis</strong></span> <span class='ocrx_word' id='word_1_334' title='bbox 2488 2450 2743 2522; x_wconf 74' lang='lat' dir='ltr'><strong>profecti,</strong></span> <span class='ocrx_word' id='word_1_335' title='bbox 2773 2462 2823 2508; x_wconf 92' lang='lat' dir='ltr'><strong>et</strong></span> <span class='ocrx_word' id='word_1_336' title='bbox 2857 2467 2986 2508; x_wconf 89' lang='lat' dir='ltr'><strong>arca</strong></span> <span class='ocrx_word' id='word_1_337' title='bbox 3035 2454 3282 2524; x_wconf 87' lang='lat' dir='ltr'><strong>plaustro</strong></span> <span class='ocrx_word' id='word_1_338' title='bbox 3319 2456 3492 2528; x_wconf 89' lang='lat' dir='ltr'><strong>impo-</strong></span> 
     </span>
    </p>
   </div>
   <div class='ocr_carea' id='block_1_54' title="bbox 1905 2541 3490 2618">
    <p class='ocr_par' dir='ltr' id='par_1_54' title="bbox 1905 2541 3490 2618">
     <span class='ocr_line' id='line_1_54' title="bbox 1905 2541 3490 2618; baseline 0.003 -19"><span class='ocrx_word' id='word_1_339' title='bbox 1905 2542 2039 2607; x_wconf 83' lang='lat' dir='ltr'><strong>sita,</strong></span> <span class='ocrx_word' id='word_1_340' title='bbox 2082 2541 2332 2614; x_wconf 87' lang='lat' dir='ltr'><strong>publicos</strong></span> <span class='ocrx_word' id='word_1_341' title='bbox 2372 2543 2615 2599; x_wconf 79' lang='lat' dir='ltr'><strong>universi</strong></span> <span class='ocrx_word' id='word_1_342' title='bbox 2654 2543 2856 2600; x_wconf 87' lang='lat' dir='ltr'><strong>choros</strong></span> <span class='ocrx_word' id='word_1_343' title='bbox 2895 2545 3161 2603; x_wconf 88' lang='lat' dir='ltr'><strong>ducentes</strong></span> <span class='ocrx_word' id='word_1_344' title='bbox 3202 2549 3490 2618; x_wconf 64' lang='lat' dir='ltr'><strong>praeibam,</strong></span> 
     </span>
    </p>
   </div>
   <div class='ocr_carea' id='block_1_55' title="bbox 1906 2633 3489 2717">
    <p class='ocr_par' dir='ltr' id='par_1_55' title="bbox 1906 2633 3489 2717">
     <span class='ocr_line' id='line_1_55' title="bbox 1906 2633 3489 2717; baseline 0.003 -24"><span class='ocrx_word' id='word_1_345' title='bbox 1906 2635 2258 2707; x_wconf 84' lang='lat' dir='ltr'><strong>psalmosque</strong></span> <span class='ocrx_word' id='word_1_346' title='bbox 2286 2633 2579 2717; x_wconf 79' lang='lat' dir='ltr'><strong>Davidicos</strong></span> <span class='ocrx_word' id='word_1_347' title='bbox 2608 2635 2992 2702; x_wconf 84' lang='lat' dir='ltr'><strong>concinentes,</strong></span> <span class='ocrx_word' id='word_1_348' title='bbox 3023 2637 3091 2693; x_wconf 92' lang='lat' dir='ltr'><strong>ad</strong></span> <span class='ocrx_word' id='word_1_349' title='bbox 3123 2640 3240 2694; x_wconf 91' lang='lat' dir='ltr'><strong>cola</strong></span> <span class='ocrx_word' id='word_1_350' title='bbox 3275 2641 3489 2712; x_wconf 74' lang='lat' dir='ltr'><strong>singula</strong></span> 
     </span>
    </p>
   </div>
   <div class='ocr_carea' id='block_1_56' title="bbox 1906 2726 3495 2802">
    <p class='ocr_par' dir='ltr' id='par_1_56' title="bbox 1906 2726 3495 2802">
     <span class='ocr_line' id='line_1_56' title="bbox 1906 2726 3495 2802; baseline 0.004 -18"><span class='ocrx_word' id='word_1_351' title='bbox 1906 2727 2322 2784; x_wconf 86' lang='lat' dir='ltr'><strong>inclamabant:</strong></span> <span class='ocrx_word' id='word_1_352' title='bbox 2359 2747 2376 2780; x_wconf 83' lang='grc' dir='ltr'><strong>ε</strong></span> <span class='ocrx_word' id='word_1_353' title='bbox 2415 2726 2840 2783; x_wconf 78' lang='lat' dir='ltr'><strong>Confundantur</strong></span> <span class='ocrx_word' id='word_1_354' title='bbox 2882 2742 3095 2795; x_wconf 87' lang='lat' dir='ltr'><strong>omnes,</strong></span> <span class='ocrx_word' id='word_1_355' title='bbox 3135 2731 3226 2802; x_wconf 91' lang='lat' dir='ltr'><strong>qui</strong></span> <span class='ocrx_word' id='word_1_356' title='bbox 3262 2732 3495 2790; x_wconf 87' lang='lat' dir='ltr'><strong>adorant</strong></span> 
     </span>
    </p>
   </div>
   <div class='ocr_carea' id='block_1_57' title="bbox 1905 2817 3493 2897">
    <p class='ocr_par' dir='ltr' id='par_1_57' title="bbox 1905 2817 3493 2897">
     <span class='ocr_line' id='line_1_57' title="bbox 1905 2817 3493 2897; baseline 0.004 -19"><span class='ocrx_word' id='word_1_357' title='bbox 1905 2819 2183 2890; x_wconf 81' lang='lat' dir='ltr'><strong>sculptilia</strong></span> <span class='ocrx_word' id='word_1_358' title='bbox 2202 2827 2252 2874; x_wconf 72' lang='grc' dir='ltr'><strong>ι.</strong></span> <span class='ocrx_word' id='word_1_359' title='bbox 2297 2837 2316 2870; x_wconf 73' lang='grc' dir='ltr'><strong>ι</strong></span> <span class='ocrx_word' id='word_1_360' title='bbox 2358 2817 2630 2874; x_wconf 71' lang='lat' dir='ltr'><strong>Daemonis</strong></span> <span class='ocrx_word' id='word_1_361' title='bbox 2659 2817 2806 2874; x_wconf 88' lang='lat' dir='ltr'><strong>enim</strong></span> <span class='ocrx_word' id='word_1_362' title='bbox 2837 2817 3202 2889; x_wconf 82' lang='lat' dir='ltr'><strong>dejectionem</strong></span> <span class='ocrx_word' id='word_1_363' title='bbox 3234 2824 3493 2897; x_wconf 83' lang='lat' dir='ltr'><strong>martyris</strong></span> 
     </span>
    </p>
   </div>
   <div class='ocr_carea' id='block_1_58' title="bbox 1903 2910 2889 2982">
    <p class='ocr_par' dir='ltr' id='par_1_58' title="bbox 1903 2910 2889 2982">
     <span class='ocr_line' id='line_1_58' title="bbox 1903 2910 2889 2982; baseline -0.001 -16"><span class='ocrx_word' id='word_1_364' title='bbox 1903 2911 2326 2968; x_wconf 85' lang='lat' dir='ltr'><strong>translationem</strong></span> <span class='ocrx_word' id='word_1_365' title='bbox 2363 2910 2889 2982; x_wconf 86' lang='lat' dir='ltr'><strong>interpretabantur.</strong></span> 
     </span>
    </p>
   </div>
   <div class='ocr_carea' id='block_1_59' title="bbox 2175 3088 3216 3168">
    <p class='ocr_par' dir='ltr' id='par_1_59' title="bbox 2175 3088 3216 3168">
     <span class='ocr_line' id='line_1_59' title="bbox 2175 3088 3216 3168; baseline 0.006 -23"><span class='ocrx_word' id='word_1_366' title='bbox 2175 3089 2330 3146; x_wconf 72' lang='lat' dir='ltr'><strong>CAP.</strong></span> <span class='ocrx_word' id='word_1_367' title='bbox 2359 3089 2471 3145; x_wconf 78' lang='lat' dir='ltr'><strong>VII.</strong></span> <span class='ocrx_word' id='word_1_368' title='bbox 2511 3089 2595 3163; x_wconf 86' lang='grc' dir='ltr'><strong>[Β.</strong></span> <span class='ocrx_word' id='word_1_369' title='bbox 2628 3089 2710 3146; x_wconf 91' lang='lat' dir='ltr'><strong>St.</strong></span> <span class='ocrx_word' id='word_1_370' title='bbox 2743 3088 2803 3145; x_wconf 78' lang='grc' dir='ltr'><strong>ν.</strong></span> <span class='ocrx_word' id='word_1_371' title='bbox 2841 3092 2925 3147; x_wconf 82' lang='grc' dir='ltr'><strong>Η.</strong></span> <span class='ocrx_word' id='word_1_372' title='bbox 2964 3091 3061 3149; x_wconf 86' lang='lat' dir='ltr'><strong>Ch.</strong></span> <span class='ocrx_word' id='word_1_373' title='bbox 3104 3095 3216 3168; x_wconf 75' lang='lat'><strong>10.]</strong></span> 
     </span>
    </p>
   </div>
   <div class='ocr_carea' id='block_1_60' title="bbox 2328 3181 3065 3255">
    <p class='ocr_par' dir='ltr' id='par_1_60' title="bbox 2328 3181 3065 3255">
     <span class='ocr_line' id='line_1_60' title="bbox 2328 3181 3065 3255; baseline 0.007 -18"><span class='ocrx_word' id='word_1_374' title='bbox 2328 3181 2405 3238; x_wconf 74' lang='lat' dir='ltr'><strong>De</strong></span> <span class='ocrx_word' id='word_1_375' title='bbox 2441 3182 2712 3238; x_wconf 77' lang='lat' dir='ltr'><strong>Theodoro</strong></span> <span class='ocrx_word' id='word_1_376' title='bbox 2751 3186 3065 3255; x_wconf 71' lang='lat' dir='ltr'><strong>confutare.</strong></span> 
     </span>
    </p>
   </div>
   <div class='ocr_carea' id='block_1_61' title="bbox 295 3262 1801 3359">
    <p class='ocr_par' dir='ltr' id='par_1_61' title="bbox 295 3262 1800 3359">
     <span class='ocr_line' id='line_1_61' title="bbox 295 3262 1800 3359; baseline -0.003 -16"><span class='ocrx_word' id='word_1_377' title='bbox 295 3262 586 3353; x_wconf 69' lang='grc' dir='ltr'><strong>Ἰουλιανδς</strong></span> <span class='ocrx_word' id='word_1_378' title='bbox 614 3288 669 3341; x_wconf 79' lang='grc' dir='ltr'><strong>δὲ</strong></span> <span class='ocrx_word' id='word_1_379' title='bbox 722 3286 819 3358; x_wconf 77' lang='grc' dir='ltr'><strong>τὴν</strong></span> <span class='ocrx_word' id='word_1_380' title='bbox 867 3285 1114 3339; x_wconf 72' lang='grc' dir='ltr'><strong>ἐντεῦθεν</strong></span> <span class='ocrx_word' id='word_1_381' title='bbox 1357 3262 1800 3359; x_wconf 63' lang='grc' dir='ltr'><strong>⁷-ιτροσγινομένην</strong></span> 
     </span>
    </p>
   </div>
   <div class='ocr_carea' id='block_1_62' title="bbox 1904 3262 3490 3359">
    <p class='ocr_par' dir='ltr' id='par_1_62' title="bbox 1978 3273 3490 3341">
     <span class='ocr_line' id='line_1_62' title="bbox 1978 3273 3490 3341; baseline 0.006 -10"><span class='ocrx_word' id='word_1_382' title='bbox 1978 3276 2044 3332; x_wconf 79' lang='lat' dir='ltr'><strong>At</strong></span> <span class='ocrx_word' id='word_1_383' title='bbox 2077 3273 2353 3341; x_wconf 77' lang='lat' dir='ltr'><strong>Julianus,</strong></span> <span class='ocrx_word' id='word_1_384' title='bbox 2384 3275 2624 3332; x_wconf 89' lang='lat' dir='ltr'><strong>inustam</strong></span> <span class='ocrx_word' id='word_1_385' title='bbox 2655 3277 2761 3334; x_wconf 87' lang='lat' dir='ltr'><strong>sibi</strong></span> <span class='ocrx_word' id='word_1_386' title='bbox 2785 3295 2852 3334; x_wconf 79' lang='lat' dir='ltr'><strong>ex</strong></span> <span class='ocrx_word' id='word_1_387' title='bbox 2881 3294 2943 3335; x_wconf 85' lang='lat' dir='ltr'><strong>ea</strong></span> <span class='ocrx_word' id='word_1_388' title='bbox 2977 3296 3034 3337; x_wconf 92' lang='lat' dir='ltr'><strong>rc</strong></span> <span class='ocrx_word' id='word_1_389' title='bbox 3072 3281 3351 3338; x_wconf 80' lang='lat' dir='ltr'><strong>infamiam</strong></span> <span class='ocrx_word' id='word_1_390' title='bbox 3385 3301 3490 3340; x_wconf 89' lang='lat' dir='ltr'><strong>nou</strong></span> 
     </span>
    </p>
   </div>
   <div class='ocr_carea' id='block_1_63' title="bbox 215 3379 1802 3456">
    <p class='ocr_par' dir='ltr' id='par_1_63' title="bbox 215 3379 1802 3456">
     <span class='ocr_line' id='line_1_63' title="bbox 215 3379 1802 3456; baseline -0.004 -17"><span class='ocrx_word' id='word_1_391' title='bbox 215 3387 483 3456; x_wconf 73' lang='grc' dir='ltr'><strong>αἰσχύνην</strong></span> <span class='ocrx_word' id='word_1_392' title='bbox 505 3385 604 3438; x_wconf 80' lang='grc' dir='ltr'><strong>ούκ</strong></span> <span class='ocrx_word' id='word_1_393' title='bbox 627 3380 885 3451; x_wconf 77' lang='grc' dir='ltr'><strong>ἐνεγκὼν,</strong></span> <span class='ocrx_word' id='word_1_394' title='bbox 918 3382 981 3451; x_wconf 81' lang='grc' dir='ltr'><strong>τῇ</strong></span> <span class='ocrx_word' id='word_1_395' title='bbox 1014 3379 1272 3452; x_wconf 74' lang='grc' dir='ltr'><strong>ὑστεραία</strong></span> <span class='ocrx_word' id='word_1_396' title='bbox 1297 3382 1418 3445; x_wconf 80' lang='grc' dir='ltr'><strong>τοὺς</strong></span> <span class='ocrx_word' id='word_1_397' title='bbox 1457 3381 1555 3454; x_wconf 85' lang='grc' dir='ltr'><strong>τῆς</strong></span> <span class='ocrx_word' id='word_1_398' title='bbox 1585 3379 1802 3452; x_wconf 85' lang='grc' dir='ltr'><strong>χορείας</strong></span> 
     </span>
    </p>
   </div>
   <div class='ocr_carea' id='block_1_64' title="bbox 214 3471 1802 3548">
    <p class='ocr_par' dir='ltr' id='par_1_64' title="bbox 214 3471 1802 3548">
     <span class='ocr_line' id='line_1_64' title="bbox 214 3471 1802 3548; baseline -0.012 -15"><span class='ocrx_word' id='word_1_399' title='bbox 214 3479 432 3548; x_wconf 73' lang='grc' dir='ltr'><strong>ἐκείνης</strong></span> <span class='ocrx_word' id='word_1_400' title='bbox 465 3475 739 3548; x_wconf 68' lang='grc' dir='ltr'><strong>ἡγεμόνας</strong></span> <span class='ocrx_word' id='word_1_401' title='bbox 792 3471 1161 3543; x_wconf 81' lang='grc' dir='ltr'><strong>συλληφθῆναι</strong></span> <span class='ocrx_word' id='word_1_402' title='bbox 1216 3471 1535 3542; x_wconf 79' lang='grc' dir='ltr'><strong>προσέταξε.</strong></span> <span class='ocrx_word' id='word_1_403' title='bbox 1571 3472 1802 3526; x_wconf 85' lang='grc' dir='ltr'><strong>Σαλλού-</strong></span> 
     </span>
    </p>
   </div>
   <div class='ocr_carea' id='block_1_65' title="bbox 217 3553 1803 3643">
    <p class='ocr_par' dir='ltr' id='par_1_65' title="bbox 217 3553 1803 3643">
     <span class='ocr_line' id='line_1_65' title="bbox 217 3553 1803 3643; baseline -0.006 -19"><span class='ocrx_word' id='word_1_404' title='bbox 217 3588 364 3633; x_wconf 86' lang='grc' dir='ltr'><strong>στιος</strong></span> <span class='ocrx_word' id='word_1_405' title='bbox 381 3569 446 3622; x_wconf 81' lang='grc' dir='ltr'><strong>δὲ</strong></span> <span class='ocrx_word' id='word_1_406' title='bbox 479 3569 723 3638; x_wconf 77' lang='grc' dir='ltr'><strong>ὕπαρχος</strong></span> <span class='ocrx_word' id='word_1_407' title='bbox 749 3553 824 3619; x_wconf 86' lang='grc' dir='ltr'><strong>ὣν</strong></span> <span class='ocrx_word' id='word_1_408' title='bbox 855 3563 1176 3643; x_wconf 74' lang='grc' dir='ltr'><strong>τηνικαῦτα,</strong></span> <span class='ocrx_word' id='word_1_409' title='bbox 1211 3565 1382 3618; x_wconf 84' lang='grc' dir='ltr'><strong>καίτοι</strong></span> <span class='ocrx_word' id='word_1_410' title='bbox 1422 3566 1487 3636; x_wconf 81' lang='grc' dir='ltr'><strong>τῇ</strong></span> <span class='ocrx_word' id='word_1_411' title='bbox 1518 3563 1803 3635; x_wconf 66' lang='grc' dir='ltr'><strong>δυσσεϐεία</strong></span> 
     </span>
    </p>
   </div>
   <div class='ocr_carea' id='block_1_66' title="bbox 215 3655 1803 3729">
    <p class='ocr_par' dir='ltr' id='par_1_66' title="bbox 215 3655 1803 3729">
     <span class='ocr_line' id='line_1_66' title="bbox 215 3655 1803 3729; baseline -0.005 -12"><span class='ocrx_word' id='word_1_412' title='bbox 215 3662 506 3726; x_wconf 76' lang='grc' dir='ltr'><strong>δουλεύων,</strong></span> <span class='ocrx_word' id='word_1_413' title='bbox 556 3662 737 3714; x_wconf 81' lang='grc' dir='ltr'><strong>πεῖσαι</strong></span> <span class='ocrx_word' id='word_1_414' title='bbox 773 3659 864 3712; x_wconf 84' lang='grc' dir='ltr'><strong>τὸν</strong></span> <span class='ocrx_word' id='word_1_415' title='bbox 922 3657 1186 3729; x_wconf 90' lang='grc' dir='ltr'><strong>τύραννον</strong></span> <span class='ocrx_word' id='word_1_416' title='bbox 1217 3656 1487 3728; x_wconf 68' lang='grc' dir='ltr'><strong>ἠϐουλήθη</strong></span> <span class='ocrx_word' id='word_1_417' title='bbox 1536 3657 1600 3722; x_wconf 72' lang='grc' dir='ltr'><strong>ι’,</strong></span> <span class='ocrx_word' id='word_1_418' title='bbox 1646 3655 1803 3727; x_wconf 78' lang='grc' dir='ltr'><strong>δόξης</strong></span> 
     </span>
    </p>
   </div>
   <div class='ocr_carea' id='block_1_67' title="bbox 218 3747 1805 3825">
    <p class='ocr_par' dir='ltr' id='par_1_67' title="bbox 218 3747 1805 3825">
     <span class='ocr_line' id='line_1_67' title="bbox 218 3747 1805 3825; baseline -0.006 -15"><span class='ocrx_word' id='word_1_419' title='bbox 218 3755 534 3825; x_wconf 63' lang='grc' dir='ltr'><strong>ἐφιεμένοις</strong></span> <span class='ocrx_word' id='word_1_420' title='bbox 567 3754 677 3815; x_wconf 86' lang='grc' dir='ltr'><strong>τοῖς</strong></span> <span class='ocrx_word' id='word_1_421' title='bbox 709 3751 1054 3823; x_wconf 82' lang='grc' dir='ltr'><strong>Χριστιανοῖς</strong></span> <span class='ocrx_word' id='word_1_422' title='bbox 1083 3749 1156 3820; x_wconf 81' lang='grc' dir='ltr'><strong>μὴ</strong></span> <span class='ocrx_word' id='word_1_423' title='bbox 1187 3751 1489 3821; x_wconf 81' lang='grc' dir='ltr'><strong>παρασχεῖν</strong></span> <span class='ocrx_word' id='word_1_424' title='bbox 1516 3748 1575 3802; x_wconf 78' lang='grc' dir='ltr'><strong>τὺ</strong></span> <span class='ocrx_word' id='word_1_425' title='bbox 1607 3747 1805 3802; x_wconf 86' lang='grc' dir='ltr'><strong>ποθού-</strong></span> 
     </span>
    </p>
   </div>
   <div class='ocr_carea' id='block_1_68' title="bbox 221 3839 1804 3920">
    <p class='ocr_par' dir='ltr' id='par_1_68' title="bbox 221 3839 1804 3920">
     <span class='ocr_line' id='line_1_68' title="bbox 221 3839 1804 3920; baseline -0.004 -19"><span class='ocrx_word' id='word_1_426' title='bbox 221 3866 404 3920; x_wconf 85' lang='grc' dir='ltr'><strong>μενον.</strong></span> <span class='ocrx_word' id='word_1_427' title='bbox 458 3846 602 3900; x_wconf 79' lang='grc' dir='ltr'><strong>Ἰδὼν</strong></span> <span class='ocrx_word' id='word_1_428' title='bbox 627 3845 688 3898; x_wconf 80' lang='grc' dir='ltr'><strong>δὲ</strong></span> <span class='ocrx_word' id='word_1_429' title='bbox 715 3845 862 3914; x_wconf 79' lang='grc' dir='ltr'><strong>ὅμως</strong></span> <span class='ocrx_word' id='word_1_430' title='bbox 892 3843 983 3896; x_wconf 81' lang='grc' dir='ltr'><strong>τὸν</strong></span> <span class='ocrx_word' id='word_1_431' title='bbox 1023 3841 1248 3912; x_wconf 80' lang='grc' dir='ltr'><strong>βασιλέα</strong></span> <span class='ocrx_word' id='word_1_432' title='bbox 1273 3841 1514 3912; x_wconf 78' lang='grc' dir='ltr'><strong>ἐγκρατῆ</strong></span> <span class='ocrx_word' id='word_1_433' title='bbox 1557 3839 1804 3908; x_wconf 80' lang='grc' dir='ltr'><strong>γενέσθαι</strong></span> 
     </span>
    </p>
   </div>
   <div class='ocr_carea' id='block_1_69' title="bbox 214 3932 1804 4010">
    <p class='ocr_par' dir='ltr' id='par_1_69' title="bbox 214 3932 1804 4010">
     <span class='ocr_line' id='line_1_69' title="bbox 214 3932 1804 4010; baseline -0.009 -13"><span class='ocrx_word' id='word_1_434' title='bbox 214 3944 311 3997; x_wconf 81' lang='grc' dir='ltr'><strong>τοῦ</strong></span> <span class='ocrx_word' id='word_1_435' title='bbox 346 3939 520 4010; x_wconf 86' lang='grc' dir='ltr'><strong>θυμοῦ</strong></span> <span class='ocrx_word' id='word_1_436' title='bbox 581 3937 653 4009; x_wconf 77' lang='grc' dir='ltr'><strong>μὴ</strong></span> <span class='ocrx_word' id='word_1_437' title='bbox 690 3937 1006 4006; x_wconf 79' lang='grc' dir='ltr'><strong>δυνάμενον,</strong></span> <span class='ocrx_word' id='word_1_438' title='bbox 1037 3935 1153 3988; x_wconf 79' lang='grc' dir='ltr'><strong>νέον</strong></span> <span class='ocrx_word' id='word_1_439' title='bbox 1213 3933 1368 3998; x_wconf 70' lang='grc' dir='ltr'><strong>τινὰ,</strong></span> <span class='ocrx_word' id='word_1_440' title='bbox 1397 3932 1545 4004; x_wconf 80' lang='grc' dir='ltr'><strong>ζήλῳ</strong></span> <span class='ocrx_word' id='word_1_441' title='bbox 1597 3933 1725 4004; x_wconf 88' lang='grc' dir='ltr'><strong>θείῳ</strong></span> <span class='ocrx_word' id='word_1_442' title='bbox 1759 3933 1804 3964; x_wconf 76' lang='grc' dir='ltr'><strong>⁸ο</strong></span> 
     </span>
    </p>
   </div>
   <div class='ocr_carea' id='block_1_70' title="bbox 218 4024 1800 4104">
    <p class='ocr_par' dir='ltr' id='par_1_70' title="bbox 218 4024 1800 4104">
     <span class='ocr_line' id='line_1_70' title="bbox 218 4024 1800 4104; baseline -0.006 -16"><span class='ocrx_word' id='word_1_443' title='bbox 218 4034 619 4104; x_wconf 79' lang='grc' dir='ltr'><strong>κοσμούμενον,</strong></span> <span class='ocrx_word' id='word_1_444' title='bbox 663 4028 949 4100; x_wconf 75' lang='grc' dir='ltr'>βαδίζοντα</span> <span class='ocrx_word' id='word_1_445' title='bbox 994 4027 1134 4081; x_wconf 81' lang='grc' dir='ltr'><strong>κατὰ</strong></span> <span class='ocrx_word' id='word_1_446' title='bbox 1162 4025 1259 4097; x_wconf 75' lang='grc' dir='ltr'><strong>τὴν</strong></span> <span class='ocrx_word' id='word_1_447' title='bbox 1295 4024 1501 4098; x_wconf 73' lang='grc' dir='ltr'><strong>ἀγορὰν</strong></span> <span class='ocrx_word' id='word_1_448' title='bbox 1529 4025 1800 4095; x_wconf 81' lang='grc' dir='ltr'><strong>ἁρπάσας,</strong></span> 
     </span>
    </p>
   </div>
   <div class='ocr_carea' id='block_1_71' title="bbox 217 4113 1804 4192">
    <p class='ocr_par' dir='ltr' id='par_1_71' title="bbox 217 4113 1804 4192">
     <span class='ocr_line' id='line_1_71' title="bbox 217 4113 1804 4192; baseline -0.008 -13"><span class='ocrx_word' id='word_1_449' title='bbox 217 4128 313 4180; x_wconf 73' lang='grc' dir='ltr'><strong>καὶ</strong></span> <span class='ocrx_word' id='word_1_450' title='bbox 345 4123 584 4192; x_wconf 75' lang='grc' dir='ltr'><strong>δημοσίᾳ</strong></span> <span class='ocrx_word' id='word_1_451' title='bbox 627 4119 812 4172; x_wconf 73' lang='grc' dir='ltr'><strong>τοῦτον</strong></span> <span class='ocrx_word' id='word_1_452' title='bbox 845 4118 940 4172; x_wconf 67' lang='grc' dir='ltr'><strong>ἐπὶ</strong></span> <span class='ocrx_word' id='word_1_453' title='bbox 971 4116 1127 4183; x_wconf 78' lang='grc' dir='ltr'>ξύλου</span> <span class='ocrx_word' id='word_1_454' title='bbox 1177 4115 1481 4186; x_wconf 83' lang='grc' dir='ltr'><strong>κρεμάσας,</strong></span> <span class='ocrx_word' id='word_1_455' title='bbox 1522 4115 1675 4181; x_wconf 85' lang='grc' dir='ltr'><strong>ίμάσι</strong></span> <span class='ocrx_word' id='word_1_456' title='bbox 1705 4113 1804 4184; x_wconf 82' lang='grc' dir='ltr'><strong>μὲν</strong></span> 
     </span>
    </p>
   </div>
   <div class='ocr_carea' id='block_1_72' title="bbox 217 4205 1800 4278">
    <p class='ocr_par' dir='ltr' id='par_1_72' title="bbox 217 4205 1800 4278">
     <span class='ocr_line' id='line_1_72' title="bbox 217 4205 1800 4278; baseline -0.011 -7"><span class='ocrx_word' id='word_1_457' title='bbox 217 4219 284 4271; x_wconf 75' lang='grc' dir='ltr'><strong>τὶ</strong></span> <span class='ocrx_word' id='word_1_458' title='bbox 324 4214 474 4269; x_wconf 82' lang='grc' dir='ltr'><strong>νῶτα</strong></span> <span class='ocrx_word' id='word_1_459' title='bbox 519 4211 833 4276; x_wconf 78' lang='grc' dir='ltr'><strong>κατέξανεν,</strong></span> <span class='ocrx_word' id='word_1_460' title='bbox 879 4208 1025 4273; x_wconf 75' lang='grc' dir='ltr'><strong>ὄνυξι</strong></span> <span class='ocrx_word' id='word_1_461' title='bbox 1051 4207 1109 4261; x_wconf 83' lang='grc' dir='ltr'><strong>δὲ</strong></span> <span class='ocrx_word' id='word_1_462' title='bbox 1142 4205 1368 4278; x_wconf 82' lang='grc' dir='ltr'><strong>διώρυξε</strong></span> <span class='ocrx_word' id='word_1_463' title='bbox 1396 4205 1495 4270; x_wconf 79' lang='grc' dir='ltr'><strong>τὰς</strong></span> <span class='ocrx_word' id='word_1_464' title='bbox 1526 4206 1764 4277; x_wconf 73' lang='grc' dir='ltr'><strong>πλευράς</strong></span> <span class='ocrx_word' id='word_1_465' title='bbox 1788 4219 1800 4233; x_wconf 91' lang='grc'><strong>·</strong></span> 
     </span>
    </p>
   </div>
   <div class='ocr_carea' id='block_1_73' title="bbox 222 4297 1804 4370">
    <p class='ocr_par' dir='ltr' id='par_1_73' title="bbox 222 4297 1804 4370">
     <span class='ocr_line' id='line_1_73' title="bbox 222 4297 1804 4370; baseline -0.006 -8"><span class='ocrx_word' id='word_1_466' title='bbox 222 4313 312 4364; x_wconf 76' lang='grc' dir='ltr'><strong>καὶ</strong></span> <span class='ocrx_word' id='word_1_467' title='bbox 339 4306 499 4360; x_wconf 74' lang='grc' dir='ltr'><strong>τοῦτο</strong></span> <span class='ocrx_word' id='word_1_468' title='bbox 523 4301 690 4358; x_wconf 83' lang='grc' dir='ltr'><strong>ποιῶν</strong></span> <span class='ocrx_word' id='word_1_469' title='bbox 717 4299 1038 4364; x_wconf 83' lang='grc' dir='ltr'><strong>διετέλεσεν,</strong></span> <span class='ocrx_word' id='word_1_470' title='bbox 1074 4297 1243 4352; x_wconf 75' lang='grc' dir='ltr'><strong>ἕωθεν</strong></span> <span class='ocrx_word' id='word_1_471' title='bbox 1275 4297 1601 4369; x_wconf 77' lang='grc' dir='ltr'><strong>ἀρξάμενος,</strong></span> <span class='ocrx_word' id='word_1_472' title='bbox 1643 4298 1804 4370; x_wconf 84' lang='grc' dir='ltr'><strong>μέχρι</strong></span> 
     </span>
    </p>
   </div>
   <div class='ocr_carea' id='block_1_74' title="bbox 220 4389 1806 4474">
    <p class='ocr_par' dir='ltr' id='par_1_74' title="bbox 220 4389 1806 4474">
     <span class='ocr_line' id='line_1_74' title="bbox 220 4389 1806 4474; baseline -0.006 -19"><span class='ocrx_word' id='word_1_473' title='bbox 220 4400 497 4474; x_wconf 79' lang='grc' dir='ltr'><strong>ληγούσης</strong></span> <span class='ocrx_word' id='word_1_474' title='bbox 530 4397 760 4468; x_wconf 76' lang='grc' dir='ltr'><strong>ἡμέρας.</strong></span> <span class='ocrx_word' id='word_1_475' title='bbox 810 4389 942 4448; x_wconf 82' lang='grc' dir='ltr'><strong>Εῐτα</strong></span> <span class='ocrx_word' id='word_1_476' title='bbox 991 4390 1137 4462; x_wconf 78' lang='grc' dir='ltr'><strong>αὐτῷ</strong></span> <span class='ocrx_word' id='word_1_477' title='bbox 1164 4391 1231 4446; x_wconf 78' lang='grc' dir='ltr'><strong>τὰ</strong></span> <span class='ocrx_word' id='word_1_478' title='bbox 1280 4393 1343 4443; x_wconf 76' lang='grc' dir='ltr'><strong>ὲκ</strong></span> <span class='ocrx_word' id='word_1_479' title='bbox 1388 4391 1604 4462; x_wconf 81' lang='grc' dir='ltr'><strong>σιδήρου</strong></span> <span class='ocrx_word' id='word_1_480' title='bbox 1633 4389 1806 4461; x_wconf 69' lang='grc' dir='ltr'><strong>δεσμὰ</strong></span> 
     </span>
    </p>
   </div>
   <div class='ocr_carea' id='block_1_75' title="bbox 223 4481 1804 4565">
    <p class='ocr_par' dir='ltr' id='par_1_75' title="bbox 223 4481 1804 4565">
     <span class='ocr_line' id='line_1_75' title="bbox 223 4481 1804 4565; baseline -0.009 -17"><span class='ocrx_word' id='word_1_481' title='bbox 223 4495 491 4565; x_wconf 61' lang='lat' dir='ltr'><strong>raptaue,</strong></span> <span class='ocrx_word' id='word_1_482' title='bbox 526 4487 857 4558; x_wconf 82' lang='grc' dir='ltr'><strong>φυλαχθῆναι</strong></span> <span class='ocrx_word' id='word_1_483' title='bbox 916 4483 1234 4556; x_wconf 81' lang='grc' dir='ltr'><strong>προσέταξε.</strong></span> <span class='ocrx_word' id='word_1_484' title='bbox 1271 4481 1458 4537; x_wconf 81' lang='grc' dir='ltr'><strong>Ταῦτα</strong></span> <span class='ocrx_word' id='word_1_485' title='bbox 1508 4483 1675 4536; x_wconf 71' lang='grc' dir='ltr'><strong>ἕωθεν</strong></span> <span class='ocrx_word' id='word_1_486' title='bbox 1713 4482 1804 4534; x_wconf 79' lang='grc' dir='ltr'><strong>τὸν</strong></span> 
     </span>
    </p>
   </div>
   <div class='ocr_carea' id='block_1_76' title="bbox 233 4575 1803 4647">
    <p class='ocr_par' dir='ltr' id='par_1_76' title="bbox 233 4575 1803 4647">
     <span class='ocr_line' id='line_1_76' title="bbox 233 4575 1803 4647; baseline -0.016 -8"><span class='ocrx_word' id='word_1_487' title='bbox 233 4582 524 4639; x_wconf 83' lang='grc' dir='ltr'><strong>Ἰουλιανὸν</strong></span> <span class='ocrx_word' id='word_1_488' title='bbox 543 4579 782 4646; x_wconf 76' lang='grc' dir='ltr'><strong>διδάξας,</strong></span> <span class='ocrx_word' id='word_1_489' title='bbox 805 4577 896 4632; x_wconf 73' lang='grc' dir='ltr'><strong>καὶ</strong></span> <span class='ocrx_word' id='word_1_490' title='bbox 923 4576 1016 4630; x_wconf 75' lang='grc' dir='ltr'><strong>τού</strong></span> <span class='ocrx_word' id='word_1_491' title='bbox 1035 4576 1156 4629; x_wconf 78' lang='grc' dir='ltr'><strong>νέου</strong></span> <span class='ocrx_word' id='word_1_492' title='bbox 1180 4577 1277 4645; x_wconf 77' lang='grc' dir='ltr'><strong>τὴν</strong></span> <span class='ocrx_word' id='word_1_493' title='bbox 1308 4575 1604 4647; x_wconf 72' lang='grc' dir='ltr'><strong>καρτερίαν</strong></span> <span class='ocrx_word' id='word_1_494' title='bbox 1633 4575 1803 4642; x_wconf 78' lang='grc' dir='ltr'><strong>ἁπαγ.</strong></span> 
     </span>
    </p>
   </div>
   <div class='ocr_carea' id='block_1_77' title="bbox 225 4658 1799 4736">
    <p class='ocr_par' dir='ltr' id='par_1_77' title="bbox 225 4658 1799 4736">
     <span class='ocr_line' id='line_1_77' title="bbox 225 4658 1799 4736; baseline -0.003 -17"><span class='ocrx_word' id='word_1_495' title='bbox 225 4668 436 4734; x_wconf 60' lang='grc' dir='ltr'><strong>γείὶας,</strong></span> <span class='ocrx_word' id='word_1_496' title='bbox 468 4665 678 4718; x_wconf 79' lang='grc' dir='ltr'><strong>ἑαυτῶν</strong></span> <span class='ocrx_word' id='word_1_497' title='bbox 711 4664 810 4734; x_wconf 82' lang='grc' dir='ltr'><strong>μὲν</strong></span> <span class='ocrx_word' id='word_1_498' title='bbox 841 4658 1014 4736; x_wconf 75' lang='grc' dir='ltr'><strong>ἧτταν</strong></span> <span class='ocrx_word' id='word_1_499' title='bbox 1049 4662 1211 4728; x_wconf 82' lang='grc' dir='ltr'><strong>εἶναι,</strong></span> <span class='ocrx_word' id='word_1_500' title='bbox 1236 4663 1344 4717; x_wconf 83' lang='grc' dir='ltr'><strong>τῶν</strong></span> <span class='ocrx_word' id='word_1_501' title='bbox 1373 4664 1431 4718; x_wconf 80' lang='grc' dir='ltr'><strong>δὲ</strong></span> <span class='ocrx_word' id='word_1_502' title='bbox 1454 4664 1799 4734; x_wconf 85' lang='grc' dir='ltr'><strong>Χριστιανῶν</strong></span> 
     </span>
    </p>
   </div>
   <div class='ocr_carea' id='block_1_78' title="bbox 229 4754 1799 4824">
    <p class='ocr_par' dir='ltr' id='par_1_78' title="bbox 229 4754 1799 4824">
     <span class='ocr_line' id='line_1_78' title="bbox 229 4754 1799 4824; baseline 0 -15"><span class='ocrx_word' id='word_1_503' title='bbox 229 4757 487 4811; x_wconf 69' lang='grc' dir='ltr'><strong>εὔκλειαν</strong></span> <span class='ocrx_word' id='word_1_504' title='bbox 522 4757 670 4824; x_wconf 72' lang='grc' dir='ltr'><strong>ἔλεγε</strong></span> <span class='ocrx_word' id='word_1_505' title='bbox 697 4758 762 4810; x_wconf 69' lang='grc' dir='ltr'><strong>τὰ</strong></span> <span class='ocrx_word' id='word_1_506' title='bbox 798 4758 1076 4824; x_wconf 82' lang='grc' dir='ltr'><strong>γινόμενα.</strong></span> <span class='ocrx_word' id='word_1_507' title='bbox 1116 4755 1275 4810; x_wconf 76' lang='grc' dir='ltr'><strong>Οὕτω</strong></span> <span class='ocrx_word' id='word_1_508' title='bbox 1330 4757 1572 4819; x_wconf 73' lang='grc' dir='ltr'><strong>πεισθεὶς</strong></span> <span class='ocrx_word' id='word_1_509' title='bbox 1605 4759 1631 4810; x_wconf 85' lang='grc' dir='ltr'><strong>δ</strong></span> <span class='ocrx_word' id='word_1_510' title='bbox 1682 4754 1799 4809; x_wconf 83' lang='grc' dir='ltr'><strong>θεο-</strong></span> 
     </span>
    </p>
   </div>
   <div class='ocr_carea' id='block_1_79' title="bbox 233 4846 1798 4916">
    <p class='ocr_par' dir='ltr' id='par_1_79' title="bbox 233 4846 1798 4916">
     <span class='ocr_line' id='line_1_79' title="bbox 233 4846 1798 4916; baseline 0.001 -17"><span class='ocrx_word' id='word_1_511' title='bbox 233 4847 428 4916; x_wconf 79' lang='grc' dir='ltr'><strong>μίσης,</strong></span> <span class='ocrx_word' id='word_1_512' title='bbox 460 4849 634 4902; x_wconf 77' lang='grc' dir='ltr'><strong>ταῦτα</strong></span> <span class='ocrx_word' id='word_1_513' title='bbox 663 4846 855 4899; x_wconf 73' lang='grc' dir='ltr'><strong>ποθεῖν</strong></span> <span class='ocrx_word' id='word_1_514' title='bbox 883 4847 1107 4915; x_wconf 71' lang='grc' dir='ltr'><strong>ἑτέρως</strong></span> <span class='ocrx_word' id='word_1_515' title='bbox 1135 4847 1236 4900; x_wconf 81' lang='grc' dir='ltr'><strong>οὐκ</strong></span> <span class='ocrx_word' id='word_1_516' title='bbox 1269 4847 1440 4902; x_wconf 85' lang='grc' dir='ltr'><strong>είασε.</strong></span> <span class='ocrx_word' id='word_1_517' title='bbox 1476 4847 1585 4902; x_wconf 81' lang='grc' dir='ltr'><strong>Καὶ</strong></span> <span class='ocrx_word' id='word_1_518' title='bbox 1615 4846 1798 4916; x_wconf 75' lang='grc' dir='ltr'><strong>μέντοι</strong></span> 
     </span>
    </p>
   </div>
   <div class='ocr_carea' id='block_1_80' title="bbox 232 4939 1792 5013">
    <p class='ocr_par' dir='ltr' id='par_1_80' title="bbox 232 4939 1792 5013">
     <span class='ocr_line' id='line_1_80' title="bbox 232 4939 1792 5013; baseline 0 -19"><span class='ocrx_word' id='word_1_519' title='bbox 232 4943 327 4994; x_wconf 68' lang='grc' dir='ltr'><strong>καὶ</strong></span> <span class='ocrx_word' id='word_1_520' title='bbox 357 4941 451 4994; x_wconf 81' lang='grc' dir='ltr'><strong>τὸν</strong></span> <span class='ocrx_word' id='word_1_521' title='bbox 470 4939 746 5010; x_wconf 72' lang='grc' dir='ltr'><strong>Θεόδωρον</strong></span> <span class='ocrx_word' id='word_1_522' title='bbox 773 4939 1026 4992; x_wconf 73' lang='grc' dir='ltr'><strong>ἐκέλευσε</strong></span> <span class='ocrx_word' id='word_1_523' title='bbox 1083 4941 1179 5010; x_wconf 79' lang='grc' dir='ltr'><strong>τῆς</strong></span> <span class='ocrx_word' id='word_1_524' title='bbox 1219 4941 1441 5013; x_wconf 83' lang='grc' dir='ltr'><strong>είρκτῆς</strong></span> <span class='ocrx_word' id='word_1_525' title='bbox 1490 4941 1792 5011; x_wconf 78' lang='grc' dir='ltr'><strong>ἀφεθῆναι⁰</strong></span> 
     </span>
    </p>
   </div>
   <div class='ocr_carea' id='block_1_81' title="bbox 234 5027 1803 5105">
    <p class='ocr_par' dir='ltr' id='par_1_81' title="bbox 234 5027 1803 5105">
     <span class='ocr_line' id='line_1_81' title="bbox 234 5027 1803 5105; baseline 0.001 -19"><span class='ocrx_word' id='word_1_526' title='bbox 234 5030 396 5086; x_wconf 76' lang='grc' dir='ltr'><strong>τοῦτο</strong></span> <span class='ocrx_word' id='word_1_527' title='bbox 427 5033 536 5101; x_wconf 73' lang='grc' dir='ltr'><strong>γὰρ</strong></span> <span class='ocrx_word' id='word_1_528' title='bbox 574 5027 641 5102; x_wconf 76' lang='grc' dir='ltr'><strong>ἦν</strong></span> <span class='ocrx_word' id='word_1_529' title='bbox 671 5032 845 5102; x_wconf 76' lang='grc' dir='ltr'><strong>ὄνομα</strong></span> <span class='ocrx_word' id='word_1_530' title='bbox 875 5032 952 5102; x_wconf 88' lang='grc' dir='ltr'><strong>τῷ</strong></span> <span class='ocrx_word' id='word_1_531' title='bbox 988 5033 1089 5103; x_wconf 78' lang='grc' dir='ltr'><strong>νέῳ</strong></span> <span class='ocrx_word' id='word_1_532' title='bbox 1115 5035 1306 5105; x_wconf 70' lang='grc' dir='ltr'><strong>ἐκείνῳ</strong></span> <span class='ocrx_word' id='word_1_533' title='bbox 1338 5036 1431 5088; x_wconf 78' lang='grc' dir='ltr'><strong>καὶ</strong></span> <span class='ocrx_word' id='word_1_534' title='bbox 1449 5033 1679 5103; x_wconf 87' lang='grc' dir='ltr'><strong>γενναίῳ</strong></span> <span class='ocrx_word' id='word_1_535' title='bbox 1702 5033 1803 5102; x_wconf 80' lang='grc' dir='ltr'><strong>τῆς</strong></span> 
     </span>
    </p>
   </div>
   <div class='ocr_carea' id='block_1_82' title="bbox 222 5119 1805 5194">
    <p class='ocr_par' dir='ltr' id='par_1_82' title="bbox 222 5119 1805 5194">
     <span class='ocr_line' id='line_1_82' title="bbox 222 5119 1805 5194; baseline 0.001 -19"><span class='ocrx_word' id='word_1_536' title='bbox 222 5120 487 5193; x_wconf 67' lang='grc' dir='ltr'><strong>ἀληθείας</strong></span> <span class='ocrx_word' id='word_1_537' title='bbox 540 5122 838 5191; x_wconf 80' lang='grc' dir='ltr'><strong>ἀγωνιστῇ.</strong></span> <span class='ocrx_word' id='word_1_538' title='bbox 872 5119 1020 5194; x_wconf 72' lang='grc'><strong>[154]</strong></span> <span class='ocrx_word' id='word_1_539' title='bbox 1059 5120 1256 5174; x_wconf 80' lang='grc' dir='ltr'><strong>Τοῦτον</strong></span> <span class='ocrx_word' id='word_1_540' title='bbox 1309 5122 1502 5192; x_wconf 73' lang='grc' dir='ltr'><strong>ἤροντό</strong></span> <span class='ocrx_word' id='word_1_541' title='bbox 1557 5141 1718 5188; x_wconf 87' lang='grc' dir='ltr'><strong>τινες,</strong></span> <span class='ocrx_word' id='word_1_542' title='bbox 1757 5125 1805 5178; x_wconf 86' lang='grc' dir='ltr'><strong>εί</strong></span> 
     </span>
    </p>
   </div>
   <div class='ocr_carea' id='block_1_83' title="bbox 219 5211 1803 5286">
    <p class='ocr_par' dir='ltr' id='par_1_83' title="bbox 219 5211 1803 5286">
     <span class='ocr_line' id='line_1_83' title="bbox 219 5211 1803 5286; baseline 0.003 -20"><span class='ocrx_word' id='word_1_543' title='bbox 219 5215 316 5281; x_wconf 71' lang='grc' dir='ltr'><strong>τῆς</strong></span> <span class='ocrx_word' id='word_1_544' title='bbox 341 5211 542 5281; x_wconf 80' lang='grc' dir='ltr'><strong>ὀδύνης</strong></span> <span class='ocrx_word' id='word_1_545' title='bbox 564 5211 829 5282; x_wconf 81' lang='grc' dir='ltr'><strong>ὲπῄσθετο</strong></span> <span class='ocrx_word' id='word_1_546' title='bbox 860 5211 959 5274; x_wconf 79' lang='grc' dir='ltr'><strong>τὰς</strong></span> <span class='ocrx_word' id='word_1_547' title='bbox 994 5213 1194 5282; x_wconf 72' lang='grc' dir='ltr'><strong>πικρὰς</strong></span> <span class='ocrx_word' id='word_1_548' title='bbox 1217 5214 1428 5277; x_wconf 81' lang='grc' dir='ltr'><strong>ὲκείνας</strong></span> <span class='ocrx_word' id='word_1_549' title='bbox 1465 5214 1557 5268; x_wconf 65' lang='grc' dir='ltr'><strong>καὶ</strong></span> <span class='ocrx_word' id='word_1_550' title='bbox 1585 5214 1803 5286; x_wconf 78' lang='grc' dir='ltr'><strong>ὠμοτά-</strong></span> 
     </span>
    </p>
   </div>
   <div class='ocr_carea' id='block_1_84' title="bbox 221 5303 1805 5382">
    <p class='ocr_par' dir='ltr' id='par_1_84' title="bbox 221 5303 1805 5382">
     <span class='ocr_line' id='line_1_84' title="bbox 221 5303 1805 5382; baseline 0.004 -25"><span class='ocrx_word' id='word_1_551' title='bbox 221 5322 315 5368; x_wconf 79' lang='grc' dir='ltr'><strong>ιας</strong></span> <span class='ocrx_word' id='word_1_552' title='bbox 371 5304 673 5374; x_wconf 77' lang='grc' dir='ltr'><strong>ὑπομείνας</strong></span> <span class='ocrx_word' id='word_1_553' title='bbox 729 5303 1024 5373; x_wconf 83' lang='grc' dir='ltr'><strong>βασάνους·</strong></span> <span class='ocrx_word' id='word_1_554' title='bbox 1059 5307 1085 5356; x_wconf 84' lang='grc' dir='ltr'>ὁ</span> <span class='ocrx_word' id='word_1_555' title='bbox 1115 5305 1168 5358; x_wconf 68' lang='grc' dir='ltr'><strong>δὲ</strong></span> <span class='ocrx_word' id='word_1_556' title='bbox 1214 5303 1313 5376; x_wconf 70' lang='grc' dir='ltr'><strong>ἔφη</strong></span> <span class='ocrx_word' id='word_1_557' title='bbox 1368 5307 1466 5378; x_wconf 78' lang='grc' dir='ltr'><strong>τὴν</strong></span> <span class='ocrx_word' id='word_1_558' title='bbox 1500 5309 1597 5378; x_wconf 80' lang='grc' dir='ltr'><strong>μὲν</strong></span> <span class='ocrx_word' id='word_1_559' title='bbox 1633 5309 1805 5382; x_wconf 75' lang='grc' dir='ltr'><strong>ἀρχὴν</strong></span> 
     </span>
    </p>
   </div>
   <div class='ocr_carea' id='block_1_85' title="bbox 286 5434 754 5504">
    <p class='ocr_par' dir='ltr' id='par_1_85' title="bbox 286 5434 754 5504">
     <span class='ocr_line' id='line_1_85' title="bbox 286 5434 754 5504; baseline 0.002 -14"><span class='ocrx_word' id='word_1_560' title='bbox 286 5443 312 5472; x_wconf 78' lang='grc'><strong><em>⁵</em></strong></span> <span class='ocrx_word' id='word_1_561' title='bbox 340 5434 489 5490; x_wconf 81' lang='lat' dir='ltr'><strong>Psal.</strong></span> <span class='ocrx_word' id='word_1_562' title='bbox 529 5451 668 5504; x_wconf 67' lang='grc' dir='ltr'><strong>τίνι,</strong></span> <span class='ocrx_word' id='word_1_563' title='bbox 705 5437 754 5491; x_wconf 90' lang='grc'><strong>7.</strong></span> 
     </span>
    </p>
   </div>
   <div class='ocr_carea' id='block_1_86' title="bbox 1908 3367 3492 3447">
    <p class='ocr_par' dir='ltr' id='par_1_86' title="bbox 1908 3367 3492 3447">
     <span class='ocr_line' id='line_1_86' title="bbox 1908 3367 3492 3447; baseline 0.006 -23"><span class='ocrx_word' id='word_1_564' title='bbox 1908 3369 2107 3435; x_wconf 81' lang='lat' dir='ltr'><strong>ferens,</strong></span> <span class='ocrx_word' id='word_1_565' title='bbox 2125 3369 2340 3424; x_wconf 78' lang='lat' dir='ltr'><strong>chorea:</strong></span> <span class='ocrx_word' id='word_1_566' title='bbox 2369 3368 2517 3424; x_wconf 87' lang='lat' dir='ltr'><strong>illius</strong></span> <span class='ocrx_word' id='word_1_567' title='bbox 2547 3367 2716 3426; x_wconf 87' lang='lat' dir='ltr'><strong>duces</strong></span> <span class='ocrx_word' id='word_1_568' title='bbox 2741 3378 2958 3441; x_wconf 86' lang='lat' dir='ltr'><strong>postera</strong></span> <span class='ocrx_word' id='word_1_569' title='bbox 2990 3374 3077 3430; x_wconf 88' lang='lat' dir='ltr'><strong>die</strong></span> <span class='ocrx_word' id='word_1_570' title='bbox 3099 3377 3492 3447; x_wconf 76' lang='lat' dir='ltr'><strong>comprehendi</strong></span> 
     </span>
    </p>
   </div>
   <div class='ocr_carea' id='block_1_87' title="bbox 1901 3461 3490 3538">
    <p class='ocr_par' dir='ltr' id='par_1_87' title="bbox 1901 3461 3490 3538">
     <span class='ocr_line' id='line_1_87' title="bbox 1901 3461 3490 3538; baseline 0.006 -20"><span class='ocrx_word' id='word_1_571' title='bbox 1901 3463 2088 3532; x_wconf 82' lang='lat' dir='ltr'><strong>jussit.</strong></span> <span class='ocrx_word' id='word_1_572' title='bbox 2134 3461 2427 3518; x_wconf 88' lang='lat' dir='ltr'><strong>Sallustius</strong></span> <span class='ocrx_word' id='word_1_573' title='bbox 2466 3478 2628 3529; x_wconf 77' lang='lat' dir='ltr'><strong>vero,</strong></span> <span class='ocrx_word' id='word_1_574' title='bbox 2679 3473 2813 3518; x_wconf 89' lang='lat' dir='ltr'><strong>tunc</strong></span> <span class='ocrx_word' id='word_1_575' title='bbox 2863 3469 3124 3536; x_wconf 90' lang='lat' dir='ltr'><strong>temporis</strong></span> <span class='ocrx_word' id='word_1_576' title='bbox 3179 3469 3490 3538; x_wconf 68' lang='lat' dir='ltr'><strong>praefectus.</strong></span> 
     </span>
    </p>
   </div>
   <div class='ocr_carea' id='block_1_88' title="bbox 1902 3557 3493 3628">
    <p class='ocr_par' dir='ltr' id='par_1_88' title="bbox 1902 3557 3493 3628">
     <span class='ocr_line' id='line_1_88' title="bbox 1902 3557 3493 3628; baseline 0.006 -17"><span class='ocrx_word' id='word_1_577' title='bbox 1902 3572 2218 3628; x_wconf 80' lang='lat' dir='ltr'><strong>quanquam</strong></span> <span class='ocrx_word' id='word_1_578' title='bbox 2282 3557 2548 3627; x_wconf 86' lang='lat' dir='ltr'><strong>impietati</strong></span> <span class='ocrx_word' id='word_1_579' title='bbox 2604 3557 2841 3621; x_wconf 87' lang='lat' dir='ltr'><strong>deditus,</strong></span> <span class='ocrx_word' id='word_1_580' title='bbox 2903 3561 3235 3628; x_wconf 88' lang='lat' dir='ltr'><strong>persuadere</strong></span> <span class='ocrx_word' id='word_1_581' title='bbox 3308 3574 3493 3620; x_wconf 81' lang='lat' dir='ltr'><strong>tamen</strong></span> 
     </span>
    </p>
   </div>
   <div class='ocr_carea' id='block_1_89' title="bbox 1903 3649 3492 3727">
    <p class='ocr_par' dir='ltr' id='par_1_89' title="bbox 1903 3649 3492 3727">
     <span class='ocr_line' id='line_1_89' title="bbox 1903 3649 3492 3727; baseline 0.001 -25"><span class='ocrx_word' id='word_1_582' title='bbox 1903 3655 1921 3669; x_wconf 93' lang='lat'><strong>&#39;</strong></span> <span class='ocrx_word' id='word_1_583' title='bbox 1954 3657 2191 3720; x_wconf 86' lang='lat' dir='ltr'><strong>tyranno</strong></span> <span class='ocrx_word' id='word_1_584' title='bbox 2233 3657 2464 3705; x_wconf 87' lang='lat' dir='ltr'><strong>conatus</strong></span> <span class='ocrx_word' id='word_1_585' title='bbox 2494 3657 2600 3713; x_wconf 84' lang='lat' dir='ltr'><strong>est,</strong></span> <span class='ocrx_word' id='word_1_586' title='bbox 2635 3665 2702 3705; x_wconf 90' lang='lat' dir='ltr'><strong>ne</strong></span> <span class='ocrx_word' id='word_1_587' title='bbox 2734 3649 3065 3707; x_wconf 86' lang='lat' dir='ltr'><strong>Christianis</strong></span> <span class='ocrx_word' id='word_1_588' title='bbox 3101 3653 3288 3725; x_wconf 68' lang='lat' dir='ltr'><strong>gloriae</strong></span> <span class='ocrx_word' id='word_1_589' title='bbox 3327 3653 3492 3727; x_wconf 84' lang='lat' dir='ltr'><strong>appe.</strong></span> 
     </span>
    </p>
   </div>
   <div class='ocr_carea' id='block_1_90' title="bbox 1904 3738 3492 3819">
    <p class='ocr_par' dir='ltr' id='par_1_90' title="bbox 1904 3738 3492 3819">
     <span class='ocr_line' id='line_1_90' title="bbox 1904 3738 3492 3819; baseline 0.007 -26"><span class='ocrx_word' id='word_1_590' title='bbox 1904 3738 2147 3794; x_wconf 81' lang='lat' dir='ltr'><strong>tentibus</strong></span> <span class='ocrx_word' id='word_1_591' title='bbox 2196 3739 2248 3793; x_wconf 89' lang='lat' dir='ltr'><strong>id</strong></span> <span class='ocrx_word' id='word_1_592' title='bbox 2307 3747 2590 3808; x_wconf 68' lang='lat' dir='ltr'><strong>praestaret</strong></span> <span class='ocrx_word' id='word_1_593' title='bbox 2635 3739 2780 3810; x_wconf 89' lang='lat' dir='ltr'><strong>quod</strong></span> <span class='ocrx_word' id='word_1_594' title='bbox 2823 3743 3106 3812; x_wconf 87' lang='lat' dir='ltr'><strong>optabant.</strong></span> <span class='ocrx_word' id='word_1_595' title='bbox 3157 3744 3326 3819; x_wconf 65' lang='grc'><strong>924</strong></span> <span class='ocrx_word' id='word_1_596' title='bbox 3385 3745 3492 3805; x_wconf 89' lang='lat' dir='ltr'><strong>Sed</strong></span> 
     </span>
    </p>
   </div>
   <div class='ocr_carea' id='block_1_91' title="bbox 1904 3830 3492 3904">
    <p class='ocr_par' dir='ltr' id='par_1_91' title="bbox 1904 3830 3492 3904">
     <span class='ocr_line' id='line_1_91' title="bbox 1904 3830 3492 3904; baseline 0.008 -20"><span class='ocrx_word' id='word_1_597' title='bbox 1904 3845 2029 3885; x_wconf 88' lang='lat' dir='ltr'><strong>cum</strong></span> <span class='ocrx_word' id='word_1_598' title='bbox 2070 3830 2458 3901; x_wconf 88' lang='lat' dir='ltr'><strong>imperatorem</strong></span> <span class='ocrx_word' id='word_1_599' title='bbox 2509 3831 2718 3887; x_wconf 81' lang='lat' dir='ltr'><strong>videret</strong></span> <span class='ocrx_word' id='word_1_600' title='bbox 2749 3834 3113 3904; x_wconf 85' lang='lat' dir='ltr'><strong>comprimere</strong></span> <span class='ocrx_word' id='word_1_601' title='bbox 3149 3836 3288 3892; x_wconf 86' lang='lat' dir='ltr'><strong>iram</strong></span> <span class='ocrx_word' id='word_1_602' title='bbox 3333 3854 3492 3896; x_wconf 87' lang='lat' dir='ltr'><strong>suam</strong></span> 
     </span>
    </p>
   </div>
   <div class='ocr_carea' id='block_1_92' title="bbox 1906 3923 3492 3995">
    <p class='ocr_par' dir='ltr' id='par_1_92' title="bbox 1906 3923 3492 3995">
     <span class='ocr_line' id='line_1_92' title="bbox 1906 3923 3492 3995; baseline 0.006 -18"><span class='ocrx_word' id='word_1_603' title='bbox 1906 3939 2012 3978; x_wconf 86' lang='lat' dir='ltr'><strong>non</strong></span> <span class='ocrx_word' id='word_1_604' title='bbox 2050 3938 2232 3993; x_wconf 83' lang='lat' dir='ltr'><strong>posse,</strong></span> <span class='ocrx_word' id='word_1_605' title='bbox 2265 3923 2667 3980; x_wconf 80' lang='lat' dir='ltr'><strong>adolescentem</strong></span> <span class='ocrx_word' id='word_1_606' title='bbox 2700 3926 3013 3995; x_wconf 84' lang='lat' dir='ltr'><strong>quemdam,</strong></span> <span class='ocrx_word' id='word_1_607' title='bbox 3039 3927 3227 3985; x_wconf 83' lang='lat' dir='ltr'><strong>divino</strong></span> <span class='ocrx_word' id='word_1_608' title='bbox 3257 3931 3372 3988; x_wconf 84' lang='lat' dir='ltr'><strong>zelo</strong></span> <span class='ocrx_word' id='word_1_609' title='bbox 3395 3931 3492 3986; x_wconf 78' lang='lat' dir='ltr'><strong>ila-</strong></span> 
     </span>
    </p>
   </div>
   <div class='ocr_carea' id='block_1_93' title="bbox 1904 4015 3492 4094">
    <p class='ocr_par' dir='ltr' id='par_1_93' title="bbox 1904 4015 3492 4094">
     <span class='ocr_line' id='line_1_93' title="bbox 1904 4015 3492 4094; baseline 0.009 -27"><span class='ocrx_word' id='word_1_610' title='bbox 1904 4023 2176 4086; x_wconf 80' lang='lat' dir='ltr'><strong>grantcm,</strong></span> <span class='ocrx_word' id='word_1_611' title='bbox 2215 4015 2268 4070; x_wconf 92' lang='lat' dir='ltr'><strong>in</strong></span> <span class='ocrx_word' id='word_1_612' title='bbox 2326 4015 2447 4070; x_wconf 83' lang='lat' dir='ltr'><strong>foro</strong></span> <span class='ocrx_word' id='word_1_613' title='bbox 2501 4015 2789 4086; x_wconf 85' lang='lat' dir='ltr'><strong>corripuit,</strong></span> <span class='ocrx_word' id='word_1_614' title='bbox 2823 4026 2877 4073; x_wconf 89' lang='lat' dir='ltr'><strong>et</strong></span> <span class='ocrx_word' id='word_1_615' title='bbox 2928 4021 3217 4091; x_wconf 83' lang='lat' dir='ltr'><strong>suspendit</strong></span> <span class='ocrx_word' id='word_1_616' title='bbox 3275 4025 3492 4094; x_wconf 88' lang='lat' dir='ltr'><strong>publico</strong></span> 
     </span>
    </p>
   </div>
   <div class='ocr_carea' id='block_1_94' title="bbox 1907 4107 3490 4188">
    <p class='ocr_par' dir='ltr' id='par_1_94' title="bbox 1907 4107 3490 4188">
     <span class='ocr_line' id='line_1_94' title="bbox 1907 4107 3490 4188; baseline 0.007 -26"><span class='ocrx_word' id='word_1_617' title='bbox 1907 4109 1960 4162; x_wconf 87' lang='lat' dir='ltr'><strong>in</strong></span> <span class='ocrx_word' id='word_1_618' title='bbox 1993 4109 2163 4179; x_wconf 77' lang='lat' dir='ltr'><strong>ligno,</strong></span> <span class='ocrx_word' id='word_1_619' title='bbox 2193 4107 2426 4179; x_wconf 83' lang='lat' dir='ltr'><strong>ejusque</strong></span> <span class='ocrx_word' id='word_1_620' title='bbox 2456 4118 2606 4182; x_wconf 77' lang='lat' dir='ltr'><strong>terga</strong></span> <span class='ocrx_word' id='word_1_621' title='bbox 2640 4109 2773 4165; x_wconf 90' lang='lat' dir='ltr'><strong>loris</strong></span> <span class='ocrx_word' id='word_1_622' title='bbox 2804 4111 3042 4178; x_wconf 62' lang='lat' dir='ltr'><strong>cadens,</strong></span> <span class='ocrx_word' id='word_1_623' title='bbox 3072 4115 3242 4170; x_wconf 88' lang='lat' dir='ltr'><strong>latera</strong></span> <span class='ocrx_word' id='word_1_624' title='bbox 3272 4119 3490 4188; x_wconf 75' lang='lat' dir='ltr'><strong>ungulis</strong></span> 
     </span>
    </p>
   </div>
   <div class='ocr_carea' id='block_1_95' title="bbox 1907 4200 3489 4287">
    <p class='ocr_par' dir='ltr' id='par_1_95' title="bbox 1907 4200 3489 4287">
     <span class='ocr_line' id='line_1_95' title="bbox 1907 4200 3489 4287; baseline 0.01 -31"><span class='ocrx_word' id='word_1_625' title='bbox 1907 4200 2238 4271; x_wconf 87' lang='lat' dir='ltr'><strong>perlodiens,</strong></span> <span class='ocrx_word' id='word_1_626' title='bbox 2252 4211 2503 4275; x_wconf 87' lang='lat' dir='ltr'><strong>torquere</strong></span> <span class='ocrx_word' id='word_1_627' title='bbox 2521 4207 2672 4262; x_wconf 91' lang='lat' dir='ltr'><strong>illum</strong></span> <span class='ocrx_word' id='word_1_628' title='bbox 2695 4223 2858 4266; x_wconf 86' lang='lat' dir='ltr'><strong>mane</strong></span> <span class='ocrx_word' id='word_1_629' title='bbox 2877 4211 3109 4269; x_wconf 77' lang='lat' dir='ltr'><strong>adorsus</strong></span> <span class='ocrx_word' id='word_1_630' title='bbox 3125 4214 3190 4268; x_wconf 89' lang='lat' dir='ltr'><strong>ad</strong></span> <span class='ocrx_word' id='word_1_631' title='bbox 3207 4231 3489 4287; x_wconf 81' lang='lat' dir='ltr'><strong>vesperam</strong></span> 
     </span>
    </p>
   </div>
   <div class='ocr_carea' id='block_1_96' title="bbox 1907 4294 3485 4362">
    <p class='ocr_par' dir='ltr' id='par_1_96' title="bbox 1907 4294 3485 4362">
     <span class='ocr_line' id='line_1_96' title="bbox 1907 4294 3485 4362; baseline 0.011 -18"><span class='ocrx_word' id='word_1_632' title='bbox 1907 4306 2080 4361; x_wconf 91' lang='lat' dir='ltr'><strong>usque</strong></span> <span class='ocrx_word' id='word_1_633' title='bbox 2107 4308 2216 4347; x_wconf 84' lang='lat' dir='ltr'><strong>non</strong></span> <span class='ocrx_word' id='word_1_634' title='bbox 2245 4294 2453 4349; x_wconf 84' lang='lat' dir='ltr'><strong>destitit</strong></span> <span class='ocrx_word' id='word_1_635' title='bbox 2487 4304 2630 4352; x_wconf 90' lang='lat' dir='ltr'><strong>:tum</strong></span> <span class='ocrx_word' id='word_1_636' title='bbox 2651 4296 2844 4356; x_wconf 79' lang='lat' dir='ltr'><strong>ferreis</strong></span> <span class='ocrx_word' id='word_1_637' title='bbox 2871 4301 3104 4362; x_wconf 83' lang='lat' dir='ltr'><strong>vinculis</strong></span> <span class='ocrx_word' id='word_1_638' title='bbox 3123 4307 3485 4362; x_wconf 85' lang='lat' dir='ltr'><strong>constrictum</strong></span> 
     </span>
    </p>
   </div>
   <div class='ocr_carea' id='block_1_97' title="bbox 1906 4383 3488 4460">
    <p class='ocr_par' dir='ltr' id='par_1_97' title="bbox 1906 4383 3488 4460">
     <span class='ocr_line' id='line_1_97' title="bbox 1906 4383 3488 4460; baseline 0.012 -24"><span class='ocrx_word' id='word_1_639' title='bbox 1906 4383 1958 4437; x_wconf 86' lang='lat' dir='ltr'><strong>in</strong></span> <span class='ocrx_word' id='word_1_640' title='bbox 1993 4386 2297 4439; x_wconf 90' lang='lat' dir='ltr'><strong>custodiam</strong></span> <span class='ocrx_word' id='word_1_641' title='bbox 2328 4387 2497 4443; x_wconf 89' lang='lat' dir='ltr'><strong>dedit.</strong></span> <span class='ocrx_word' id='word_1_642' title='bbox 2541 4389 2608 4444; x_wconf 85' lang='lat' dir='ltr'><strong>Et</strong></span> <span class='ocrx_word' id='word_1_643' title='bbox 2639 4393 2900 4460; x_wconf 87' lang='lat' dir='ltr'><strong>postridie</strong></span> <span class='ocrx_word' id='word_1_644' title='bbox 2954 4393 3174 4451; x_wconf 79' lang='lat' dir='ltr'><strong>Iuliano</strong></span> <span class='ocrx_word' id='word_1_645' title='bbox 3207 4412 3320 4454; x_wconf 88' lang='lat' dir='ltr'><strong>rem</strong></span> <span class='ocrx_word' id='word_1_646' title='bbox 3358 4414 3488 4454; x_wconf 88' lang='lat' dir='ltr'><strong>nar-</strong></span> 
     </span>
    </p>
   </div>
   <div class='ocr_carea' id='block_1_98' title="bbox 1906 4477 3487 4559">
    <p class='ocr_par' dir='ltr' id='par_1_98' title="bbox 1906 4477 3487 4559">
     <span class='ocr_line' id='line_1_98' title="bbox 1906 4477 3487 4559; baseline 0.013 -32"><span class='ocrx_word' id='word_1_647' title='bbox 1906 4490 2052 4541; x_wconf 85' lang='lat' dir='ltr'><strong>rans,</strong></span> <span class='ocrx_word' id='word_1_648' title='bbox 2088 4477 2560 4552; x_wconf 87' lang='lat' dir='ltr'><strong>adolescentisque</strong></span> <span class='ocrx_word' id='word_1_649' title='bbox 2605 4487 2976 4541; x_wconf 88' lang='lat' dir='ltr'><strong>constantiam</strong></span> <span class='ocrx_word' id='word_1_650' title='bbox 3025 4503 3487 4559; x_wconf 81' lang='lat' dir='ltr'><strong>commemorans,</strong></span> 
     </span>
    </p>
   </div>
   <div class='ocr_carea' id='block_1_99' title="bbox 1906 4571 3488 4655">
    <p class='ocr_par' dir='ltr' id='par_1_99' title="bbox 1906 4571 3488 4655">
     <span class='ocr_line' id='line_1_99' title="bbox 1906 4571 3488 4655; baseline 0.008 -29"><span class='ocrx_word' id='word_1_651' title='bbox 1906 4586 2062 4626; x_wconf 87' lang='lat' dir='ltr'><strong>suam</strong></span> <span class='ocrx_word' id='word_1_652' title='bbox 2108 4571 2351 4641; x_wconf 91' lang='lat' dir='ltr'><strong>ipsorum</strong></span> <span class='ocrx_word' id='word_1_653' title='bbox 2391 4573 2602 4629; x_wconf 86' lang='lat' dir='ltr'><strong>cladem</strong></span> <span class='ocrx_word' id='word_1_654' title='bbox 2648 4575 2762 4631; x_wconf 73' lang='lat' dir='ltr'><strong>haec</strong></span> <span class='ocrx_word' id='word_1_655' title='bbox 2807 4579 2997 4633; x_wconf 90' lang='lat' dir='ltr'><strong>testari</strong></span> <span class='ocrx_word' id='word_1_656' title='bbox 3045 4580 3247 4648; x_wconf 75' lang='lat' dir='ltr'><strong>aiebat,</strong></span> <span class='ocrx_word' id='word_1_657' title='bbox 3277 4591 3331 4638; x_wconf 87' lang='lat' dir='ltr'><strong>et</strong></span> <span class='ocrx_word' id='word_1_658' title='bbox 3367 4585 3488 4655; x_wconf 74' lang='lat' dir='ltr'><strong>glo-</strong></span> 
     </span>
    </p>
   </div>
   <div class='ocr_carea' id='block_1_100' title="bbox 1908 4669 3488 4745">
    <p class='ocr_par' dir='ltr' id='par_1_100' title="bbox 1908 4669 3488 4745">
     <span class='ocr_line' id='line_1_100' title="bbox 1908 4669 3488 4745; baseline 0.008 -23"><span class='ocrx_word' id='word_1_659' title='bbox 1908 4669 2043 4722; x_wconf 90' lang='lat' dir='ltr'><strong>riam</strong></span> <span class='ocrx_word' id='word_1_660' title='bbox 2074 4669 2533 4726; x_wconf 80' lang='lat' dir='ltr'><strong>Cltristianorum.</strong></span> <span class='ocrx_word' id='word_1_661' title='bbox 2559 4671 2678 4738; x_wconf 91' lang='lat' dir='ltr'><strong>Quo</strong></span> <span class='ocrx_word' id='word_1_662' title='bbox 2699 4682 2982 4745; x_wconf 88' lang='lat' dir='ltr'><strong>permotus</strong></span> <span class='ocrx_word' id='word_1_663' title='bbox 3007 4675 3101 4732; x_wconf 85' lang='lat' dir='ltr'><strong>Dei</strong></span> <span class='ocrx_word' id='word_1_664' title='bbox 3130 4678 3329 4745; x_wconf 88' lang='lat' dir='ltr'><strong>hostis,</strong></span> <span class='ocrx_word' id='word_1_665' title='bbox 3349 4680 3488 4735; x_wconf 88' lang='lat' dir='ltr'><strong>alios</strong></span> 
     </span>
    </p>
   </div>
   <div class='ocr_carea' id='block_1_101' title="bbox 1908 4763 3489 4846">
    <p class='ocr_par' dir='ltr' id='par_1_101' title="bbox 1908 4763 3489 4846">
     <span class='ocr_line' id='line_1_101' title="bbox 1908 4763 3489 4846; baseline 0.006 -27"><span class='ocrx_word' id='word_1_666' title='bbox 1908 4763 2161 4819; x_wconf 85' lang='lat' dir='ltr'><strong>similiter</strong></span> <span class='ocrx_word' id='word_1_667' title='bbox 2211 4763 2372 4835; x_wconf 71' lang='lat' dir='ltr'><strong>aﬂiigi</strong></span> <span class='ocrx_word' id='word_1_668' title='bbox 2425 4766 2594 4821; x_wconf 87' lang='lat' dir='ltr'><strong>vetuit</strong></span> <span class='ocrx_word' id='word_1_669' title='bbox 2632 4785 2645 4820; x_wconf 88' lang='lat'><strong>:</strong></span> <span class='ocrx_word' id='word_1_670' title='bbox 2681 4767 2815 4838; x_wconf 91' lang='lat' dir='ltr'><strong>quin</strong></span> <span class='ocrx_word' id='word_1_671' title='bbox 2854 4777 2910 4826; x_wconf 90' lang='lat' dir='ltr'><strong>et</strong></span> <span class='ocrx_word' id='word_1_672' title='bbox 2966 4769 3312 4828; x_wconf 84' lang='lat' dir='ltr'><strong>Theodorum</strong></span> <span class='ocrx_word' id='word_1_673' title='bbox 3361 4774 3489 4846; x_wconf 85' lang='lat' dir='ltr'><strong>(hoc</strong></span> 
     </span>
    </p>
   </div>
   <div class='ocr_carea' id='block_1_102' title="bbox 1907 4856 3486 4933">
    <p class='ocr_par' dir='ltr' id='par_1_102' title="bbox 1907 4856 3486 4933">
     <span class='ocr_line' id='line_1_102' title="bbox 1907 4856 3486 4933; baseline 0.008 -24"><span class='ocrx_word' id='word_1_674' title='bbox 1907 4856 2053 4909; x_wconf 87' lang='lat' dir='ltr'><strong>enim</strong></span> <span class='ocrx_word' id='word_1_675' title='bbox 2111 4856 2483 4921; x_wconf 85' lang='lat' dir='ltr'><strong>adolescenti,</strong></span> <span class='ocrx_word' id='word_1_676' title='bbox 2532 4866 2759 4915; x_wconf 88' lang='lat' dir='ltr'><strong>strenuo</strong></span> <span class='ocrx_word' id='word_1_677' title='bbox 2815 4862 2896 4916; x_wconf 90' lang='lat' dir='ltr'><strong>illi</strong></span> <span class='ocrx_word' id='word_1_678' title='bbox 2948 4864 3195 4919; x_wconf 88' lang='lat' dir='ltr'><strong>veritatis</strong></span> <span class='ocrx_word' id='word_1_679' title='bbox 3249 4865 3486 4933; x_wconf 65' lang='lat' dir='ltr'><strong>athletae,</strong></span> 
     </span>
    </p>
   </div>
   <div class='ocr_carea' id='block_1_103' title="bbox 1910 4947 3489 5026">
    <p class='ocr_par' dir='ltr' id='par_1_103' title="bbox 1910 4947 3489 5026">
     <span class='ocr_line' id='line_1_103' title="bbox 1910 4947 3489 5026; baseline 0.006 -26"><span class='ocrx_word' id='word_1_680' title='bbox 1910 4962 2107 5002; x_wconf 88' lang='lat' dir='ltr'><strong>nomen</strong></span> <span class='ocrx_word' id='word_1_681' title='bbox 2137 4947 2272 5016; x_wconf 90' lang='lat' dir='ltr'><strong>erat)</strong></span> <span class='ocrx_word' id='word_1_682' title='bbox 2307 4947 2538 5003; x_wconf 87' lang='lat' dir='ltr'><strong>liberum</strong></span> <span class='ocrx_word' id='word_1_683' title='bbox 2568 4965 2598 5005; x_wconf 84' lang='grc' dir='ltr'><strong>ο</strong></span> <span class='ocrx_word' id='word_1_684' title='bbox 2628 4964 2848 5008; x_wconf 87' lang='lat' dir='ltr'><strong>carcere</strong></span> <span class='ocrx_word' id='word_1_685' title='bbox 2874 4953 3052 5008; x_wconf 91' lang='lat' dir='ltr'><strong>emitti</strong></span> <span class='ocrx_word' id='word_1_686' title='bbox 3083 4957 3355 5026; x_wconf 72' lang='lat' dir='ltr'><strong>praecepit.</strong></span> <span class='ocrx_word' id='word_1_687' title='bbox 3385 4956 3489 5024; x_wconf 87' lang='lat' dir='ltr'><strong>Qui</strong></span> 
     </span>
    </p>
   </div>
   <div class='ocr_carea' id='block_1_104' title="bbox 1908 5040 3486 5115">
    <p class='ocr_par' dir='ltr' id='par_1_104' title="bbox 1908 5040 3486 5115">
     <span class='ocr_line' id='line_1_104' title="bbox 1908 5040 3486 5115; baseline 0.006 -21"><span class='ocrx_word' id='word_1_688' title='bbox 1908 5049 2129 5109; x_wconf 77' lang='lat' dir='ltr'><strong>rogatus</strong></span> <span class='ocrx_word' id='word_1_689' title='bbox 2159 5056 2186 5094; x_wconf 89' lang='lat' dir='ltr'><strong>a</strong></span> <span class='ocrx_word' id='word_1_690' title='bbox 2221 5040 2574 5111; x_wconf 87' lang='lat' dir='ltr'><strong>quibusdam,</strong></span> <span class='ocrx_word' id='word_1_691' title='bbox 2596 5043 2793 5114; x_wconf 88' lang='lat' dir='ltr'><strong>ecquid</strong></span> <span class='ocrx_word' id='word_1_692' title='bbox 2819 5045 3027 5102; x_wconf 88' lang='lat' dir='ltr'><strong>doloris</strong></span> <span class='ocrx_word' id='word_1_693' title='bbox 3050 5050 3334 5115; x_wconf 88' lang='lat' dir='ltr'><strong>sensisset,</strong></span> <span class='ocrx_word' id='word_1_694' title='bbox 3362 5064 3486 5104; x_wconf 89' lang='lat' dir='ltr'><strong>cum</strong></span> 
     </span>
    </p>
   </div>
   <div class='ocr_carea' id='block_1_105' title="bbox 1907 5132 3487 5210">
    <p class='ocr_par' dir='ltr' id='par_1_105' title="bbox 1907 5132 3487 5210">
     <span class='ocr_line' id='line_1_105' title="bbox 1907 5132 3487 5210; baseline 0.006 -24"><span class='ocrx_word' id='word_1_695' title='bbox 1907 5132 2108 5188; x_wconf 86' lang='lat' dir='ltr'><strong>acerba</strong></span> <span class='ocrx_word' id='word_1_696' title='bbox 2137 5133 2226 5187; x_wconf 92' lang='lat' dir='ltr'><strong>illa</strong></span> <span class='ocrx_word' id='word_1_697' title='bbox 2253 5139 2309 5188; x_wconf 92' lang='lat' dir='ltr'><strong>et</strong></span> <span class='ocrx_word' id='word_1_698' title='bbox 2341 5135 2585 5190; x_wconf 88' lang='lat' dir='ltr'><strong>crudelia</strong></span> <span class='ocrx_word' id='word_1_699' title='bbox 2611 5143 2882 5193; x_wconf 88' lang='lat' dir='ltr'><strong>tormenta</strong></span> <span class='ocrx_word' id='word_1_700' title='bbox 2916 5139 3236 5204; x_wconf 88' lang='lat' dir='ltr'><strong>sustineret,</strong></span> <span class='ocrx_word' id='word_1_701' title='bbox 3257 5155 3487 5210; x_wconf 87' lang='lat' dir='ltr'><strong>respon-</strong></span> 
     </span>
    </p>
   </div>
   <div class='ocr_carea' id='block_1_106' title="bbox 1906 5216 3482 5298">
    <p class='ocr_par' dir='ltr' id='par_1_106' title="bbox 1906 5216 3482 5298">
     <span class='ocr_line' id='line_1_106' title="bbox 1906 5216 3482 5298; baseline 0.006 -22"><span class='ocrx_word' id='word_1_702' title='bbox 1906 5221 1986 5279; x_wconf 89' lang='lat' dir='ltr'><strong>dit</strong></span> <span class='ocrx_word' id='word_1_703' title='bbox 2022 5240 2080 5280; x_wconf 88' lang='lat' dir='ltr'><strong>se</strong></span> <span class='ocrx_word' id='word_1_704' title='bbox 2128 5225 2283 5280; x_wconf 91' lang='lat' dir='ltr'><strong>initio</strong></span> <span class='ocrx_word' id='word_1_705' title='bbox 2325 5225 2548 5295; x_wconf 90' lang='lat' dir='ltr'><strong>quidem</strong></span> <span class='ocrx_word' id='word_1_706' title='bbox 2579 5227 2920 5298; x_wconf 89' lang='lat' dir='ltr'><strong>aliquantum</strong></span> <span class='ocrx_word' id='word_1_707' title='bbox 2954 5230 3161 5287; x_wconf 86' lang='lat' dir='ltr'><strong>doloris</strong></span> <span class='ocrx_word' id='word_1_708' title='bbox 3195 5216 3482 5287; x_wconf 75' lang='lat' dir='ltr'><strong>sensisse:</strong></span> 
     </span>
    </p>
   </div>
   <div class='ocr_carea' id='block_1_107' title="bbox 1907 5319 3487 5395">
    <p class='ocr_par' dir='ltr' id='par_1_107' title="bbox 1907 5319 3487 5395">
     <span class='ocr_line' id='line_1_107' title="bbox 1907 5319 3487 5395; baseline 0.004 -23"><span class='ocrx_word' id='word_1_709' title='bbox 1907 5323 2094 5386; x_wconf 86' lang='lat' dir='ltr'><strong>postea</strong></span> <span class='ocrx_word' id='word_1_710' title='bbox 2129 5331 2257 5373; x_wconf 88' lang='lat' dir='ltr'><strong>vero</strong></span> <span class='ocrx_word' id='word_1_711' title='bbox 2284 5319 2606 5390; x_wconf 86' lang='lat' dir='ltr'><strong>apparuisse</strong></span> <span class='ocrx_word' id='word_1_712' title='bbox 2632 5321 2943 5392; x_wconf 87' lang='lat' dir='ltr'><strong>quemdam,</strong></span> <span class='ocrx_word' id='word_1_713' title='bbox 2967 5323 3062 5395; x_wconf 89' lang='lat' dir='ltr'><strong>qui</strong></span> <span class='ocrx_word' id='word_1_714' title='bbox 3095 5323 3351 5381; x_wconf 84' lang='lat' dir='ltr'><strong>sudorem</strong></span> <span class='ocrx_word' id='word_1_715' title='bbox 3383 5323 3487 5395; x_wconf 88' lang='lat' dir='ltr'><strong>ipsi</strong></span> 
     </span>
    </p>
   </div>
   <div class='ocr_carea' id='block_1_108' title="bbox 1539 5560 2218 5626">
    <p class='ocr_par' dir='ltr' id='par_1_108' title="bbox 1539 5560 2218 5626">
     <span class='ocr_line' id='line_1_108' title="bbox 1539 5560 2218 5626; baseline 0.019 -14"><span class='ocrx_word' id='word_1_716' title='bbox 1539 5560 1776 5620; x_wconf 75' lang='lat' dir='ltr'><strong>VARUE</strong></span> <span class='ocrx_word' id='word_1_717' title='bbox 1818 5564 2110 5626; x_wconf 78' lang='lat' dir='ltr'><strong>LECTION</strong></span> <span class='ocrx_word' id='word_1_718' title='bbox 2117 5568 2218 5626; x_wconf 82' lang='lat' dir='ltr'><strong>ES.</strong></span> 
     </span>
    </p>
   </div>
   <div class='ocr_carea' id='block_1_109' title="bbox 281 5685 1230 5764">
    <p class='ocr_par' dir='ltr' id='par_1_109' title="bbox 281 5685 1230 5764">
     <span class='ocr_line' id='line_1_109' title="bbox 281 5685 1230 5764; baseline 0.019 -29"><span class='ocrx_word' id='word_1_719' title='bbox 281 5685 329 5764; x_wconf 62' lang='grc' dir='ltr'><strong>ξι</strong></span> <span class='ocrx_word' id='word_1_720' title='bbox 358 5690 409 5741; x_wconf 85' lang='lat' dir='ltr'><strong>ot</strong></span> <span class='ocrx_word' id='word_1_721' title='bbox 443 5689 512 5764; x_wconf 76' lang='grc' dir='ltr'><strong>τᾲ</strong></span> <span class='ocrx_word' id='word_1_722' title='bbox 549 5690 800 5764; x_wconf 38' lang='lat' dir='ltr'><strong>toLBas.</strong></span> <span class='ocrx_word' id='word_1_723' title='bbox 830 5691 926 5764; x_wconf 74' lang='lat' dir='ltr'><strong>Gr.</strong></span> <span class='ocrx_word' id='word_1_724' title='bbox 952 5701 1003 5764; x_wconf 81' lang='lat' dir='ltr'><strong>et</strong></span> <span class='ocrx_word' id='word_1_725' title='bbox 1043 5692 1230 5764; x_wconf 83' lang='lat' dir='ltr'><strong>Steph.</strong></span> 
     </span>
    </p>
   </div>
   <div class='ocr_carea' id='block_1_110' title="bbox 387 5928 1175 5994">
    <p class='ocr_par' dir='ltr' id='par_1_110' title="bbox 387 5928 1175 5994">
     <span class='ocr_line' id='line_1_110' title="bbox 387 5928 1175 5994; baseline 0.005 -5"><span class='ocrx_word' id='word_1_726' title='bbox 387 5928 658 5989; x_wconf 68' lang='grc' dir='ltr'><strong>Ρλτιιοι..</strong></span> <span class='ocrx_word' id='word_1_727' title='bbox 694 5931 807 5989; x_wconf 74' lang='lat' dir='ltr'><strong>(in.</strong></span> <span class='ocrx_word' id='word_1_728' title='bbox 857 5932 1082 5992; x_wconf 73' lang='lat' dir='ltr'><strong>LXXX</strong></span> <span class='ocrx_word' id='word_1_729' title='bbox 1101 5933 1175 5994; x_wconf 87' lang='lat' dir='ltr'><strong>ll.</strong></span> 
     </span>
    </p>
   </div>
   <div class='ocr_carea' id='block_1_111' title="bbox 1337 5696 2253 5729">
    <p class='ocr_par' dir='ltr' id='par_1_111' title="bbox 1337 5696 2253 5729">
     <span class='ocr_line' id='line_1_111' title="bbox 1337 5696 2253 5729; baseline 0.003 -3"><span class='ocrx_word' id='word_1_730' title='bbox 1337 5696 1378 5728; x_wconf 69' lang='lat' dir='ltr'><strong>l5</strong></span> <span class='ocrx_word' id='word_1_731' title='bbox 1413 5698 1637 5729; x_wconf 71' lang='grc' dir='ltr'><strong>ε.,.ι...,...</strong></span> <span class='ocrx_word' id='word_1_732' title='bbox 1709 5700 1870 5729; x_wconf 66' lang='grc' dir='ltr'><strong>ει-..ι.</strong></span> <span class='ocrx_word' id='word_1_733' title='bbox 1926 5705 1960 5729; x_wconf 73' lang='lat' dir='ltr'><strong>cI</strong></span> <span class='ocrx_word' id='word_1_734' title='bbox 2073 5707 2116 5729; x_wconf 76' lang='grc' dir='ltr'><strong>ει</strong></span> <span class='ocrx_word' id='word_1_735' title='bbox 2144 5706 2253 5729; x_wconf 58' lang='lat' dir='ltr'><strong>anns</strong></span> 
     </span>
    </p>
   </div>
   <div class='ocr_carea' id='block_1_112' title="bbox 220 5699 3475 5882">
    <p class='ocr_par' dir='ltr' id='par_1_112' title="bbox 220 5699 3475 5882">
     <span class='ocr_line' id='line_1_112' title="bbox 260 5699 3475 5782; baseline 0.008 -42"><span class='ocrx_word' id='word_1_736' title='bbox 260 5699 329 5771; x_wconf 57' lang='grc' dir='ltr'><strong>,ι’</strong></span> <span class='ocrx_word' id='word_1_737' title='bbox 358 5699 409 5741; x_wconf 82' lang='grc' dir='ltr'><strong>οι</strong></span> <span class='ocrx_word' id='word_1_738' title='bbox 443 5699 512 5742; x_wconf 86' lang='grc' dir='ltr'><strong>τα</strong></span> <span class='ocrx_word' id='word_1_739' title='bbox 549 5699 629 5743; x_wconf 72' lang='lat' dir='ltr'><strong>to.</strong></span> <span class='ocrx_word' id='word_1_740' title='bbox 677 5699 800 5745; x_wconf 78' lang='lat' dir='ltr'><strong>Bas.</strong></span> <span class='ocrx_word' id='word_1_741' title='bbox 830 5699 926 5747; x_wconf 87' lang='lat' dir='ltr'><strong>Gr.</strong></span> <span class='ocrx_word' id='word_1_742' title='bbox 952 5701 1003 5748; x_wconf 92' lang='lat' dir='ltr'><strong>et</strong></span> <span class='ocrx_word' id='word_1_743' title='bbox 1043 5699 1230 5778; x_wconf 66' lang='lat' dir='ltr'><strong>Steph.</strong></span> <span class='ocrx_word' id='word_1_744' title='bbox 1337 5699 1378 5728; x_wconf 79' lang='grc'><strong>⁸⁵</strong></span> <span class='ocrx_word' id='word_1_745' title='bbox 1413 5699 1653 5782; x_wconf 71' lang='grc' dir='ltr'><strong>ἐκείνων.</strong></span> <span class='ocrx_word' id='word_1_746' title='bbox 1708 5700 1894 5773; x_wconf 86' lang='lat' dir='ltr'><strong>Steph.</strong></span> <span class='ocrx_word' id='word_1_747' title='bbox 1926 5705 1980 5760; x_wconf 72' lang='grc'><strong>2.</strong></span> <span class='ocrx_word' id='word_1_748' title='bbox 2073 5707 2116 5739; x_wconf 83' lang='grc'><strong>¹⁶</strong></span> <span class='ocrx_word' id='word_1_749' title='bbox 2139 5706 2253 5761; x_wconf 86' lang='grc' dir='ltr'><strong>ἀλλ’</strong></span> <span class='ocrx_word' id='word_1_750' title='bbox 2276 5709 2304 5762; x_wconf 83' lang='grc' dir='ltr'><strong>δ</strong></span> <span class='ocrx_word' id='word_1_751' title='bbox 2338 5709 2436 5780; x_wconf 76' lang='grc' dir='ltr'><strong>μὲν</strong></span> <span class='ocrx_word' id='word_1_752' title='bbox 2469 5710 2678 5765; x_wconf 69' lang='grc' dir='ltr'><strong>ἐκεῖθεν</strong></span> <span class='ocrx_word' id='word_1_753' title='bbox 2731 5710 2883 5764; x_wconf 72' lang='grc' dir='ltr'><strong>οὐδὲν</strong></span> <span class='ocrx_word' id='word_1_754' title='bbox 2932 5710 3122 5782; x_wconf 77' lang='grc' dir='ltr'><strong>νεκρὸν</strong></span> <span class='ocrx_word' id='word_1_755' title='bbox 3154 5709 3475 5781; x_wconf 84' lang='grc' dir='ltr'><strong>μετεκόμισε</strong></span> 
     </span>
     <span class='ocr_line' id='line_1_113' title="bbox 220 5757 3475 5882; baseline 0 0"><span class='ocrx_word' id='word_1_756' title='bbox 220 5757 1612 5882; x_wconf 57' lang='grc' dir='ltr'><strong>εὲνονιὲδειξὲἓιξεέν¹³³ιῗίὲιι9ἔιἓξἓξξξξξυν</strong></span> <span class='ocrx_word' id='word_1_757' title='bbox 1639 5773 2953 5882; x_wconf 43' lang='lat' dir='ltr'><strong>&quot;99‘123&quot;%2q&quot;aE:-§&#39;tvh-etesiae:va</strong></span> <span class='ocrx_word' id='word_1_758' title='bbox 3168 5782 3475 5882; x_wconf 49' lang='grc' dir='ltr'><strong>ἰάψειν·</strong></span> 
     </span>
    </p>
   </div>
   <div class='ocr_carea' id='block_1_113' title="bbox 440 5832 3477 5922">
    <p class='ocr_par' dir='ltr' id='par_1_113' title="bbox 440 5832 3477 5922">
     <span class='ocr_line' id='line_1_114' title="bbox 440 5832 3477 5922; baseline 0.007 -41"><span class='ocrx_word' id='word_1_759' title='bbox 440 5832 513 5883; x_wconf 66' lang='grc' dir='ltr'><strong>ἓν.</strong></span> <span class='ocrx_word' id='word_1_760' title='bbox 594 5832 636 5861; x_wconf 87' lang='grc'><strong>¹⁸</strong></span> <span class='ocrx_word' id='word_1_761' title='bbox 675 5832 986 5902; x_wconf 85' lang='grc' dir='ltr'><strong>μετάθεσιν.</strong></span> <span class='ocrx_word' id='word_1_762' title='bbox 1022 5832 1163 5890; x_wconf 87' lang='lat' dir='ltr'><strong>Idem</strong></span> <span class='ocrx_word' id='word_1_763' title='bbox 1191 5851 1311 5889; x_wconf 86' lang='lat' dir='ltr'><strong>cum</strong></span> <span class='ocrx_word' id='word_1_764' title='bbox 1353 5832 1538 5908; x_wconf 75' lang='lat' dir='ltr'><strong>Steph.</strong></span> <span class='ocrx_word' id='word_1_765' title='bbox 1579 5841 1624 5895; x_wconf 82' lang='grc' dir='ltr'><strong>Ι.</strong></span> <span class='ocrx_word' id='word_1_766' title='bbox 1689 5832 3343 5922; x_wconf 38' lang='lat' dir='ltr'><strong>&#39;9reciperavisset.15?;aeditui&quot;?&#39;oﬁtp&#39;aiiégtaBM.</strong></span> 
     </span>
    </p>
   </div>
   <div class='ocr_carea' id='block_1_114' title="bbox 2338 5709 3478 5782">
    <p class='ocr_par' dir='ltr' id='par_1_114' title="bbox 2338 5709 3478 5782">
     <span class='ocr_line' id='line_1_115' title="bbox 2338 5709 3478 5782; baseline 0.001 -18"><span class='ocrx_word' id='word_1_767' title='bbox 2338 5709 2436 5782; x_wconf 76' lang='grc' dir='ltr'><strong>μὲν</strong></span> <span class='ocrx_word' id='word_1_768' title='bbox 2469 5710 2683 5782; x_wconf 69' lang='grc' dir='ltr'><strong>ἐκεῖθεν</strong></span> <span class='ocrx_word' id='word_1_769' title='bbox 2710 5710 2883 5782; x_wconf 73' lang='grc' dir='ltr'><strong>οὐδὲν</strong></span> <span class='ocrx_word' id='word_1_770' title='bbox 2932 5710 3122 5782; x_wconf 77' lang='grc' dir='ltr'><strong>νεκρὸν</strong></span> <span class='ocrx_word' id='word_1_771' title='bbox 3154 5709 3478 5781; x_wconf 82' lang='grc' dir='ltr'><strong>μετεκόμισε</strong></span> 
     </span>
    </p>
   </div>
   <div class='ocr_carea' id='block_1_115' title="bbox 3120 5947 3196 6005">
    <p class='ocr_par' dir='ltr' id='par_1_115' title="bbox 3120 5947 3196 6005">
     <span class='ocr_line' id='line_1_116' title="bbox 3120 5947 3196 6005; baseline 0.013 -1"><span class='ocrx_word' id='word_1_772' title='bbox 3120 5947 3196 6005; x_wconf 80' lang='grc'><strong>35</strong></span> 
     </span>
    </p>
   </div>
  </div>
