4218 6456
781 356 799 419 ι
819 357 915 421 103

1750 356 2245 423 ’I‘HEODORETI
2274 355 2622 422 'EPISCOPI
2654 355 3018 418 CYRENSIS

3885 359 4031 423 110i

770 486 897 524 cum
925 467 1115 540 epulas
1145 469 1210 525 de
1244 483 1391 524 more
1422 468 1733 536 lustrasset,
1768 485 1832 525 ac
1859 471 2076 542 piaculo
2109 474 2334 544 p01luis~
2366 488 2404 541 Α

2366 488 2404 541 Α
2437 469 2628 543 πρώτῃ
2666 469 2948 541 παραστὰς
2993 464 3150 534 οὗτος
3175 473 3241 542 τῇ
3276 469 3539 542 βασιλέως
3569 473 3799 537 στιϐάδι,
3829 477 3925 528 καὶ
3959 481 4029 528 τὶ

771 573 873 630 set,
906 564 1186 620 curriculo
1220 561 1497 618 contendit
1539 563 1910 633 Antiochiam,
1960 574 2015 625 et
2049 566 2331 621 admiran-

768 655 893 707 dam
921 654 1112 710 adiens
1144 653 1440 709 feminam:
1481 673 1500 707 ι
1542 653 1654 724 Ego
1691 655 1912 725 quidem
1954 657 2022 712 ad
2070 666 2121 712 te
2155 660 2334 727 venio,

771 746 970 814 inquit.
1006 745 1149 802 sicut
1179 745 1536 814 promiseram
1563 761 1576 798 :
1608 753 1667 798 tu
1691 745 1812 800 vide
1841 754 1902 800 ut
1926 747 2145 818 utrique
2172 749 2336 804 saluti

770 837 1097 909 prospicias,
1146 843 1199 892 et
1240 836 1511 907 promissa
1549 839 1795 907 praestes.
1834 855 1852 889 ι
1892 835 1988 892 Illa
2041 855 2166 895 mox
2205 854 2338 895 con-

772 943 1005 996 surgens
1033 927 1436 984 adolescenlem
1467 927 1692 984 deducit
1719 929 1783 983 ad
1815 929 1994 983 virum
2039 930 2132 986 Dei
2171 930 2334 986 Mele-

773 1019 930 1081 tium,
972 1018 1067 1088 qui
1098 1017 1265 1087 jussit
1312 1032 1436 1072 eum
1475 1019 1530 1071 in
1579 1019 1864 1087 superiore
1925 1017 2150 1088 hospitii
2183 1027 2337 1090 parte

773 1109 992 1163 interim
1025 1107 1348 1162 consistere.
1381 1107 1449 1161 At
1496 1115 1650 1176 pater
1685 1105 1856 1161 ﬁlium
1888 1122 2139 1176 quaerens
2171 1116 2336 1162 totam

779 1200 1425 1271 Daphnem-circumibat,
1463 1213 1830 1270 reversusque
1858 1199 1912 1254 in
1939 1199 2130 1253 urbem
2184 1199 2338 1254 vicos

774 1301 827 1346 et
871 1293 1193 1361 angiportus
1240 1291 1629 1362 perlustrabat,
1667 1292 1859 1348 oculos
1891 1306 2334 1363 quoquoversum

773 1382 1076 1452 conjiciens
1101 1382 1263 1450 huius
1289 1381 1602 1437 inveniendi
1630 1381 1926 1437 desiderio.
1948 1380 2190 1437 Tandem
2212 1398 2334 1437 cum

775 1474 843 1528 ad
881 1489 1005 1528 eum
1052 1473 1234 1528 locum
1267 1473 1628 1545 pervenisset,
1678 1473 1772 1528 ubi
1807 1472 2176 1529 diversorium
2221 1481 2338 1529 erat

776 1565 997 1631 Meletii,
1052 1565 1283 1621 sublatis
1313 1565 1486 1621 oculis
1533 1565 1667 1619 vidit
1717 1565 1867 1619 illum
1912 1564 2335 1636 prospicientem

775 1669 870 1725 per
899 1655 1267 1719 cancellos,et
1295 1669 1592 1710 accurrens
1619 1654 1889 1725 corripuit
1933 1663 1988 1709 et
2027 1653 2332 1719 abstraxit,

774 1747 1104 1817 domumque
1135 1748 1424 1802 reductum
1456 1747 1774 1804 verberibus
1804 1748 2039 1817 primum
2069 1747 2335 1802 acerrime

2434 560 2543 629 ὄψα
2571 559 2713 613 κατὰ
2741 561 2802 614 τὸ
2833 560 2954 623 ἔθος
2987 561 3283 632 διαρράνας
3312 563 3405 616 καὶ
3436 562 3529 616 τοῦ
3573 563 3777 634 μύσους
3805 566 4025 637 ἐμπλή-

2440 669 2555 719 σας,
2591 653 2775 724 δρόμῴ
2825 653 3187 724 χρησάμενος,
3241 654 3339 724 τὴν
3401 655 3677 724 Ἀντιόχου
3726 657 4028 721 κατέλαϐε,

2439 744 2700 815 καὶπρὸς
2725 743 2826 816 τὴν
2856 744 3165 815 θαυμασίαν
3196 745 3412 815 ἐκείνην
3439 745 3770 816 ἀφικόμενος
3802 748 4028 818 ἀνθρω-

2437 852 2567 888 πον·
2598 854 2616 887 ι
2661 835 2802 903 Ἐγὼ
2839 837 2937 907 μὲν
2975 836 3097 907 ήκω
3127 852 3230 902 σοι,
3261 837 3385 906 ἔφη,
3427 836 3499 907 μὴ
3528 837 3872 907 ψευσάμενος
3920 839 4028 908 τὴν

2439 927 2732 997 ὑπόσχεσιν
2762 943 2776 956 ·
2842 928 2907 981 σὺ
2939 927 2996 980 δὲ
3042 927 3314 996 σωτηρίας
3343 927 3607 997 ἑκατέρας
3635 929 4022 1000 ἐπιμελήθητι,

2437 1020 2530 1072 καὶ
2561 1019 2657 1089 τὴν
2690 1018 3021 1086 ἐπαγγελίαν
3049 1020 3219 1090 ἐκπλή
3231 1035 3420 1090 ρωσον.
3438 1038 3456 1071 ι
3483 1021 3804 1091 Παραυτίκα
3823 1022 3892 1092 δή
3923 1018 4023 1074 οὖν

2436 1110 2619 1180 ἐκείνη
2679 1109 3029 1176 διαναστᾶσα,
3086 1111 3224 1181 πρὸς
3276 1111 3368 1164 τὸν
3409 1111 3503 1163 τοῦ
3556 1112 3693 1167 Θεοῦ
3730 1113 4026 1184 ἄνθρωπον

2436 1202 2696 1255 Μελέτιον
2733 1201 2822 1255 τὸν
2869 1200 2986 1258 νέον
3032 1201 3340 1272 ἀπήγαγεν·
3376 1206 3404 1256 δ
3436 1204 3492 1258 δὲ
3523 1204 3662 1267 τέως
3707 1206 3871 1258 αὑτὸν
3909 1207 4025 1259 ἀνω

2435 1291 2642 1360 διάγειν
2671 1292 2729 1344 ἐν
2761 1293 2839 1362 τῷ
2868 1292 3198 1362 καταγωγίῳ
3227 1293 3580 1363 προσέταξεν.
3623 1296 3684 1348 Ὀ
3731 1295 3791 1348 δέ
3833 1298 4024 1367 πατὴρ

2436 1383 2526 1436 τὸν
2557 1382 2720 1436 παῖδα
2752 1381 3047 1453 ἐπιζητῶν,
3084 1385 3184 1453 τήν
3206 1400 3264 1436 τε
3288 1384 3506 1455 Δάφνην
3542 1387 3902 1456 περιενόστει,
3929 1393 4023 1442 καί

2436 1475 2514 1537 εἰς
2547 1474 2607 1528 τὸ
2637 1474 2771 1528 ἀστυ
2801 1473 3149 1544 ἀφικόμενος,
3175 1476 3395 1546 περιῄει
3427 1478 3524 1540 τὰς
3545 1477 3743 1545 ἀγυιάς
3774 1479 3868 1531 καὶ
3894 1480 4021 1538 τοὺς

2440 1566 2771 1628 στενωποὺς,
2807 1566 3040 1619 πάντοσε
3067 1566 3344 1636 περιάγων
3366 1567 3443 1620 τὼ
3461 1567 3746 1638 ὀφθαλμὼ,
3784 1570 3876 1621 καὶ
3899 1569 4020 1621 τοῦ·

2435 1673 2528 1710 τον
2563 1655 2877 1726 ἀνιχνεῦσαι
2901 1651 3098 1731 ποθῶν.
3139 1659 3353 1728 Ἐπειδὴ
3386 1659 3441 1712 δέ
3465 1663 3582 1713 κατ’
3611 1662 3788 1713 ἐκεῖνο
3821 1662 3885 1713 τὸ
3914 1679 4017 1729 χω-

2440 1747 2553 1820 ρίον
2582 1747 2816 1816 ἐγένετο,
2847 1746 2974 1800 ἔνθα
3007 1748 3068 1800 τὸ
3089 1749 3434 1818 καταγώγιον
3465 1753 3494 1803 ὁ
3524 1751 3662 1814 θεῖος
3694 1747 3805 1821 εἶχε
3840 1753 4020 1805 Μελέ-

775 1838 974 1893 cecidit
993 1857 1004 1892 :
1023 1838 1219 1892 deinde
1236 1838 1535 1894 candentes
1566 1853 1694 1896 acus
1723 1840 1975 1894 manibus
1999 1839 2336 1908 pedibusque
2371 1847 2410 1902 Β
2436 1860 2441 1874 ·

2371 1847 2570 1904 Βτιος,
2620 1840 2925 1909 ἀνασλέψας
2975 1836 3114 1894 είδεν
3161 1844 3370 1896 ἐκεῖνον
3414 1844 3520 1897 ἀπὸ
3554 1844 3646 1897 τοῦ
3701 1845 4018 1916 δρυφάκτου

769 1938 824 1985 et
855 1931 1021 1988 dorso
1057 1931 1274 1988 inﬁxit:
1307 1942 1584 2002 postremo
1629 1933 1904 1988 conclusit
1935 1933 1987 1988 in
2038 1933 2330 1998 cubiculo,

772 2017 1095 2090 foribusque
1129 2020 1399 2076 obseratis
1441 2019 1720 2092 Daphnem
1754 2021 1938 2080 rediit.
1983 2021 2108 2078 Haec
2137 2037 2237 2093 ego
2268 2021 2334 2076 il-

770 2110 880 2165 lum
935 2112 1047 2181 jam
1107 2123 1364 2183 provecta
1413 2129 1598 2171 senem
1656 2124 1817 2172 aetate
1856 2124 2171 2171 narrantem
2235 2129 2333 2169 au-

769 2201 901 2264 divi,
970 2201 1314 2273 addebatque
1362 2211 1622 2274 praeterea
1679 2219 1739 2260 se
1801 2203 2032 2260 Numine
2095 2204 2332 2258 afﬂatum

765 2291 933 2364 929
1000 2303 1054 2349 et
1107 2296 1288 2350 divina
1361 2297 1583 2366 plenum
1653 2296 1851 2366 gratia,
1940 2295 2111 2365 patris
2183 2294 2329 2350 idola

771 2387 956 2440 omnia
1005 2387 1354 2452 contrivisse,
1407 2395 1575 2458 atque
1635 2387 1850 2442 illorum
1905 2386 2332 2442 imbecillitatem

770 2477 1053 2534 derisisse.
1079 2477 1275 2534 Postea
1307 2493 1457 2544 vero,
1503 2493 1627 2534 cum
1657 2479 1842 2533 animo
1897 2481 2127 2550 agitaret
2186 2475 2332 2546 quod

770 2567 994 2634 fecerat,
1049 2571 1218 2640 patris
1269 2569 1506 2626 reditum
1548 2571 1893 2634 extimuisse,
1945 2568 2334 2639 Christumque

771 2658 1061 2716 Dominum
1093 2677 1302 2725 orasse,
1333 2673 1390 2717 ut
1421 2670 1710 2727 annueret,
1755 2672 1808 2718 et
1838 2677 1991 2718 seras
2022 2660 2333 2729 confringe-

771 2761 876 2818 ret,
909 2753 1161 2824 ostiaque
1192 2753 1539 2825 patefaceret.
1577 2773 1594 2806 ι
1627 2753 1742 2808 'l‘ua
1764 2755 1930 2819 enim,
1952 2753 2332 2825 inquit,causa

771 2845 884 2898 haec
919 2844 1115 2912 pertuli
1140 2851 1193 2900 et
1226 2843 1382 2899 feci.)
1408 2843 1776 2909 Haec,aiebat,
1802 2859 1925 2898 cum
1959 2844 2220 2908 dicerem,
2249 2856 2335 2896 re—

771 2935 1041 2989 siluerunt
1065 2949 1222 2998 serae,
1256 2942 1307 2989 et
1341 2941 1542 2998 apertae
1572 2943 1702 2990 sunt
1735 2933 1898 2989 fores.
1932 2932 2044 3004 Ego
2093 2946 2222 2988 vero
2265 2931 2333 2985 ad

771 3027 1087 3098 magistram
1141 3027 1319 3082 denuo
1376 3026 1695 3083 festinanter
1751 3025 1963 3082 recurri
2013 3042 2026 3079 :
2073 3039 2195 3097 quae
2246 3039 2334 3080 me

771 3127 924 3173 veste
958 3118 1192 3174 inducns
1217 3117 1492 3184 muliebri,
1524 3133 1818 3188 secumque
1842 3125 2092 3173 statuens
2120 3117 2176 3171 in
2198 3130 2333 3171 con—

2431 1933 2797 1987 διακύπτοντα
2827 1950 2840 1964 ’
2877 1932 2971 1986 καὶ
3001 1933 3224 2004 δραμὼν
3251 1935 3472 1988 εἵλκυσέ
3503 1952 3559 1987 τε
3594 1937 3684 1989 καὶ
3711 1940 4018 2007 κατήγαγε,

2435 2027 2530 2077 καὶ
2583 2025 2662 2088 είς
2705 2025 2805 2094 τὴν
2857 2025 3035 2078 οίκίαν
3067 2025 3392 2094 ἀπαγαγὼν,
3431 2028 3646 2097 πρῶτον
3709 2029 3807 2097 μὲν
3864 2030 4020 2096 αύτῷ

2438 2116 2705 2186 μάστιγας
2769 2116 3094 2186 παμπόλλας
3156 2119 3472 2188 ἐπήγαγεν,
3525 2115 3642 2172 εἶτα
3697 2119 4019 2182 ὀϐελίσκους

2434 2203 2819 2274 πυρακτώσας,
2856 2204 2950 2257 καὶ
2983 2206 3100 2268 ταῖς
3129 2207 3304 2276 χερσὶ,
3337 2208 3430 2260 καὶ
3462 2211 3571 2272 τοῖς
3601 2211 3748 2271 ποσὶ,
3784 2212 3876 2262 καὶ
3903 2211 4019 2270 τοῖς

2433 2294 2623 2359 νώτοις
2668 2296 2933 2366 ἐπέθηκεν
2960 2312 2973 2326 ο
3020 2295 3208 2350 ἔπειτα
3240 2298 3531 2369 καθείρξας
3559 2302 3614 2353 ἐν
3639 2300 3716 2369 τῷ
3760 2301 4015 2372 θαλάμῳ,

2435 2387 2528 2440 καὶ
2571 2387 2795 2458 κλεῖθρα
2826 2387 3022 2452 ἔξωθεν
3055 2389 3282 2452 ἐπιθεὶς.
3322 2392 3402 2455 εἰς
3447 2392 3544 2461 τὴν
3602 2394 3818 2463 Δάφνην
3853 2392 4014 2466 [lZi'i‘1

2433 2478 2652 2550 ἀνῆλθε.
2685 2478 2870 2531 Ταῦτα
2895 2477 3006 2547 ἐγὼ
3029 2479 3122 2532 τοῦ
3153 2480 3346 2551 ἀνδρὸς
3380 2482 3686 2552 πρεσϐύτου
3716 2484 3819 2553 ἤδη
3851 2501 4015 2551 γεγοο

2433 2570 2580 2632 νότος
2597 2570 2954 2640 διηγουμένου
2970 2571 3203 2642 ἀκήκοα.
3223 2572 3578 2642 Προστίθεικε
3606 2574 3664 2626 δέ
3694 2577 3784 2626 καὶ
3811 2575 4013 2636 ταῦτα,

2433 2659 2511 2724 ὡς
2535 2660 2719 2724 ἔνθους
2749 2659 3058 2730 γενόμενος,
3099 2661 3194 2714 καί⁵
3225 2661 3376 2724 θείας
3405 2663 3625 2734 χάριτος
3652 2666 4014 2735 ἐμπλησθεὶς,

2435 2748 2717 2819 συνέτριψε
2765 2749 2864 2818 μὲν
2897 2751 3111 2804 ἅπαντα
3135 2751 3201 2804 τὰ
3232 2751 3326 2804 τοῦ
3359 2753 3565 2823 πατρὸς
3614 2754 3830 2819 είδωλα,
3868 2755 4017 2810 ἐκω-

2437 2839 2602 2910 μῲδει
2624 2839 2681 2893 δὲ
2720 2840 2896 2893 αὐτῶν
2942 2840 3038 2910 τὴν
3072 2841 3372 2895 ἀσθένειαν.
3404 2843 3670 2914 ’Υστερον
3691 2845 3748 2897 δὲ
3778 2847 3858 2909 είς
3888 2848 4019 2900 νοῦν

2433 2931 2613 2985 λαϐὼν
2642 2933 2777 3003 ὅπερ
2807 2932 3054 3003 ἔδρασεν,
3088 2933 3258 3010 ἔδεισέ
3301 2951 3357 2986 τε
3388 2935 3485 3004 τὴν
3517 2935 3608 2988 τοῦ
3639 2937 3847 3009 πατρὸς
3875 2957 4022 3008 παρ·

2433 3021 2639 3088 ουσίαν,
2664 3021 2755 3074 καὶ
2779 3020 2868 3073 τὸν
2887 3021 3161 3092 Δεσπότην
3190 3020 3424 3091 Χριστὸν
3455 3022 3774 3093 ήντιΰόλησε
3797 3024 4018 3087 νεῦσαι,

2434 3113 2528 3167 καὶ
2546 3112 2835 3183 συντρίψαι
2859 3112 2925 3166 τά
2946 3111 3185 3182 κλεῖθρα,
3211 3113 3421 3176 καὶτὰς
3449 3114 3617 3184 θύρας
3645 3115 4015 3170 ἀναπετάσαι·

769 3208 906 3262 elavi
940 3205 1266 3280 [basterna],
1309 3183 1506 3262 iterum
1549 3183 1776 3262 deduxit
1805 3205 1872 3262 ad
1919 3205 2164 3260 divinum
2218 3204 2330 3260 lle-
2359 3183 2404 3246 (ἶ

2359 3183 2404 3246 c
2440 3221 2458 3255 ι
2498 3203 2598 3257 Σοῦ
2624 3204 2732 3274 γὰρ
2758 3203 2822 3275 δή
2851 3205 3032 3272 ἑνεκα,
3057 3205 3182 3276 ἐφη,
3221 3205 3392 3259 ταῦτα
3425 3183 3670 3262 πέπονθά
3700 3225 3758 3261 τε
3799 3211 3892 3262 καὶ
3923 3211 4020 3265 δέ-

771 3300 997 3353 letium:
1041 3299 1090 3354 is
1139 3305 1322 3352 autem
1371 3296 1599 3368 Cyrillo,
1650 3296 2154 3367 Hierosolymorum
2203 3301 2334 3349 tunc
2428 3298 2437 3347 ί

2428 3297 2626 3368 δρακα.
2656 3315 2675 3349 ι
2707 3295 2892 3350 Ταῦτά
2917 3313 3040 3367 μου,
3061 3295 3187 3367 ἐφη,
3211 3295 3480 3365 λέγοντος,
3509 3299 3732 3364 ἐξέπεσε
3748 3299 3792 3331 δ’
3821 3301 3923 3369 μὶν
3951 3303 4020 3353 τά

768 3391 1049 3461 episcopo,
1069 3405 1156 3445 me
1180 3389 1424 3445 tradidit.
1439 3391 1614 3460 Atque
1631 3390 1704 3443 ita
1723 3397 1884 3443 nocte
1904 3387 2130 3458 profecti
2147 3400 2335 3442 sumus
2426 3405 2434 3440 :

2426 3387 2670 3458 κλεῖθρα,
2695 3386 3041 3458 ἀνεῴχθησαν
3069 3387 3128 3440 δὲ
3158 3389 3213 3442 αί
3259 3388 3420 3459 θύραι
3439 3406 3453 3419 ·
3473 3387 3584 3457 ἐγὼ
3607 3389 3662 3441 δὲ
3696 3390 3855 3443 πάλιν
3879 3392 4019 3460 πρὸς

771 3485 826 3535 in
856 3480 1224 3535 Palaestinam.
1259 3479 1387 3535 Post
1419 3487 1646 3535 mortem
1672 3494 1837 3549 porro
1875 3475 2103 3543 Juliani,
2125 3485 2334 3547 patrem
2429 3493 2437 3508 ·

2429 3474 2526 3543 τὴν
2571 3473 2891 3527 διδάσκαλον
2921 3474 3174 3545 ἔδραμον.
3219 3477 3280 3528 Ἥ
3315 3477 3372 3530 δὲ
3404 3478 3588 3548 σχῆμά
3634 3496 3723 3548 μοι
3755 3481 4019 3547 γυναικὸς

767 3584 988 3639 quoque
1010 3585 1171 3625 suum
1206 3570 1273 3624 ad
1292 3585 1475 3624 veram
1495 3569 1810 3639 religionem
1831 3569 2108 3640 perduxit.
2131 3568 2263 3622 Nam
2281 3575 2338 3623 et
2429 3588 2433 3601 ι

2429 3565 2733 3635 περιθεῖσα,
2771 3566 2862 3618 καὶ
2917 3567 3014 3635 σὺν
3041 3568 3175 3638 αὐτῇ
3207 3584 3270 3636 γε
3320 3569 3399 3631 είς
3432 3569 3529 3639 τὴν
3562 3571 3819 3641 καμάραν
3874 3571 4016 3624 καθ-

770 3662 875 3716 hoc
890 3661 1053 3715 etiam
1071 3660 1231 3716 nobis
1260 3661 1400 3716 inter
1427 3669 1624 3716 caetera
1655 3663 1922 3717 narravit.
1940 3660 2218 3732 Sicigitur
2244 3659 2335 3714 isti
2433 3686 2436 3694 ι

2433 3657 2618 3721 ίσασα,
2641 3658 2719 3727 τῷ
2747 3656 2874 3728 θείῳ
2908 3675 2975 3728 με
3009 3657 3170 3712 πάλιν
3193 3658 3438 3731 Μελετίῳ
3471 3663 3820 3733 προσήγαγεν
3849 3679 3861 3691 ·
3899 3664 3926 3715 ό
3962 3663 4019 3716 δέ

773 3755 838 3813 ad
858 3754 950 3810 Dei
968 3756 1338 3825 cognitionem
1353 3755 1520 3810 delati
1541 3755 1736 3812 salutis
1750 3757 2045 3829 participes
2064 3755 2192 3811 facti
2210 3761 2358 3810 sunt.
2425 3770 2439 3801 η

2352 3795 2358 3808 .
2425 3752 2502 3824 τῷ
2548 3753 2657 3806 τῶν
2693 3752 3080 3824 Ἱεροσολύμων
3113 3771 3180 3824 με
3211 3755 3523 3822 παρέδωκεν
3554 3758 3857 3827 ἐπισκόπῳ·
3900 3759 4018 3810 Κύ-

777 3846 956 3913 ριλλος
1016 3845 1073 3898 δέ
1139 3843 1439 3916 τηνικαῦτα
1473 3842 1540 3916 ἦν
1565 3863 1578 3877 ·
1623 3847 1718 3899 καὶ
1760 3845 1903 3900 οὕτω
1949 3847 2164 3915 νύκτωρ
2205 3845 2284 3906 είς
2331 3841 2428 3912 τὴν
2478 3842 2841 3910 Παλαιστίνην
2881 3842 3243 3914 ὡρμήσαμεν.
3299 3845 3452 3897 Μετὰ
3494 3845 3550 3898 δέ
3588 3862 3685 3916 την
3719 3844 4018 3899 Ἰουλιανοῦ

773 3936 1046 4008 τελευτὴν,
1091 3939 1184 3990 καὶ
1235 3938 1323 3990 τὸν
1357 3939 1568 4010 πατέρα
1607 3934 1756 4003 οὗτος
1797 3939 1932 4008 πρὸς
2001 3939 2098 4009 τήν
2145 3935 2403 4009 ἀλήθειαν
2430 3935 2752 4006 ἑποδήγησε.
2805 3935 2914 3988 Καὶ
2964 3937 3122 3990 τοῦτο
3168 3939 3277 4008 γάρ
3321 3939 3466 4008 ήμᾶς
3524 3941 3660 4006 μετὰ
3693 3940 3800 3990 τῶν
3835 3940 4019 3993 ἄλλων

774 4026 998 4091 ἐδίδαξε.
1035 4027 1239 4080 Τοῦτον
1290 4029 1387 4099 μὲν
1418 4029 1480 4101 δὴ
1529 4031 1619 4085 τὸν
1663 4030 1859 4101 τρόπον
1912 4023 2058 4083 οὗτοι
2115 4029 2252 4101 πρὸς
2308 4027 2637 4097 θεογνωσίαν
2684 4025 3099 4096 ποδηγηθέντες,
3129 4028 3225 4098 τῆς
3256 4030 3529 4099 σωτηρίας
3561 4029 3876 4099 μετέλαχον.

1033 4118 1222 4175 'CAP.
1251 4120 1340 4176 XI.
1378 4122 1460 4193 [Β.
1500 4121 1579 4177 St.
1610 4122 1672 4176 ν.
1709 4123 1794 4178 l5.
1825 4123 1926 4179 Ch.
1963 4122 2077 4195 LL]
2650 4146 2652 4148 ·

1743 4123 1794 4178 5.
1825 4123 1926 4179 Ch.
1963 4122 2077 4195 14.]
2650 4146 2652 4148 -
3031 4120 3282 4173 ΚΕΦΑΛ.
3309 4121 3409 4172 lA'.

848 4211 920 4267 De
955 4210 1237 4266 Juventino
1264 4221 1313 4266 el
1343 4212 1656 4282 Maximino,
1693 4217 1892 4269 sanctis
1918 4216 2260 4289 martyribus.
2432 4216 2514 4280 Πε

2432 4212 2568 4280 Περὶ
2597 4213 2702 4266 τοῦ
2729 4210 3122 4266 Ἰουσεντίνου
3143 4211 3240 4297 καί
3256 4211 3613 4280 Μαξψίνου,
3633 4210 3750 4264 τῶν
3766 4213 3956 4282 ἁγίων
3979 4212 4024 4242 ⁸⁸

3042 4297 3380 4350 μαρτυρίαν.

837 4375 940 4430 Sed
968 4375 1218 4433 Julianus
1247 4378 1500 4434 licentius
1522 4379 1635 4450 jam
1663 4388 1714 4435 et
1735 4378 2108 4450 impudentius
2140 4385 2335 4433 contra

2515 4373 2794 4436 Ἰουλιανὸς
2825 4373 2878 4426 δὲ
2906 4373 3367 4444 παρρησιαίτερον
3393 4375 3461 4436 ⁸⁸,
3491 4375 3690 4445 μᾶλλον
3711 4375 3769 4428 δέ
3791 4375 3836 4407 ³¹
3865 4377 4018 4430 ἀναι-

773 4469 1028 4537 pietatem
1065 4469 1402 4537 armabatur,
1434 4472 1669 4542 speciem
1708 4473 1930 4543 quidem
1982 4470 2338 4540 benignitatis
2430 4466 2439 4514 ε

2430 4465 2680 4535 δέστερον
2710 4465 2849 4517 κατά
2881 4463 2980 4533 τῆς
3035 4463 3314 4526 εύσεὸείας
3346 4463 3391 4495 ⁸³
3419 4462 3705 4530 ὡπλίζετο,
3741 4465 3803 4518 τὸ
3829 4466 3878 4497 ³⁵
3914 4469 4017 4536 μὶν

775 4574 885 4628 pra:
917 4575 975 4614 se
1011 4559 1211 4624 ferens,
1251 4562 1344 4616 sed
1386 4564 1612 4632 laqueos
1642 4563 1896 4627 tendens,
1933 4573 1986 4617 et
2012 4562 2171 4628 retia,
2213 4576 2333 4631 quae
2365 4573 2441 4663 θ’

2365 4608 2407 4663 n
2433 4556 2531 4625 τῆς
2570 4553 2867 4617 ἐπιεικείας
2901 4553 3282 4624 περικείμενος
3331 4557 3696 4623 προσωπεῖον,
3740 4556 3923 4622 πάγας
3959 4557 4018 4610 ἃ

774 4651 1071 4719 impietatis
1132 4653 1302 4708 exitio
1360 4655 1617 4725 deceptos
1674 4655 2032 4710 involverent.
2088 4652 2333 4707 Primum
2365 4644 2440 4700 "1

2365 4644 2407 4663 "
2437 4647 2854 4711 κατασκευάζων
2889 4647 2982 4699 καὶ
3016 4645 3285 4716 θήρατρα,
3315 4645 3450 4716 πρὸς
3480 4644 3570 4697 τὸν
3625 4645 3722 4714 τῆς
3756 4645 4015 4708 ἀσεϐείας

772 4741 918 4795 enim
961 4741 1158 4808 fontes,
1193 4746 1283 4814 qui
1335 4746 1387 4800 in
1430 4749 1582 4811 urbe,
1620 4753 1674 4801 et
1727 4747 1820 4816 qui
1883 4746 2023 4815 apud
2060 4743 2336 4815 Daphnem
2434 4744 2438 4785 έ

2434 4737 2652 4809 ὀλεθρον
2704 4739 2828 4800 τοὺς
2888 4734 3345 4804 ἐξαπατωμένους
3402 4735 3724 4804 ἀγρεύοντα.
3788 4735 4016 4803 Πρῶτον

773 4839 951 4896 erant,
987 4833 1324 4890 detestandis
1369 4835 1657 4890 sacriﬁciis
1687 4835 1899 4906 polluit,
1934 4843 1993 4888 ut
2041 4836 2132 4905 qui
2179 4835 2338 4904 aquis
2437 4869 2439 4896 ς

2437 4827 2535 4898 μὲν
2565 4829 2609 4859 ⁵⁵
2639 4827 2747 4897 γὰρ
2776 4826 2872 4888 τάς
2903 4827 2958 4880 ἐν
3002 4825 3081 4896 τῷ
3117 4825 3292 4889 ἄστει,
3322 4825 3417 4878 καὶ
3458 4826 3554 4889 τὰς
3600 4827 3656 4877 ἐν
3685 4824 3874 4898 Δάφνῃ
3911 4844 4016 4895 πη-

774 4929 1081 4989 uterentur,
1115 4923 1277 4995 930
1299 4925 1763 4979 abominationem
1788 4923 2204 4995 participarent.
2238 4922 2338 4977 De-

774 5012 899 5067 inde
950 5029 1072 5082 quaa
1127 5014 1180 5068 in
1235 5015 1352 5070 foro
1419 5017 1740 5086 prostabant
1804 5016 2018 5086 piaculo
2086 5014 2332 5084 replevit.

771 5103 1213 5172 Aspergebantur
1242 5110 1384 5161 enim
1409 5116 1462 5162 et
1492 5123 1682 5177 panes,
1705 5114 1754 5161 et
1781 5119 1997 5167 carnes,
2024 5112 2076 5159 et
2100 5105 2333 5169 fructus,

772 5199 828 5247 et
859 5193 1026 5261 olera,
1055 5203 1109 5248 et
1145 5197 1248 5250 alia
1283 5195 1566 5252 esculenta
1605 5198 1806 5252 omnia.
1837 5195 1994 5262 .Qua:
2047 5209 2171 5249 cum
2208 5210 2326 5248 cer-

772 5295 966 5340 nerent
1013 5286 1211 5357 quibus
1246 5304 1275 5342 a
1318 5288 1601 5345 Salvatore
1660 5288 1893 5346 imlitum
1953 5293 2038 5341 est
2092 5300 2325 5350 nomen,

2434 4917 2534 4983 γάς
2577 4919 2697 4979 ταῖς
2745 4918 3014 4987 μυσαραῖς
3069 4914 3280 4978 θυσίαις
3330 4914 3622 4984 ἐμόλυνεν,
3683 4914 3748 4968 ἶν’
3780 4915 4019 4978 ἕκαστος

2428 5007 2723 5064 ἀπολαύων
2768 5006 2861 5060 τοῦ
2913 5008 3148 5078 νάματος
3204 5025 3296 5060 του
3346 5008 3549 5076 μύσους
3603 5007 4014 5078 μεταλαγχάνῃ.

2444 5102 2674 5155 Ἔπειτα
2703 5099 2756 5153 δὲ
2781 5100 2874 5153 καὶ
2903 5099 2970 5152 τά
3011 5100 3149 5154 κατά
3177 5101 3271 5172 τὴν
3321 5099 3525 5168 ἀγοράν
3553 5099 3888 5169 προκείμενα
3918 5102 4017 5154 τοῦ

2442 5193 2746 5264 μιάσματος
2777 5192 3102 5262 ἐνεπίμπλα.
3150 5190 3599 5262 Περιερῤαίνοντο
3651 5189 3757 5259 γὰρ
3791 5192 3886 5243 καὶ
3917 5193 4019 5262 ἂρ-

2437 5301 2538 5349 τοι,
2555 5284 2648 5337 καὶ
2668 5284 2826 5356 κρέα,
2848 5285 2946 5339 καὶ
2967 5285 3176 5355 ὀπῶραι
3201 5284 3268 5349 ⁸⁸,
3303 5283 3393 5335 καὶ
3421 5282 3646 5351 λάχανα,
3665 5283 3752 5334 καὶ
3781 5282 3949 5336 τᾶλλα
3969 5286 4013 5317 ’τ

2050 5467 2285 5526 ΥΑΒΙᾸί
2315 5469 2710 5527 LECTIONES.

836 5623 881 5656 δ’
905 5623 1182 5690 ἐξέπεσαν.
1216 5623 1402 5678 ιΒαείι.
1447 5624 1543 5680 Gr.

770 5693 940 5767 codex
997 5712 1023 5767 :_
1062 5694 1562 5767 παρρησιάστερονζ
1651 5693 2042 5767 ⁸’καί.²Β;ιεὶι.
2103 5696 2195 5752 Gr.

1659 5625 1705 5656 '°
1746 5626 2033 5698 Ῥωμαίων
2081 5627 2279 5682 habent
2321 5633 2528 5681 caetera
2578 5627 2733 5682 editt.
2836 5626 2955 5682 "lt;

1659 5694 1696 5725 "
1719 5698 1833 5768 καί.
1864 5697 2042 5768 ‘Basil.
2103 5696 2195 5752 Gr.
2303 5696 2646 5768 ⁸ξάληθτίωις.
2685 5697 2872 5768 Steph.
2903 5697 2955 5750 2.

2836 5628 2878 5659 "
2905 5626 2982 5682 Ita
3022 5636 3077 5682 et
3109 5627 3300 5697 Steph.
3326 5626 3428 5682 Sed
3449 5624 3622 5697 Basil.
3651 5623 3749 5697 pr.
3793 5625 4014 5697 ct__Pini

3065 5697 3111 5730 “
3281 5697 3399 5769 μέν.
3447 5693 3732 5753 Basil.Gr.
3836 5694 3883 5726 ⁸⁸
3911 5695 4015 5764 μέν

774 5761 926 5818 abest
977 5764 1046 5820 ab
1095 5761 1303 5818 eodem.
1383 5761 1665 5837 ⁸⁸’ὸπῶρα.
1719 5765 1882 5823 Basil.
1925 5767 2017 5824 Gr.
2099 5770 2142 5800 "
2176 5769 2273 5823 ὅσα
2315 5761 2472 5822 άλλαξ
2511 5769 2652 5823 Idem
2694 5761 2815 5823 cum
2844 5767 3034 5839 Steph.
