4218 6456
224 439 359 507 ιῖἶδ

1175 443 1761 508 ECCLESIASTICAE
1810 398 2193 504 IlISTDRI.E
2235 448 2378 508 LIB.
2413 449 2527 507 ιιι.

3343 442 3479 506 ιιιι

219 554 286 625 τῇ
325 551 676 625 μακροθυμίᾳ
705 552 780 625 μὴ
811 555 1299 627 σωφρονιζομίνων
1326 558 1392 627 τῇ
1409 554 1549 626 θεία,
1582 553 1801 624 πρῶτον

1905 554 2164 623 patientia
2202 556 2605 625 resipiscerent,
2642 558 2875 625 primum
2907 565 3066 613 terra:
3090 563 3273 610 motus
3302 554 3477 608 factus

221 648 321 720 μὲν
384 644 606 715 σεισμὸς
652 645 869 713 ἐγένετο
901 646 1176 717 μέγιστος,
1212 648 1306 701 καὶ
1348 647 1474 710 τοὺς
1517 645 1798 708 παντελῶς

222 739 499 807 ἀμυήτους
525 738 635 789 τῶν
665 736 823 792 θείων
862 738 1044 803 ίκανδς
1086 737 1428 809 καταπλῆξαι
1456 738 1523 791 ⁵⁷.
1580 736 1795 808 Ἐπειδὴ

220 827 274 881 5‘s
311 830 412 881 οὐκ
442 827 674 890 ἔδεισαν,
710 827 818 898 πῦρ
869 829 932 881 ἐκ
976 828 1085 880 τῶν
1119 827 1500 899 ὀρυσσομένων
1530 825 1797 897 θεμελίων

219 919 535 990 ἀναδραμὸν
570 919 854 982 πλείστους
878 920 988 972 τῶν
1028 920 1366 991 ὀρυττόντων
1388 918 1699 990 κατέπρησε
1727 916 1795 982 ’⁸,

219 1012 348 1073 τοὺς
374 1010 429 1062 δὲ
455 1008 646 1072 ἄλλους
672 1008 952 1062 ἐσκέδασε.
989 1010 1096 1063 Καὶ
1127 1010 1342 1081 νύκτωρ
1374 1008 1429 1062 δέ
1461 1006 1798 1078 παμπόλλων

219 1104 280 1153 ἓν
298 1119 407 1153 τινι
429 1086 736 1171 πελαζούσης]
773 1100 1138 1154 καθευδόντων
1170 1102 1319 1171 στοᾷ,
1356 1098 1663 1169 κατηνέχθη
1697 1098 1795 1168 μὲν

219 1193 435 1261 ἁθῷως
476 1195 572 1245 σὺν
602 1192 680 1261 τῷ
708 1191 890 1262 ὀρόφῳ
919 1192 980 1245 τὸ
1008 1192 1365 1262 οἰκοδόμημα,
1396 1189 1547 1262 [14⁸5]
1588 1189 1711 1253 τοὺς
1741 1189 1798 1243 δέ

218 1284 581 1346 καθεύδοντας
612 1285 915 1355 συνέχωσεν
942 1283 1208 1348 ἅπαντας.
1233 1284 1391 1337 Κατά
1425 1283 1481 1337 δέ
1505 1282 1602 1354 τὴν
1627 1281 1798 1352 αὐτὴν

220 1377 414 1439 νύκτα,
445 1378 537 1429 καὶ
568 1374 632 1430 αὖ
657 1379 819 1431 πάλιν
842 1381 907 1449 τῇ
931 1378 1212 1448 ὑστεραίᾳ.
1246 1375 1400 1446 ῶςθη
1419 1374 1569 1444 ἐντῷ
1585 1372 1799 1444 ούρανῷ

217 1464 313 1517 τοῦ
352 1468 620 1536 σωτηρίου
653 1467 887 1541 σταυροῦ
906 1468 965 1519 τ’)
997 1467 1183 1535 σχῆμα
1216 1464 1632 1535 φωτοειδὲς,καὶ
1660 1464 1800 1517 αὐτὰ

308 1556 378 1609 τὰ
410 1558 456 1590 ⁹⁹
484 1559 594 1611 τῶν
638 1560 908 1613 Ἰουδαίων
937 1557 1220 1627 ἐσθήματα
1260 1556 1509 1624 σταυρῶν
1562 1554 1800 1625 ἐπεπλή-

221 1665 387 1716 ρωτο,
414 1650 623 1703 οὐκέτι
656 1651 842 1721 μέντοι
893 1650 1222 1720 φωτοειδῶν,
1269 1648 1383 1701 ἀλλ’
1435 1649 1498 1701 ἐκ
1542 1646 1800 1717 μελαίνης

221 1740 758 1810 κατεσκευασμένων
788 1742 999 1812 χροιᾶς.
1044 1740 1229 1793 Ταῦτα
1259 1740 1308 1792 οἱ
1340 1738 1571 1792 ἀντίθεοι
1606 1738 1802 1792 θεασά-

224 1850 402 1902 μενοι,
441 1835 534 1887 καὶ
580 1835 678 1899 τὰς
710 1835 1004 1906 θεηλάτους
1060 1835 1333 1905 μάστιγας
1366 1826 1797 1905 ὀρρῶδήσαντες,

1905 650 1988 696 est
2020 644 2315 708 maximus,
2373 648 2465 715 qui
2526 647 2608 700 vel
2663 662 2846 701 rerum
2900 650 3209 703 divinarum
3249 643 3478 699 rudibus

1906 740 2170 789 terrorem
2204 745 2414 806 poterat
2455 737 2701 793 incutere
2744 757 2755 792 :
2794 747 2847 792 et
2887 740 3013 807 quia
3056 755 3161 793 non
3196 736 3479 792 terreban-

1905 834 2018 892 tur,
2053 826 2194 896 ignis
2228 845 2291 884 ex
2326 827 2564 884 defossis
2622 830 2997 886 fundamentis
3031 844 3326 898 erumpens
3364 826 3477 897 plc-

1906 934 2110 990 rosque
2161 920 2438 976 fossorum
2484 923 2721 987 exussit,
2749 924 2999 994 reliquos
3032 922 3087 976 in
3125 921 3305 989 fugam
3341 919 3475 988 egit.

1905 1010 2079 1067 Noctu
2113 1013 2277 1067 etiam
2316 1014 2369 1068 in
2405 1016 2580 1071 vicina
2613 1017 2826 1087 porticu
2871 1016 3274 1071 dormientibus
3308 1011 3479 1082 pluri-

1906 1106 2034 1170 mis,
2060 1106 2362 1175 collapsum
2388 1123 2510 1161 cum
2555 1124 2657 1164 suo
2696 1117 2839 1165 tecto
2869 1108 3151 1165 aedificium
3192 1108 3479 1162 universos

1907 1198 2197 1267 oppressit.
2236 1197 2548 1268 Eademque
2602 1202 2692 1255 illa
2746 1209 2930 1267 nocte,
2985 1200 3241 1256 salutaris
3298 1196 3481 1253 crucis

1906 1289 2147 1343 lucidum
2171 1292 2222 1343 in
2244 1292 2384 1346 ccelo
2402 1292 2618 1362 signum
2642 1294 2914 1364 apparuit,
2934 1291 3244 1348 Judzeoruni
3264 1304 3483 1361 quoque

1904 1388 2088 1434 vestes
2117 1381 2248 1449 ipsa:
2279 1384 2540 1439 crucibus
2574 1383 2785 1438 referta:
2816 1393 2945 1439 sunt
2979 1400 3088 1439 non
3123 1383 3317 1437 lucidis
3355 1381 3479 1451 qui.

1907 1470 2051 1550 dem,
2086 1472 2179 1527 sed
2216 1480 2337 1528 atro
2366 1475 2552 1531 colore
2589 1475 2836 1532 suffusis.
2890 1476 3020 1543 Quae
3072 1484 3360 1531 cernentes
3388 1472 3479 1534 Dei

1908 1562 2230 1627 adversarii,
2266 1566 2639 1622 immissarum
2672 1584 2702 1622 a
2737 1568 2844 1622 Deo
2886 1569 3164 1638 plagarum
3203 1572 3351 1620 metu
3377 1561 3484 1618 dif-

1910 1652 2187 1723 fugerunt,
2224 1654 2392 1709 Deum
2426 1671 2549 1711 esse
2584 1660 2840 1723 fatentes,
2871 1672 3030 1726 quem
3066 1655 3299 1725 majores
3336 1655 3483 1722 ipso-

1909 1761 2028 1799 rum
2061 1748 2209 1802 cruci
2243 1747 2549 1803 allis-erant.
2585 1749 2775 1804 Audiit
2821 1750 2939 1804 haec
2990 1747 3265 1811 Julianus,
3317 1745 3486 1815 938

1910 1838 1963 1891 in
1994 1840 2236 1893 omnium
2288 1841 2431 1895 enim
2486 1856 2581 1895 ore
2638 1839 3022 1904 versabantur,
3068 1838 3162 1895 sed
3209 1835 3377 1892 corde
3427 1843 3484 1888 ut

220 1927 542 1997 ἀπέδρασάν
570 1946 627 1981 τε
658 1928 753 1982 καὶ
779 1928 847 1982 τὰ
874 1930 1048 1982 οίκεία
1088 1928 1407 1992 κατέλαϐον,
1447 1928 1581 1981 Θεὸν
1606 1926 1799 1997 ὁμολο-

1906 1926 2119 1984 Pharan
2152 1934 2428 2002 quondam
2452 1932 2736 1987 obduruit.

220 2020 451 2085 γοῦντες
502 2021 593 2074 τὸν
625 2020 729 2074 ὑπὸ
757 2020 865 2074 τῶν
898 2021 1178 2092 προγόνων
1219 2018 1295 2091 τῷ
1340 2019 1482 2091 ξύλῳ
1511 2018 1951 2091 προσηλωθέντα.
1985 2022 2173 2078 Ταῦτα
2220 2024 2422 2095 ἤκουσε
2488 2026 2589 2097 μὲν
2664 2023 2975 2089 Ἰουλιανὸς,
3044 2023 3195 2097 παρὰ
3266 2023 3483 2078 πάντων

221 2114 333 2186 γὰρ
362 2115 539 2185 ᾔδετο,
576 2118 653 2184 τῷ
690 2114 746 2167 δὲ
775 2115 974 2185 Φαραῶ
1009 2114 1409 2186 παραπλησίως
1443 2112 1543 2183 τὴν
1568 2113 1799 2183 καρδίαν
1836 2114 2190 2188 ἐσκλήρυνεν·
2836 2126 2837 2129 Ἴ

796 2210 1048 2264 ΚΕΦΑΛ.
1124 2211 1240 2275 l7.

472 2304 605 2373 Περὶ
643 2303 752 2371 τῆς
782 2303 929 2359 κατὰ
962 2288 1211 2373 Περσῶν
1243 2304 1578 2372 στρατείας.

306 2392 528 2463 Ἐπειδὴ
579 2395 635 2446 δὲ
686 2395 889 2464 Πέρσαι
929 2393 1029 2463 τὴν
1076 2395 1460 2472 Κωνσταντίου
1512 2390 1804 2465 πυθόμενοι

220 2486 479 2557 τελευτὴν
510 2486 846 2559 ἐθάρρησαν,
889 2490 984 2540 καὶ
1023 2487 1103 2550 είς
1137 2487 1264 2550 τοὺς
1314 2487 1604 2556 Ῥωμαίων
1647 2487 1804 2558 ὄρους

218 2577 485 2643 ἀφίκοντο
530 2577 768 2649 πόλεμον
820 2577 1324 2647 προσαγγείλαντες
1358 2578 1399 2653 ³,
1436 2577 1614 2645 ἔδοξεν
1655 2578 1803 2650 αύτῷ

217 2670 541 2739 συναγεῖραι
577 2668 677 2737 τὴν
726 2668 1017 2739 στρατιὰν,
1075 2669 1169 2722 τὸν
1209 2668 1419 2742 ταύτης
1471 2670 1572 2724 οὐκ
1626 2670 1805 2742 ἔχοντι

216 2761 534 2831 πρόμαχον.
576 2761 808 2832 Πέμψας
835 2762 891 2815 δέ
934 2762 1015 2825 εἰς
1047 2761 1305 2831 Δελφοὺς,
1339 2762 1433 2817 καὶ
1466 2763 1659 2833 Δῆλον,
1714 2765 1807 2817 καὶ

216 2852 488 2924 Δωδώνην
510 2854 552 2919 ³,
597 2853 694 2907 καὶ
726 2856 792 2907 τά
840 2854 975 2909 ἀλλα
1020 2855 1348 2926 χρηστήρια,
1387 2855 1434 2907 εί
1468 2854 1575 2925 χρὴ
1641 2871 1807 2925 στρα-

214 2944 401 2998 τεύειν
434 2945 696 3017 ἐπηρώτα
724 2947 850 3011 τοὺς
878 2946 1120 3017 μάντεις.
1163 2947 1229 2999 Ol
1263 2945 1319 2999 δὲ
1363 2946 1457 2999 καὶ
1486 2947 1807 3018 στρατεύειν

216 3038 498 3098 ἐκέλευον,
550 3040 643 3091 καὶ
690 3038 1049 3109 ὑπισχνοῦντο
1080 3039 1179 3106 τὴν
1218 3038 1396 3108 νίκην.
1438 3038 1572 3093 Ἕνα
1605 3037 1662 3091 δὲ
1696 3037 1807 3092 τῶν

216 3130 488 3199 χρησμῶν
524 3132 603 3195 είς
633 3132 858 3201 ἔλεγχον
908 3132 1001 3186 τοῦ
1027 3131 1260 3197 ψεύδους
1299 3131 1515 3202 ἐνθήσω
1564 3134 1633 3202 τῇ
1672 3148 1804 3198 συγ·

216 3224 432 3292 γραφῇ.
469 3224 627 3276 Ἐστι
678 3224 735 3277 δὲ
779 3217 965 3287 οὗτος·
1007 3224 1138 3279 Νῦν
1174 3223 1397 3289 πάντες
1447 3223 1804 3293 ὡρμήθημεν

2158 2213 2310 2270 CAP.
2350 2214 2489 2270 XVI.
2529 2214 2612 2287 [Β.
2643 2215 2723 2271 St.
2752 2214 2818 2271 ν.
2846 2215 2937 2270 21.
2969 2213 3074 2269 Ch.
3121 2211 3233 2283 18]

2303 2306 2379 2362 De
2410 2307 2740 2377 expeditione
2770 2308 2823 2361 in
2859 2305 3073 2360 Persas.

1972 2396 2109 2452 Cum
2159 2398 2342 2453 audita
2400 2408 2574 2456 morte
2623 2399 2936 2455 Constantii
2987 2399 3310 2454 audaciores
3358 2397 3482 2453 facti

1904 2486 2085 2544 Persae
2130 2489 2491 2561 irruptionein
2527 2481 2917 2546 indicto'bello
2954 2490 3197 2547 facerent
3243 2492 3297 2545 in
3351 2492 3487 2545 lines

1899 2579 2300 2644 Romanorum,
2331 2580 2640 2637 faciendum
2687 2582 2908 2637 Juliano
2939 2584 3117 2637 visum
3173 2590 3282 2649 est,
3310 2598 3487 2653 quan—

1908 2688 2073 2744 quam
2111 2682 2519 2744 propugnatore
2563 2674 2808 2738 carebat,
2840 2681 2899 2728 ut
2922 2675 3225 2729 exercitum
3266 2688 3487 2745 compa-

1874 2770 1877 2775 '
1909 2772 2074 2819 rarct.
2109 2763 2366 2836 Misitque
2400 2764 2657 2837 Delphos,
2692 2767 2825 2821 etin
2859 2764 3071 2831 Delum,
3102 2778 3157 2822 et
3184 2765 3486 2828 Dodonam,

1909 2866 1963 2916 et
1985 2858 2053 2913 ad
2090 2858 2197 2912 alia
2227 2859 2473 2924 oracula,
2504 2858 2598 2929 qui
2625 2866 2779 2914 vates
2808 2859 3189 2922 consulerent,
3224 2875 3292 2912 an
3326 2871 3491 2926 expc-

1909 2946 2175 3003 ditioncm
2216 2946 2440 3019 aggredi
2487 2946 2730 3003 deberet.
2764 2948 2845 3002 Illi
2878 2964 3009 3004 vero
3042 2957 3096 3003 et
3131 2948 3332 3002 bellum
3374 2946 3488 3015 geri

1907 3038 2188 3107 iubebant,
2213 3050 2266 3093 et
2292 3038 2577 3093 victoriam
2620 3038 3045 3109 pollicebantur.
3081 3038 3259 3093 Unum
3297 3051 3399 3109 ego
3424 3053 3489 3092 cx

1915 3131 2001 3185 his
2025 3130 2265 3185 oraculis
2313 3131 2548 3187 inseram
2584 3131 2915 3197 narrationi,
2961 3140 3016 3185 ut
3062 3146 3250 3187 eorum
3277 3130 3493 3187 falsitas

1913 3226 2255 3279 rcvincatur.
2294 3223 2391 3279 Est
2422 3233 2603 3280 autem
2630 3225 2951 3295 huiusmodi
2982 3240 2995 3278 :
3023 3224 3214 3279 Parati
3243 3240 3384 3277 nunc
3414 3224 3493 3277 dii

216 3316 339 3369 θεοί
364 3315 546 3381 νίκης
570 3318 823 3383 τρόπαια
847 3318 1212 3386 κομίσασθαι
1242 3315 1401 3384 παρὰ
1450 3315 1593 3383 Θηρὶ
1625 3329 1803 3369 ποτα-

1912 3331 2089 3370 omnes
2121 3332 2321 3381 sumus,
2360 3326 2416 3369 ut
2468 3316 2702 3385 [eramus
2740 3327 2937 3384 tropcea
2980 3316 3137 3386 juxta
3169 3313 3361 3368 Ferant
3391 3314 3495 3383 ﬂu-

210 3408 305 3478 μῷ
325 3425 339 3439 ο
364 3408 485 3462 τῶν
512 3408 563 3461 δ’
581 3408 696 3478 ἐγὼ
719 3411 1103 3480 ἡγεμονεύσω
1120 3408 1335 3478 θοῦρος
1360 3411 1807 3478 πολεμόκλονος

219 3500 419 3567 Ἄρης.
459 3498 533 3551 Τὸ
557 3500 656 3569 μὲν
684 3494 779 3553 οὖν
811 3501 919 3553 τῶν
951 3499 1098 3553 ἐπῶν
1141 3500 1551 3568 καταγέλαστον
1609 3518 1809 3570 κωμῳο

214 3590 483 3643 δείτωσαν
510 3592 558 3644 oi
584 3591 762 3660 λόγιον
798 3591 919 3645 θεὸν
953 3594 1047 3645 καὶ
1076 3590 1183 3643 τῶν
1208 3590 1442 3645 Μουσῶν
1497 3591 1808 3661 ἀρχηγέτην

216 3683 307 3735 τὸν
338 3683 541 3737 Πύθιον
586 3683 978 3755 ὀνομάζοντες·
1032 3683 1143 3751 ἐγὼ
1198 3683 1256 3737 δέ
1302 3683 1469 3738 αὐτοῦ
1511 3683 1571 3735 τὸ
1612 3682 1808 3752 ψεῦδος

216 3774 419 3843 εὑρὼν,
447 3774 540 3828 τὸν
569 3775 985 3847 ἐξηπατημένον
1020 3775 1300 3848 ὀδύρομαι.
1344 3774 1514 3844 Θῆρα
1550 3775 1605 3829 δὲ
1643 3794 1808 3830 ποτα-

220 3870 321 3937 μὸν
350 3870 443 3922 τδν
491 3869 683 3939 Τίγριν
726 3869 1032 3939 ὠνόμασεν,
1071 3869 1371 3940 ἐπειδήπερ
1402 3869 1598 3923 τούτου
1627 3870 1647 3901 ³
1690 3870 1807 3923 ἐστὶ

218 3958 411 4028 θηρίον
445 3959 757 4029 ὁμώνυμον.
804 3952 972 4022 Οὗτος
1002 3959 1058 4011 δέ
1088 3961 1153 4012 ἐκ
1181 3960 1288 4012 τῶν
1318 3959 1630 4027 ’Ἀρμενίων
1678 3961 1807 4015 ἀνα⁹

216 4051 536 4104 ελυστάνων
568 4050 732 4120 ὀρῶν,
776 4052 871 4103 καὶ
918 4050 1008 4104 διὰ
1044 4051 1141 4119 τῆς
1184 4050 1484 4121 Ἀσσυρίας
1519 4052 1681 4121 ῥέων,
1728 4051 1807 4113 εἰς

217 4145 311 4195 τὸν
364 4142 637 4212 Περσικὸν
692 4142 968 4196 εἰσϐάλλει
1025 4142 1255 4219 κόλπον.
1324 4142 1463 4196 Ὺπὸ
1523 4142 1727 4196 τούτων
1778 4144 1807 4196 ὁ

216 4234 452 4297 δείλαιος
492 4233 842 4304 βουκοληθεὶς
892 4232 1000 4287 τῶν
1052 4233 1342 4305 χρησμῶν,
1381 4235 1473 4287 καὶ
1510 4234 1608 4304 τὴν
1649 4234 1807 4306 νίκην

216 4326 595 4397 ὠνειροπόλει,
621 4327 715 4379 καὶ
734 4325 873 4396 μετὰ
904 4325 1001 4396 τὴν
1025 4326 1304 4396 Περσικὴν
1338 4326 1520 4395 μάχην
1552 4326 1643 4379 τὸν
1672 4327 1807 4396 πρὸς

218 4424 347 4485 τοὺς
384 4421 699 4484 Γαλιλαίους
728 4419 1063 4490 ἐφαντάξετο
1104 4422 1365 4491 πόλεμον.
1406 4421 1549 4483 Τοὺς
1578 4421 1635 4473 δὲ
1672 4422 1809 4492 Χρι-

220 4515 475 4576 στιανοὺς
513 4513 835 4577 Γαλιλαίους
883 4513 1198 4584 ὠνόμαζεν,
1241 4514 1469 4584 ἀτιμίαν
1507 4514 1692 4577 αὐτοῖς
1742 4515 1805 4567 ἐκ

218 4608 326 4675 τῆς
372 4605 751 4676 προσηγορίας
814 4605 1117 4676 προσάψειν
1166 4604 1493 4676 ἡγούμενος.
1549 4605 1696 4659 Ἔδει
1748 4604 1806 4658 δέ

1910 3411 2047 3463 vium
2095 3426 2113 3463 :
2146 3426 2367 3479 quarunt
2410 3426 2503 3480 ego
2537 3408 2761 3463 ductor‘
2802 3425 2892 3464 era
2922 3409 3066 3478 [erus
3095 3406 3243 3462 Mars
3272 3406 3491 3479 bellipo—

1910 3509 2041 3555 tens.
2073 3498 2309 3555 Rideant
2340 3517 2472 3572 ergo
2507 3515 2767 3555 versuum
2812 3502 3043 3555 istorum
3083 3500 3340 3572 ineptias,
3396 3502 3490 3571 qui

1908 3592 2067 3647 deum
2108 3593 2453 3663 eloquentem
2500 3602 2555 3649 et
2588 3591 2872 3647 Musarum
2906 3593 3193 3664 pra‘sidem
3234 3592 3489 3665 Pythium

1908 3684 2199 3736 nominant
2228 3700 2241 3737 :
2280 3682 2414 3736 mihi
2441 3681 2787 3752 deprehenso
2822 3683 2945 3753 ejus
2980 3684 3288 3747 mendacio,
3329 3685 3494 3739 misc-

1908 3774 2016 3828 rari
2054 3773 2200 3829 subit
2250 3774 2403 3829 illum
2458 3774 2550 3845 qui
2607 3774 2677 3830 ab
2735 3790 2799 3830 eo
2857 3776 3122 3846 deceptus
3160 3785 3262 3831 est.
3303 3774 3493 3830 Feram

1907 3862 2014 3921 iste
2043 3865 2252 3937 Tigrim
2285 3864 2510 3921 fluvium
2547 3867 2877 3938 appellavit,
2911 3870 3039 3939 quia
3078 3866 3193 3924 fera
3240 3849 3343 3936 est,
3372 3884 3494 3940 qua:

1909 3958 2049 4014 idem
2081 3974 2208 4013 cum
2234 3973 2301 4014 eo
2344 3974 2547 4015 nomen
2599 3958 2783 4016 habet.
2833 3961 3005 4017 Ortus
3055 3962 3144 4015 hic
3198 3976 3365 4031 porro
3419 3977 3487 4017 ex

1906 4051 2182 4106 Armenia:
2218 4051 2499 4106 montibus
2522 4093 2536 4117 ,
2568 4067 2668 4122 per
2693 4054 2974 4124 Assyriam
3006 4051 3122 4107 ﬂuit
3144 4093 3159 4116 ,
3194 4062 3248 4108 et
3282 4054 3335 4108 in
3368 4053 3494 4108 Per-

1913 4143 2090 4197 sicum
2134 4144 2315 4197 sinum
2353 4142 2649 4197 evolvitur.
2697 4141 2796 4199 His
2834 4145 2926 4199 ille
2951 4145 3197 4200 oraculis
3228 4145 3489 4211 delusus,

1907 4244 1961 4289 et
1991 4236 2279 4289 victoriam
2307 4234 2652 4301 somniabat,
2686 4244 2742 4290 et
2771 4242 2893 4304 post
2939 4252 3175 4307 pugnam
3215 4236 3500 4293 Persicam

1910 4326 2113 4382 bellum
2171 4326 2542 4381 meditabatur
2595 4326 2865 4384 adversus
2914 4328 3185 4383 Galila'os.
3239 4330 3492 4385 Galilmos

1909 4429 2090 4474 autem
2126 4419 2406 4474 vocitabat
2441 4420 2832 4484 Christianos,
2867 4421 2971 4476 hoc
3006 4422 3116 4477 illis
3149 4423 3372 4477 nomine
3406 4423 3493 4475 in—

1908 4510 2133 4566 famiani
2170 4528 2229 4567 se
2263 4514 2540 4567 illaturum
2579 4514 2922 4569 existimans.
2978 4515 3046 4568 At
3100 4516 3343 4583 cogitare
3392 4529 3495 4583 par

1909 4610 2028 4658 erat
2059 4604 2338 4659 hominem
2375 4604 2429 4658 in
2462 4605 2662 4659 litteris
2693 4604 2987 4659 educatum
3010 4646 3023 4669 ,
3058 4607 3362 4662 mutatione
3393 4621 3494 4660 no—

216 4698 387 4753 αύτδν
435 4703 711 4769 σκοπῆσαι
760 4698 941 4765 λόγοις
964 4697 1428 4769 ἐντεθραμμένον,
1485 4695 1561 4759 ὡς
1604 4699 1803 4767 ἥκιστα

1910 4696 2076 4751 minis
2108 4696 2586 4752 existimationem
2643 4698 2877 4753 minime
2932 4698 3077 4753 laedi.
3134 4697 3268 4752 Nam
3316 4714 3495 4769 neque

214 4791 347 4861 δόξῃ
373 4790 695 4861 λυμαίνεται
744 4788 1118 4860 προσηγορίας
1158 4789 1431 4860 ἐναλλαγὴ
1454 4789 1497 4820 ⁵·
1528 4789 1648 4842 οὐδὲ
1691 4791 1800 4859 γὰρ

216 4886 266 4937 εί
296 4884 592 4953 Σωκράτης
618 4880 769 4954 [114]
799 4880 1092 4952 ὠνομάσθη
1127 4881 1378 4951 Κριτίας,
1432 4883 1529 4934 καὶ
1563 4881 1801 4950 Φάλαρις

215 4977 245 5027 ὁ
306 4974 634 5043 Πυθαγόρας
688 4972 1126 5044 προσηγορεύθη,
1187 4973 1365 5041 λώϐης
1422 4972 1486 5024 ἂν
1544 4973 1817 5049 μετέσχον.

214 5067 365 5129 τινος
397 5067 461 5118 ἐκ
490 5066 587 5133 τῆς
620 5066 726 5117 τῶν
781 5065 1064 5134 ὀνομάτων
1102 5064 1405 5134 μεταϐολῆς
1430 5081 1441 5091 ·
1491 5063 1611 5115 οὐδέ
1667 5080 1727 5132 γε
1779 5066 1807 5116 ὁ

214 5158 423 5228 Νιρεὺς
454 5156 717 5227 Θερσίτης
746 5155 1065 5224 ἐπικληθεὶς
1090 5156 1132 5219 ⁸,
1169 5157 1453 5209 ἀπώλεσεν
1496 5156 1563 5209 ἂν
1589 5155 1617 5207 ὃ
1649 5154 1801 5224 παρά

214 5252 319 5321 τῆς
356 5249 573 5318 φύσεως
626 5249 843 5312 ἐδέξατο
891 5248 1105 5311 κάλλος.
1156 5248 1316 5302 Ἀλλά
1344 5249 1547 5302 τούτων
1596 5249 1747 5301 οὐδὲν
1778 5250 1807 5300 ὁ

214 5341 394 5395 ταῦτα
420 5340 850 5409 πεπαιδευμένος
884 5340 963 5401 εἰς
994 5340 1118 5392 νοῦν
1149 5338 1325 5409 βαλὼν
1346 5341 1389 5402 θ,
1420 5342 1483 5393 ἐκ
1511 5341 1608 5409 τῆς
1644 5341 1802 5393 ούδα-

218 5432 389 5504 μάθεν
420 5433 555 5502 ἡμῖν
575 5431 920 5503 ἁρμοζούσης
940 5432 1312 5503 προσηγορίας
1336 5432 1629 5502 πημαίνειν
1658 5434 1806 5503 ἡμᾶς

1909 4787 2156 4853 Socrati,
2195 4789 2241 4844 si
2282 4787 2448 4858 939
2480 4786 2686 4843 Critias
2731 4790 2925 4845 fuisset
2966 4800 3353 4861 nuncupatus,
3396 4806 3493 4845 ne-

1908 4896 2016 4950 que
2061 4878 2421 4951 Pythagora},
2474 4881 2519 4935 si
2571 4878 2823 4936 Phalaris
2872 4883 3210 4952 appellatus,
3267 4900 3490 4950 aspersa

1908 4974 2059 5027 labes
2101 4974 2207 5027 ulla
2252 4972 2455 5027 fuisset
2493 4989 2556 5029 ex
2600 4976 2887 5028 nominum
2930 4978 3231 5031 mutatione
3265 4976 3295 5029 ι’
3317 4992 3492 5046 neque

1909 5063 2111 5117 Nireus
2138 5104 2152 5126 ,
2193 5066 2237 5116 si
2277 5062 2561 5119 Thersites
2595 5074 2739 5119 esset
2776 5074 3037 5130 vocatus,
3068 5068 3342 5134 jacturaiu
3374 5066 3490 5122 fora

1912 5168 2014 5208 ma:
2055 5153 2314 5219 fecisset,
2352 5168 2513 5224 quam
2552 5170 2576 5205 τι
2620 5163 2817 5209 natura
2857 5162 3163 5225 acceperat.
3203 5156 3311 5210 Sed
3354 5157 3491 5210 nihil

1910 5247 2102 5301 horum
2139 5248 2326 5299 animo
2360 5257 2621 5316 reputans
2649 5286 2663 5310 ,
2701 5252 2790 5316 qui
2831 5250 2933 5301 ista
2968 5247 3265 5311 didicerat,
3296 5265 3491 5303 nocere

1911 5353 1970 5393 se
2004 5337 2165 5392 nobis
2210 5338 2631 5408 haudquaquam
2672 5340 3033 5394 conveniente
3070 5341 3338 5394 vocabulo
3375 5357 3490 5395 cre-

1911 5430 2081 5493 didit,
2118 5437 2172 5484 et
2203 5430 2549 5484 oraculorum
2586 5430 2887 5486 mendaciis
2924 5431 3079 5486 fidem
3115 5433 3315 5486 habens
3348 5473 3364 5498 ,
3404 5434 3483 5484 la-

1535 5568 1768 5623 VARIE
1797 5566 2198 5623 LECTIONES.

316 5660 367 5691 ’τ
416 5656 613 5729 ἱκανῶς
655 5658 1013 5729 κατέπληξεν.
1048 5656 1214 5729 Basil.
1271 5658 1365 5713 Gr.
1411 5669 1464 5713 et
1497 5658 1687 5729 Steph.
1743 5660 1787 5691 ’⁸
1821 5658 2110 5729 ἐνέπρησε.
2144 5657 2329 5729 Iidem.
2364 5658 2415 5729 7“,“
2457 5658 2523 5710 τά
2554 5659 2704 5713 abest
2735 5660 2802 5711 ah
2837 5658 3049 5711 iisdem.
3118 5659 3132 5689 ί
3165 5657 3485 5729 προαγγιίλ.

218 5729 391 5783 Rasil.
424 5727 539 5781 .Gr.
578 5737 629 5778 et
682 5729 870 5796 Steph.

218 5809 273 5852 ut
302 5799 494 5868 Steph.
571 5796 926 5868 ‘ivzliayﬁ.
966 5799 1153 5853 Iidem.

952 5732 971 5761 '
1014 5728 1293 5798 Δωδώνην.
1333 5730 1498 5784 Iidem
1540 5741 1593 5782 et
1643 5729 1841 5798 Epiph.
1874 5729 1960 5791 Ἡ,
1988 5728 2080 5798 μ.

1251 5799 1271 5830 ⁸
1300 5803 1348 5853 εί
1374 5802 1403 5853 ὁ
1429 5801 1495 5853 Ν.
1527 5800 1587 5851 Θ.
1626 5797 1900 5869 ἐπεκλήθη
1985 5797 2152 5851 Basil.
2197 5798 2367 5852 Graec.
2404 5798 2458 5849 1ἰὲ

2181 5728 2199 5758 ³
2232 5728 2528 5798 ἐπειδήπερ
2560 5730 2709 5782 ἐστὶν
2738 5729 2900 5781 αὑτοῦ
2932 5729 3139 5796 θηρίον.
3194 5726 3355 5781 ﬂasil.
3388 5726 3482 5779 Gr.

2451 5801 2458 5848 ξ
2500 5830 2559 5838 -—
2592 5800 2923 5870 ἐπικληθείς.
2957 5800 3145 5870 Steph.
3266 5799 3285 5830 ⁵
3316 5798 3391 5853 ita
3432 5804 3489 5853 et

219 5867 567 5941 Christoth
608 5867 805 5941 Scalig.
846 5878 898 5925 et
926 5869 1243 5926 Casaubon.
1286 5871 1389 5927 Sed
1425 5870 1602 5925 λαϐὼν
1634 5871 1793 5925 Basit.
1821 5867 1901 5923 Cr
1957 5878 2002 5924 et
2038 5869 2220 5937 Steph.
