4218 6456
736 397 872 461 1115

1730 403 2220 465 TIIEODORETI
2259 403 2597 465 EPISCOPI
2640 401 3005 469 CYRENSIS

3868 411 4012 478 1116

733 517 894 569 si-iva:
921 513 1036 571 dea:
1067 517 1420 573 simulacrum
1447 514 1503 573 in
1541 520 1793 575 ecclesiis
1820 538 1879 576 se
1914 524 2307 577 collocuturum

2418 523 2676 589 ὑπέλαϐε,
2709 527 2804 578 καὶ
2827 528 2893 595 τῇ
2919 523 3028 577 τῶν
3053 514 3319 597 χρησμῶν
3334 526 3659 601 ψευδολογίᾳ
3682 532 4007 597 πιστεύσας,

734 606 972 662 minatus
1002 618 1103 662 cst.

1097 787 1248 842 CAP.
1287 786 1450 842 XVII.
1488 788 1572 861 [Β.
1603 791 1685 843 St.
1724 791 1782 843 Υ.
1818 791 1937 863 ‘22.]

980 880 1057 934 De
1078 880 1271 935 nobilis
1303 883 1430 937 civis
1459 882 1753 938 Berwenais
1794 885 2059 940 libertate.

800 1059 935 1111 Cum
980 1059 1065 1115 bis
1098 1061 1261 1116 minis
1310 1061 1597 1137 profectus
1666 1064 1735 1116 ab
1780 1078 1889 1116 uno
1958 1064 2077 1118 viro
2109 1065 2315 1121 Beroeaa

730 1149 985 1204 devictus
1015 1160 1118 1205 est.
1151 1149 1336 1204 Virum
1368 1153 1513 1206 hunc
1540 1154 1650 1205 alio
1674 1168 1891 1222 quoque
1935 1157 2152 1210 nomine
2191 1156 2315 1210 illu-

732 1256 936 1307 strem,
1000 1249 1057 1295 ut
1114 1242 1204 1310 qui
1245 1242 1319 1296 ibi
1378 1245 1610 1312 primmn
1668 1243 1849 1297 locum
1898 1245 2040 1299 inter
2075 1248 2312 1302 curiales

731 1333 984 1393 tenebat,
1039 1330 1191 1384 zelus
1244 1333 1417 1385 multo
1456 1331 1697 1386 reddidit
1736 1334 2117 1390 illustriorem.
2177 1337 2311 1391 Nam

732 1435 855 1471 (um
899 1420 1069 1471 lilium
1108 1422 1313 1476 videret
1370 1422 1423 1475 in
1465 1424 1837 1479 dmuinantcm
1882 1435 2014 1480 tunc
2050 1432 2312 1497 temporis

732 1511 1066 1578 impietatem
1097 1527 1221 1566 esse
1253 1514 1604 1583 prolapsum,
1632 1515 1791 1583 cjecit
1814 1517 1966 1570 illum
1999 1518 2161 1572 deuio
2190 1536 2310 1586 sua,

729 1613 777 1652 (‘l
825 1603 999 1670 palam
1056 1603 1355 1657 abdicavit.
1420 1604 1515 1657 Ille
1565 1604 1949 1673 imperatorem
2008 1610 2199 1664 adiens
2258 1612 2311 1664 in

729 1695 907 1747 vicina
959 1695 1077 1747 urbi
1125 1696 1363 1749 statione
1414 1706 1880 1763 commorantem,
1930 1716 2038 1768 qua
2096 1702 2211 1770 ipse
2241 1705 2313 1759 sit

728 1786 999 1839 sententia
1025 1829 1040 1853 ,
1082 1796 1134 1842 et
1164 1803 1269 1856 quo
1304 1794 1464 1856 Paeto
1504 1804 1531 1841 a
1565 1800 1718 1857 patre
1749 1793 1819 1844 sit
1848 1793 2138 1848 abdicatus
2161 1837 2174 1861 ,
2209 1812 2306 1849 cx-

730 1880 901 1946 ponit.
954 1880 1003 1937 Is
1062 1896 1192 1935 vero
1229 1882 1633 1938 adolescentem
1685 1892 1879 1953 pacato
1925 1893 1979 1940 et
2013 1890 2308 1957 tranquilla

730 1971 917 2024 animo
969 1986 1093 2026 esse
1121 1972 1277 2041 jubet
1308 2015 1321 2039 ,
1362 1982 1569 2042 patrem
1614 1976 1663 2030 ei
1715 1991 1775 2031 se
1824 1979 2307 2033 reconciliaturum

727 2062 1081 2127 promittens.
1120 2063 1183 2117 Et
1218 2079 1341 2117 cum
1372 2064 1625 2120 Beroeam
1652 2068 2033 2136 pervenisset,
2066 2072 2310 2128 illustres

726 2160 782 2204 et
818 2154 1125 2211 honoratos
1159 2156 1353 2211 invitat
1388 2156 1458 2211 ad
1486 2158 1825 2214 convivium.
1848 2162 2009 2217 Venit
2033 2163 2310 2220 inter-car-

728 2259 878 2300 tcros
902 2248 1270 2304 adolescentis
1300 2262 1478 2319 pater,
1510 2257 1533 2274 '
1559 2262 1611 2307 et
1646 2254 1793 2310 hunc
1815 2272 1938 2309 cum
1972 2258 2083 2314 .‘ilio
2108 2260 2311 2329 ‘jussit

728 2338 781 2391 in
815 2338 957 2393 lecto
991 2355 1093 2394 suo
1127 2340 1502 2400 discumbere.
1540 2344 1654 2399 Sub
1685 2346 1928 2403 medium
1958 2358 2142 2404 autem
2174 2367 2308 2421 epu-

725 2429 875 2492 lum,
930 2430 995 2484 ad
1057 2444 1269 2502 patrem
1331 2447 1679 2493 conversus:
1733 2438 1853 2493 Non
1887 2440 2053 2513 940
2090 2459 2308 2513 aequum

725 2520 962 2585 videtur,
998 2523 1217 2593 inquit,
1260 2526 1430 2579 menti
1463 2541 1586 2597 quae
1618 2528 1676 2582 in
1706 2527 1927 2586 diversa
1957 2532 2168 2589 feratur
2200 2537 2309 2590 vim

728 2611 912 2668 facere
937 2656 951 2679 ,
999 2624 1051 2670 et
1082 2617 1362 2671 nolentem
1414 2618 1524 2673 alio
1557 2619 1883 2676 transferre.
1930 2622 2167 2681 Proinde
2207 2643 2310 2683 nec

725 2712 784 2757 tu
817 2704 986 2759 lilium
1020 2721 1216 2778 cogas,
1255 2720 1324 2763 -ut
1360 2708 1617 2778 dogmata
1655 2720 1749 2766 tua
1785 2713 1989 2770 invitus
2022 2730 2307 2788 sequatur,

732 2798 954 2864 quando
993 2814 1092 2853 nec
1127 2815 1227 2870 ego
1272 2801 1367 2855 tibi
1425 2801 1535 2856 vim
1570 2802 1718 2859 facio
1768 2816 1829 2860 ut
1876 2822 1997 2862 mea
2034 2824 2267 2880 sequare
2292 2857 2305 2879 ,

725 2890 944 2942 tametsi
1000 2903 1198 2958 cogere
1249 2889 1413 2947 facile
1475 2894 1709 2961 possim.
1752 2894 1891 2949 Tum
1941 2897 2068 2965 ille,
2121 2917 2307 2958 rerum

724 2979 1035 3034 divinarum
1070 2980 1175 3035 [ide
1206 2983 1452 3039 animum
1490 3000 1769 3043 exacuens
1800 3006 1813 3042 :
1853 2990 1926 3045 De
1961 2992 2139 3049 istone
2161 3035 2177 3060 ,
2207 2995 2306 3060 ait.

726 3070 941 3124 nefario
968 3073 1212 3142 loqueris
1238 3114 1252 3139 ,
1278 3076 1602 3145 imperator,
1639 3079 1735 3149 qui
1771 3079 1878 3136 Deo
1908 3083 2122 3140 invisus
2156 3102 2310 3142 men-

723 3163 945 3216 dacium
978 3166 1218 3233 prretulit
1245 3169 1511 3223 veritati?
1558 3170 1659 3226 llic
1694 3188 1822 3228 vero
1856 3190 2147 3245 personam
2186 3196 2308 3234 rur-

721 3264 819 3304 sus
852 3252 1089 3308 inducns
1118 3255 1363 3312 lenitatis
1394 3276 1407 3311 :
1444 3257 1661 3327 Desine,
1706 3263 1903 3333 inquit,
1940 3267 2129 3335 homo,
2164 3284 2302 3326 con-

731 3343 935 3417 vitiari.
969 3345 1037 3399 Et
1062 3362 1335 3405 converso
1368 3351 1522 3405 vultu
1565 3352 1633 3406 ad
1677 3354 2082 3413 adolescentem
2116 3379 2128 3414 :
2164 3360 2307 3428 Tui,

723 3435 828 3500 ait,
860 3451 961 3507 ego
992 3453 1179 3493 curam
1226 3457 1446 3512 geram,
1484 3445 1938 3517 quandoquidem
1986 3451 2040 3505 id
2071 3454 2215 3522 patri
2248 3464 2308 3510 ut

726 3528 932 3582 faceret
981 3533 1318 3599 persuadere
1366 3551 1476 3590 non
1530 3540 1709 3607 potui.
1743 3539 1899 3607 Quod
1943 3559 2044 3614 ego
2097 3545 2305 3603 factum

724 3635 834 3674 non
880 3629 1086 3681 temere
1135 3632 1592 3695 commemoravi,
1647 3634 1743 3689 sed
1801 3644 1861 3688 ut
1916 3639 2304 3707 ostenderem,

724 3725 833 3765 non
860 3713 1038 3768 solum
1077 3716 1427 3774 admirabilis
1451 3721 1556 3776 viri
1607 3723 1769 3780 laude
1819 3726 2038 3798 dignam
2082 3731 2306 3788 liberta-

724 3818 828 3862 tem
852 3851 866 3873 ,
900 3810 993 3865 sed
1038 3813 1305 3884 plurimos
1337 3826 1610 3884 praeterea
1644 3819 1795 3875 illius
1827 3826 2135 3893 potentiam
2167 3842 2306 3883 con-

720 3909 830 3955 tem
836 3902 1042 3973 psisse.

1078 4082 1235 4140 CAP.
1264 4084 1450 4144 XVIII.
1488 4088 1569 4159 [Β.
1607 4092 1689 4147 St.
1726 4092 1785 4147 V.
1814 4093 1930 4168 25.]
2016 4164 2017 4167 η

1114 4177 1191 4232 De
1216 4181 1567 4248 pra'dictione
1605 4186 1900 4257 pwdagogi.

800 4266 936 4323 Nam
977 4280 1030 4325 et
1060 4271 1374 4328 Antiochiae
1425 4275 1616 4330 itidem
1645 4276 1730 4331 vir
1756 4278 1985 4347 quidam
2033 4283 2302 4352 Optimus,

723 4375 1019 4428 puerorum
1057 4376 1228 4432 agens
1279 4350 1638 4438 paedagogum
1663 4410 1677 4435 ,
1718 4368 2011 4427 familiaris
2044 4385 2160 4428 erat
2194 4382 2306 4445 (ut-

721 4462 847 4521 pote
874 4454 1147 4509 eruditior
1173 4471 1338 4526 quam
1368 4458 1648 4529 predagogi
1684 4461 1847 4532 vulgo
1875 4462 2113 4535 soleant)
2150 4467 2302 4537 prin-

2416 617 2629 680 ἠπείλει
2662 618 2780 680 ταῖς
2818 617 3141 687 ἐκκλησίαις
3170 619 3449 690 ἑνιδρῦσαι
3479 618 3577 690 τῆς
3620 621 3877 693 δαίμονος
3902 627 4007 697 τῆς

2414 703 2715 757 ἀκολάστου
2751 704 2811 757 τὸ
2833 704 3071 761 εἴδωλον.

2990 804 3246 858 ΚΕΦΛΛ.
3316 806 3409 861 IZ’.

2687 893 2801 963 τῆς
2878 895 2984 950 τοῦ
3043 898 3551 967 -πολιτευομένου
3647 902 3967 965 Βεροιαίου

3028 970 3383 1036 παρῤησίας.

2486 1058 2644 1111 Μετὰ
2673 1051 2878 1113 τούτων
2928 1059 2985 1114 δὲ
3028 1061 3249 1133 ἀπάρας
3284 1062 3395 1115 τῶν
3443 1064 3705 1128 ἀπειλῶν,
3748 1066 3839 1136 ὑφ’
3882 1069 4004 1132 ἑνὸς

2415 1148 2608 1219 ἀνδρὸς
2633 1153 2690 1203 ἐν
2720 1152 2918 1223 Βεροίᾳ
2944 1154 3351 1226 κατηγωνίσθη.
3400 1149 3572 1220 Οὗτος
3609 1160 3630 1191 τ
3660 1161 3688 1212 ό
3716 1160 3879 1232 ἀνὴρ,
3905 1162 4004 1217 καὶ

2416 1242 2592 1307 ἄλλοις
2632 1245 2729 1312 μὲν
2761 1245 3068 1315 περιφανὴς
3102 1246 3401 1317 ἐτύγχανεν
3424 1248 3517 1302 ὤν’
3543 1250 3651 1304 τῶν
3673 1253 3783 1323 7&9
3810 1255 4003 1307 αὐτόθι

2418 1332 2857 1401 πολιτευομένων
2887 1334 3114 1407 ἡγεῖτο;
3165 1339 3630 1410 περισανέστερον
3669 1341 3724 1394 δὲ
3771 1344 3935 1419 αὐτὸν
3974 1346 4004 1396 6

2419 1420 2577 1489 ζῆλος
2610 1423 2859 1489 ἀπέδειξε
2890 1426 2931 1481 ⁸.
2974 1426 3078 1479 Τὸν
3124 1427 3232 1500 γὰρ
3265 1428 3384 1482 υἱὸν
3430 1428 3765 1501 θεασάμενος
3794 1436 3877 1497 είς
3902 1436 4005 1505 τὴν

2417 1515 2537 1566 τότε
2568 1516 2875 1585 κρατοῦσαν
2932 1518 3187 1572 ἀσέϐειαν
3226 1520 3595 1588 ἐξοκείλαντα,
3637 1522 3869 1596 ἐξήλασε
3898 1528 4006 1596 τῆς

2417 1607 2611 1671 οἰκίας,
2643 1609 2737 1661 καὶ
2765 1612 3059 1678 προφανῶς
3087 1614 3460 1685 ἀπεκήρυξεν.
3495 1617 3553 1669 '0
3582 1617 3638 1671 δὲ
3664 1619 3722 1670 ὲν
3738 1618 3815 1689 τῷ
3837 1621 4005 1673 πελά-

2419 1698 2562 1758 ζοντι
2592 1704 2653 1770 τῇ
2689 1702 2838 1755 πόλει
2868 1702 3093 1774 σταθμῷ
3118 1705 3196 1776 τῷ
3222 1704 3433 1774 βασιλεῖ
3454 1710 3786 1780 προσελθὼν,
3810 1713 3915 1783 τήν
3942 1730 4005 1766 τι

2419 1790 2625 1842 οἰκείαν
2659 1792 2909 1862 γνώμην,
2946 1796 3038 1848 καὶ
3066 1795 3164 1866 τὴν
3191 1797 3285 1850 τοῦ
3317 1801 3523 1869 πατρὸς
3556 1802 3826 1872 ἐδήλωσεν
3856 1807 4004 1858 ἀπο-

2447 893 2584 961 Περὶ

2351 1886 2389 1939 Il
2419 1884 2660 1953 κήρυξιν.
2682 1886 2738 1938 '0
2768 1887 2822 1938 δὲ
2861 1888 3089 1958 ἡσυχίαν
3116 1889 3271 1957 ἄγειν
3304 1891 3381 1961 τῷ
3406 1894 3653 1964 νεωτέρῳ
3679 1896 3931 1950 ἐκέλευσε
3956 1903 4000 1959 ⁸,

2415 1970 2772 2039 καταλλάξειν
2827 1973 3199 2045 ὑποσχόμενος
3236 1979 3328 2031 τὸν
3374 1982 3610 2055 πατέρα.
3664 1984 3815 2038 Ἐπεὶ
3853 1986 3911 2039 δὲ
3958 1988 4004 2017 ¹⁹

2413 2062 2642 2128 ἀφίκετο
2675 2066 2753 2128 είς
2802 2066 2901 2135 τὴν
2954 2067 3200 2138 Βέροιαν,
3251 2073 3379 2136 τοὺς
3422 2073 3480 2126 ἐν
3521 2076 3663 2128 τέλει
3704 2080 3798 2131 καὶ
3830 2078 4002 2143 ἀξιώ-

2416 2170 2549 2221 μασι
2594 2156 2632 2187 ¹¹
2666 2158 3028 2212 συνεκάλεσεν
3055 2163 3135 2225 εἰς
3168 2164 3431 2220 ἑστίασιν.
3478 2167 3565 2219 Ἐν
3592 2168 3648 2222 δὲ
3681 2170 3895 2236 τούτοις
3931 2168 4003 2243 ἦν

2413 2248 2507 2297 καὶ
2537 2250 2565 2299 6
2592 2248 2781 2302 τούτου
2817 2252 3001 2324 πατήρ
3025 2270 3038 2283 ·
3067 2254 3257 2308 τοῦτον
3281 2258 3419 2327 μετά
3451 2259 3542 2313 τοῦ
3574 2262 3760 2327 παιδὸς
3789 2267 3868 2328 είς
3900 2266 4002 2337 τὴν

2412 2337 2579 2392 αὐτοῦ
2631 2341 2858 2397 στιεάδα
2916 2347 3307 2419 κατακλιθῆναι
3387 2355 3706 2423 προσέταξε.
3768 2358 3873 2411 Τοῦ
3943 2360 4003 2415 δὲ

2413 2431 2639 2500 ἀρίστου
2664 2435 2976 2505 μεσοῦντος,
3008 2438 3111 2511 ἔφη
3147 2426 3283 2512 πρὸς
3301 2444 3391 2497 τὸν
3411 2447 3648 2518 πατέρα·
3683 2450 3758 2504 Οὐ
3784 2451 4003 2507 δίκαιον

2413 2518 2553 2577 εἶναί
2612 2543 2701 2596 μοι
2747 2526 2899 2583 δοκεῖ
2941 2530 3227 2600 βιάζεσθαι
3260 2534 3485 2609 γνώμην
3514 2539 3717 2611 ἑτέρως
3745 2543 4000 2599 ὲκκλινοο

2416 2617 2604 2689 μένην,
2645 2622 2739 2674 καὶ
2774 2619 3036 2693 μετάγειν
3071 2626 3145 2699 μὴ
3175 2628 3507 2703 βουλομένην
3557 2636 3637 2697 εἰς
3673 2636 3857 2709 ἕτερα.
3906 2641 4002 2711 Μὴ

2411 2710 2474 2781 δὴ
2515 2706 2608 2767 οὖν
2642 2712 2807 2786 βιάσῃ
2834 2715 2928 2769 τὸν
2956 2719 3121 2772 παῖδα
3163 2724 3277 2786 τοῖς
3316 2727 3430 2788 σοῖς
3464 2725 3733 2797 δόγμασιν
3766 2706 4000 2784 ἀκολουί

2413 2801 2526 2856 θεῖν
2557 2805 2618 2857 οὐ
2650 2805 2974 2878 βουλόμενον
2995 2827 3007 2841 ·
3042 2813 3163 2867 οὑδὲ
3199 2815 3307 2885 γὰρ
3338 2818 3453 2886 ἐγώ
3481 2835 3561 2886 σε,
3584 2821 3709 2892 ἔφη,
3740 2822 4001 2893 βιάζομαι

2410 2897 2525 2959 τοῖς
2560 2897 2713 2966 ἐμοῖς
2737 2898 2988 2964 ἕπεσθαι,
3022 2904 3202 2958 καίτοι
3235 2906 3382 2976 μάλα
3436 2910 3636 2981 ῥαδίως
3687 2913 4004 2983 ἀναγκάσαι

2412 2983 2728 3055 δυνάμενος.
2776 2989 2835 3040 '0
2872 2989 2927 3043 δὲ
2977 2996 3045 3064 τῇ
3078 2996 3205 3066 περὶ
3238 2996 3307 3050 τά
3347 2997 3468 3053 θεῖα
3509 3001 3691 3055 πίστει
3729 3003 3821 3057 τὸν
3854 3006 4010 3074 λογι-

2407 3077 2550 3157 σμὸν
2585 3079 2928 3151 παραθήξας,
2962 3086 3091 3154 περὶ
3130 3087 3321 3141 τούτου
3354 3089 3458 3161 ἔφη
3482 3108 3494 3121 ’
3530 3087 3601 3146 Ὠ
3624 3093 3873 3164 βασιλεῦ,
3901 3097 4004 3151 τοῦ

2416 3166 2718 3243 ἀλάστορος
2744 3169 2941 3239 λέγεις,
2975 3175 3069 3228 τοῦ
3103 3176 3415 3249 θεομισοῦς,
3454 3183 3551 3237 καὶ
3578 3185 3636 3237 τὸ
3669 3185 3861 3255 ψεῦδος
3897 3189 4006 3259 τῆς

2417 3257 2672 3327 ἀληθείας
2701 3262 3065 3332 προελομένου
3089 3284 3101 3332 ;
3141 3269 3199 3322 '0
3227 3269 3283 3324 δὲ
3325 3274 3487 3327 πάλιν
3513 3275 3573 3329 τὸ
3601 3277 3702 3348 τῆς
3761 3257 4009 3352 πραότη-

2416 3365 2508 3412 τος
2542 3351 2785 3421 περιθεὶς
2824 3362 3196 3427 προσωπεῖον·
3247 3364 3484 3432 Παῦσαι,
3541 3368 3666 3439 ἔφη,
3720 3351 4007 3444 ἄνθρωπε.

2417 3438 2847 3514 λοιδορούμενος.
2907 3449 3017 3503 Καὶ
3073 3452 3209 3523 πρὸς
3264 3455 3353 3509 τὸν
3413 3458 3534 3514 νέον
3588 3438 3887 3530 ἀποκλίνας
3946 3475 4011 3521 τὸ

2418 3531 2739 3600 πρόσωπον·
2786 3537 2925 3606 Ἐγώ
2950 3556 3063 3601 σου,
3105 3543 3233 3614 ἔφη,
3266 3549 3526 3617 φροντιῶ,
3555 3552 3744 3626 ἐπειδὴ
3779 3572 3875 3609 σου
3909 3559 4010 3611 τὸν

2418 3624 2633 3695 πατέρα
2662 3626 2859 3696 δράσαι
2888 3631 3046 3687 τοῦτο
3071 3635 3169 3689 οὐκ
3206 3637 3419 3693 ἔπεισα.
3464 3641 3632 3697 Τοῦδε
3679 3646 3863 3714 μέντοι
3910 3649 4009 3704 τοῦ

2416 3716 2756 3791 διηγήματος
2787 3722 2847 3775 οὐ
2881 3726 3057 3797 μάτην
3092 3729 3391 3801 ἐμνήσθην,
3437 3734 3575 3790 ἀλλά
3605 3737 3774 3804 δεῖξαι
3816 3741 4011 3812 βουλό-

2420 3826 2601 3882 μενος,
2630 3814 2691 3866 οὐ
2726 3814 2885 3883 μόνον
2921 3817 3012 3871 τοῦ
3043 3818 3346 3892 θαυμασίου
3388 3825 3580 3897 ἀνδρὸς
3625 3831 3725 3902 τὴν
3766 3833 4009 3905 ἀξιάγα-

2420 3919 2544 3959 στον
2606 3903 2756 3978 [145]
2807 3910 3141 3981 παρρησίαν,
3176 3914 3291 3968 ἀλλ’
3341 3918 3423 3971 ὅτι
3468 3920 3563 3974 καὶ
3601 3922 3847 3980 πλεῖστοι
3899 3930 4006 4002 τῆς

2418 3996 2628 4050 ἐκείνου
2670 4001 3083 4072 κατεφρόνησαν
3110 4004 3448 4073 δυναστείας.

3004 4097 3255 4152 ΚΕΦΑΛ.
3322 4100 3432 4154 1Η’.

2558 4162 2697 4253 Περὶ
2731 4184 2841 4253 τῆς
2874 4187 2980 4241 τοῦ
3020 4189 3397 4261 παιδαγωγοῦ
3443 4197 3856 4267 ⁸τιθρογέέρή(γε-(1ος.

2487 4272 2598 4325 Καὶ
2647 4273 2756 4345 γάρ
2797 4276 2855 4327 ἐν
2899 4277 3197 4351 Ἀντιοχείᾳ
3246 4281 3408 4335 πάλιν
3438 4284 3579 4357 ἀνήρ
3622 4304 3708 4351 τις
3753 4291 4005 4361 ἄριστος,

2416 4363 2785 4434 παιδαγωγεῖν
2820 4368 3079 4439 μειράκια
3115 4375 3565 4445 πεπιστευμένος,
3615 4380 3856 4452 συνήθης
3903 4386 4009 4454 μὲν

2412 4447 2503 4522 ἦν,
2559 4453 2636 4515 ὠς
2681 4454 2943 4509 πλειόνων
2982 4458 3218 4531 λόγωνῆ
3255 4462 3396 4517 κατὰ
3443 4447 4007 4541 παιδαγωγὸν-μεταο

719 4546 827 4613 cipi
864 4544 1154 4601 doctorum
1193 4547 1341 4603 illius
1392 4550 1531 4617 aevi,
1594 4550 1698 4605 hoc
1746 4561 1833 4607 est
1875 4551 2107 4609 Libanio
2137 4596 2150 4618 .
2207 4573 2299 4615 so-

2415 4542 2608 4616 σχὼν,μ
2633 4544 2712 4613 τῷ
2758 4546 3062 4617 τηνικαῦτα
3113 4549 3223 4603 τῶν
3283 4551 3619 4609 διδασκάλων
3678 4558 4003 4633 ἡγουμένην

718 4628 916 4698 pliistaa
963 4634 1342 4689 celeberrimo.
1391 4636 1490 4692 llic
1536 4654 1668 4693 vero
1705 4632 1908 4710 impius
1943 4658 2068 4697 cum
2122 4654 2301 4713 esset,

2409 4643 2669 4711 Διδάνιος
2722 4640 2778 4697 δὲ
2832 4640 2923 4716 ἦν,
2976 4648 3004 4699 6
3045 4647 3101 4699 ἐν
3141 4652 3424 4718 σοφισταῖς
3449 4653 3513 4683 ’"
3551 4653 4001 4728 πολυθρύλητος.

718 4723 1118 4793 victoriamque
1148 4735 1537 4795 exspectaret,
1590 4730 1882 4801 minasque
1925 4729 2133 4788 Juliani
2183 4751 2307 4791 vera

719 4823 868 4869 θαι-ει
897 4816 1080 4870 animo
1105 4860 1119 4884 ,
1157 4818 1516 4891 predagogum
1582 4834 1774 4878 nostra
1817 4825 2083 4882 deridens
2124 4829 2301 4884 inter-

720 4907 988 4974 rogabat,
1039 4910 1167 4977 quid
1217 4918 1403 4981 ageret
1439 4913 1581 4966 fabri
1627 4912 1801 4970 filius.
1842 4915 1909 4969 At
1942 4916 2033 4970 ille
2062 4919 2304 4988 repletus

718 5000 903 5053 divina
934 5000 1139 5070 gratia,
1184 5003 1329 5069 quod
1377 5004 1741 5074 postmodum
1788 5016 2122 5062 eventurum
2183 5019 2303 5065 erat

721 5094 998 5163 przedixit.
1034 5094 1391 5167 Saudapilam
1423 5099 1568 5152 enim
1594 5139 1608 5162 ,
1643 5101 1751 5164 ait,
1785 5101 2035 5171 50pliista
2061 5144 2074 5169 ,
2124 5103 2298 5159 fabri-

717 5197 880 5241 catur
910 5203 1095 5242 rerum
1122 5191 1368 5244 omnium
1399 5190 1691 5258 Conditor,
1744 5210 1908 5263 quem
1940 5202 1995 5248 lu
2033 5210 2131 5264 per
2161 5196 2303 5251 ludi-

650 5350 653 5351 ν
721 5281 899 5333 brium
951 5273 1089 5336 fdbri
1143 5284 1313 5339 lilium
1361 5285 1674 5355 appellasti.
1722 5282 1883 5358 941
1923 5286 2125 5343 Paucis
2153 5288 2298 5343 enim

719 5384 842 5444 post
868 5376 1066 5432 diebus
1111 5375 1393 5433 furibundi
1428 5379 1579 5437 illius
1626 5395 1779 5436 mors
1814 5380 2069 5435 nuntiata
2097 5388 2214 5448 cst,
2247 5392 2301 5436 et

1848 5466 1861 5491 Ρ

2406 4736 2684 4806 Δυσσεϐὴς
2725 4736 2781 4790 δὲ
2823 4732 2976 4802 οὗτος
3022 4738 3118 4803 ὢν,
3167 4741 3261 4794 καὶ
3308 4741 3405 4813 τὴν
3440 4743 3596 4816 νίκην
3645 4750 4001 4819 προσμένων,

2405 4828 2500 4881 καὶ
2527 4828 2626 4892 τὰς
2667 4829 2957 4883 Ἰουλιανοῦ
2990 4832 3397 4903 φανταζόμενος
3423 4835 3676 4902 ἀπειλὰς,
3708 4839 3875 4911 ἤρετο
3905 4842 4003 4933 τὸν

2407 4919 2753 4989 π²ιδ²τωτδν
2779 4921 3059 4991 κωμῳδῶν
3089 4922 3155 4975 τὰ
3188 4924 3456 4994 ἡμέτερα,
3500 4926 3566 4979 Τί
3596 4931 3760 4993 ποιεῖ,
3793 4919 4000 4999 λέγὼν,

2402 5013 2431 5065 6
2458 5011 2553 5064 τοῦ
2589 5010 2839 5075 τέκτονος
2870 5014 2983 5077 υἱός
3010 5030 3023 5076 ;
3076 5013 3134 5067 '0
3160 5013 3214 5066 δὲ
3241 5015 3343 5085 τῆς
3375 5014 3526 5080 θείας
3550 5017 3924 5090 ἀναπλησθεὶς
3954 5025 4001 5056 ¹⁸

2408 5104 2651 5175 χάριτος,
2691 5105 2986 5176 προείρηκε
3020 5105 3079 5158 τὸ
3112 5106 3229 5175 μετ’
3280 5106 3461 5176 ὀλίγον
3496 5109 3773 5180 ἐσόμενον.
3808 5114 4000 5169 Γλωσ-

2411 5196 2643 5267 σὸκομον
2692 5198 2820 5269 7&9,
2874 5198 2998 5269 ἔφη,
3060 5200 3307 5267 σοφιστά,
3343 5203 3373 5253 6
3424 5201 3519 5256 τοῦ
3574 5205 3777 5270 παντὸς
3824 5224 3994 5262 κατα-

2410 5290 2663 5354 σκευάζει
2692 5290 3053 5362 Δημιουργὸς,
3081 5290 3141 5343 ὃν
3172 5292 3235 5345 σὺ
3282 5293 3563 5363 κωμῳδῶν
3592 5295 3844 5361 τέκτονος
3874 5300 3995 5353 υἱὸν

2408 5381 2877 5453 προσηγόρευσας.
2939 5381 3162 5450 Ὀλίγων
3206 5382 3264 5435 δὲ
3311 5382 3634 5440 διελθουσῶν
3684 5388 3932 5461 ἡμερῶν,
3962 5392 3995 5444 6

2019 5555 2253 5611 vanu:
2298 5555 2697 5646 LIECTIONES.

785 5703 1279 5782 rpgvauuuuagn.
1293 5706 1396 5782 9r.
1416 5720 1541 5782 cum
1573 5704 2122 5782 S_tcph._"_&:régp_'qu_.
2149 5672 2298 5782 ,Βαςή

2406 5725 2474 5782 r._.
2510 5707 2629 5782 Piul
2657 5717 2711 5762 et
2741 5706 2934 5782 Sa_vilii_
2962 5708 3122 5782 liber.
3174 5708 3311 5782 [τῷ
3339 5709 3450 5782 vita
3470 5710 3744 5782 (νεωτέρῳ
3765 5712 3989 5781 Steph.)

717 5774 1042 5847 προσέταξε.
1078 5775 1404 5847 Βειεὶικϐτη
1451 5775 1643 5847 Steph.

717 5845 998 5921 σοφιστής.
1041 5847 1205 5902 Basil.
1242 5846 1335 5901 Gr.
1403 5847 1446 5879 ¹³
1487 5845 1767 5919 πλησθείς.
1801 5846 1968 5902 Idem.

1755 5776 1813 5847 ¹⁰Ϋ
1835 5776 2043 5844 ἐπειδή.
2087 5776 2272 5835 Iidem.
2328 5780 2366 5810 ¹¹
2405 5779 2760 5844 ἀξιωτάτους.
2795 5778 2959 5836 Basil.
3008 5778 3130 5847 Gr.,
3174 5776 3297 5836 Pini
3330 5787 3385 5837 et

3460 5780 3586 5836 avil.
3624 5780 3820 5840 cedes.
3870 5780 3917 5817 ί·
3957 5787 3991 5840 ὀ

3161 5858 3180 5903 5
