4218 6456
249 368 378 432 1121

1196 321 1780 423 ECCLESIASTICE
1831 359 2207 420 insronus
2249 361 2517 439 Lmiv.

3351 367 3486 433 “‘22

240 481 424 546 τύρων
466 477 672 545 σηκοῖς,
706 474 841 527 ἀλλὰ
882 475 972 528 καὶ
1008 477 1062 528 tv
1107 479 1218 539 τοῖς
1253 475 1500 546 θεάτροις
1530 474 1679 546 [148]
1717 472 1810 526 τοῦ
1843 482 1885 534 Α

1843 482 1885 534 Α
1917 471 2031 536 bal,
2098 471 2195 526 sed
2243 472 2295 524 in
2347 471 2576 530 theatris
2629 476 2791 530 etiam
2833 478 3162 547 pradicabat
3200 484 3482 541 victoriam

244 563 478 634 σταυροῦ
508 567 606 636 τὴν
636 566 788 635 νίκην
819 567 1135 638 ἐκήρυττον,
1173 569 1266 620 καὶ
1303 569 1413 629 τοῖς
1439 567 1647 618 ἐκείνου
1682 582 1814 636 μαν-

242 657 508 725 τεύμασιν
538 656 899 722 έπετώθαζον.
934 653 1093 726 Ἐγὼ
1139 659 1193 711 δὲ
1226 659 1317 710 καὶ
1350 657 1445 726 τὴν
1486 657 1812 722 ἀξιάγαστον

243 748 423 798 αὑτῶν
472 747 756 817 ένθήσω³³
798 748 999 818 φωνὴν,
1054 749 1139 801 ἵνα
1192 750 1284 801 καί
1334 750 1442 810 τοῖς
1497 745 1613 815 μεθ’
1667 747 1812 816 ἡμᾶς

242 839 525 908 ἐσομένοις
576 841 608 908 ἡ
645 837 846 908 ταύτης
879 839 1210 909 φυλάττηται
1259 839 1466 907 μνήμη.
1509 839 1672 906 Κοινῇ
1705 837 1811 907 γὰρ

245 930 444 990 πάντες
489 927 655 979 ἐϐόων
676 945 688 957 ·
738 928 846 980 Ποῦ
882 945 972 981 σου
1004 930 1068 981 τὰ
1100 931 1342 998 μαντεῖα,
1385 927 1601 997 Μάξιμε
1633 928 1808 997 μωρέ;

255 1022 538 1088 Ἐνίκησεν
566 1022 593 1072 ὁ
613 1019 761 1084 Θεὸς,
790 1022 882 1073 καὶ
909 1022 936 1072 ὁ
959 1021 1187 1088 Χριστὸς
1223 1021 1405 1074 αὑτοῦ.

312 1113 564 1179 Μάξιμος
590 1111 694 1179 γάρ
725 1127 807 1172 τις
838 1107 904 1181 ἦν
930 1113 1072 1164 κατὰ
1100 1111 1185 1164 τὸν
1217 1111 1405 1181 καιρὸν
1429 1109 1472 1142 ³⁸
1499 1111 1700 1161 ἐκεῖνον
1723 1127 1811 1178 φι-

241 1200 494 1266 λοσοφίας
555 1201 652 1270 μὲν
704 1200 997 1270 πρόσχημα
1050 1199 1451 1270 περικείμενος,
1504 1200 1726 1268 γοητείᾳ
1754 1199 1810 1252 δὲ

242 1289 543 1357 χρώμενος,
579 1290 669 1341 καὶ
693 1288 973 1356 προλέγειν
999 1289 1065 1342 τὰ
1097 1289 1353 1359 μέλλοντα
1398 1289 1805 1358 σεμνυνόμενος.

243 1377 366 1429 Ὀτι
403 1377 458 1429 δὲ
516 1379 824 1445 Ἀντιοχεῖς,
880 1378 1028 1447 παρὰ
1075 1379 1172 1447 τῆς
1223 1377 1485 1447 μεγίστης
1527 1376 1807 1448 ξυνωρίδος

244 1469 452 1538 Πέτρου
482 1470 575 1520 καὶ
607 1467 816 1520 Παύλου
838 1469 906 1522 τὰ
937 1467 1053 1520 θεῖα
1084 1467 1364 1536 δεξάμενοι
1405 1467 1669 1536 δόγματα,
1719 1470 1810 1521 καὶ

241 1558 461 1627 θερμῶς
491 1557 582 1609 τὸν
608 1557 714 1609 τῶν
748 1557 881 1610 ὅλων
915 1558 1185 1625 Δεσπότην
1208 1559 1301 1610 καὶ
1330 1557 1555 1626 Εωτῆρα
1589 1559 1811 1611 ποθοῦν·

241 1664 353 1709 τες,
409 1647 817 1717 βδελυττόμενοι
861 1647 946 1700 ἀεὶ
995 1647 1084 1700 τὸν
1120 1646 1460 1714 ὲξάγιστον³⁶
1488 1648 1806 1712 διετέλεσαν,

1913 562 2128 628 crucis,
2169 567 2224 616 et
2252 562 2399 618 illius
2449 564 2706 620 vaticinia
2754 567 3058 624 deridebat.
3101 570 3254 626 Libet
3293 585 3474 631 autem

1916 657 2060 725 ipsas
2114 671 2332 726 quoque
2390 657 2855 714 Antiochenorum
2907 678 3069 719 voces
3130 663 3370 732 referre,
3425 681 3482 726 ut

1911 746 2106 800 harum
2152 748 2294 817 apud
2344 758 2594 816 posteros
2641 759 2819 806 exstet
2855 757 3133 808 memoria.
3193 756 3328 812 Nam
3374 769 3482 815 uno

1911 851 2008 892 ore
2045 853 2235 893 omnes
2297 839 2669 895 inclamabant
2729 860 2740 895 :
2802 841 2903 897 Ubi
2959 855 3087 899 sunt
3129 858 3252 914 tua,
3319 852 3482 907 stulte

1917 927 2145 984 Maxime
2172 970 2184 994 ,
2217 931 2474 984 oracula?
2507 931 2650 986 Vicit
2683 932 2826 990 Deus
2849 975 2864 998 ,
2897 945 2949 990 et
2975 937 3232 994 Christus
3253 943 3393 1011 ejus.

1981 1103 2064 1176 [Β.
2100 1107 2180 1160 St.
2206 1106 2320 1179 28.]
2361 1107 2493 1161 Nam
2524 1109 2794 1164 Maximus
2825 1124 2943 1168 erat
2972 1115 3079 1171 illis
3108 1120 3445 1188 temporibus
3465 1161 3479 1185 ,

1910 1197 2094 1265 specie
2126 1198 2347 1266 quidem
2384 1201 2741 1270 philosophus
2764 1244 2776 1267 ,
2819 1219 3004 1260 revera
3043 1219 3221 1264 autem
3258 1226 3478 1282 magus,

1909 1294 1964 1340 et
1993 1288 2085 1354 qni
2162 1286 2346 1350 futura
2414 1306 2474 1344 se
2538 1294 2831 1368 prmdicere
2906 1311 3069 1366 posse
3133 1302 3485 1369 gloriaretur.

1908 1376 2070 1449 945
2131 1379 2284 1444 Quod
2345 1397 2476 1436 vero
2535 1384 2888 1450 Antiocheni.
2947 1404 2977 1442 a
3032 1396 3478 1460 prestantiss'ima

1913 1469 2163 1539 synnride
2193 1470 2351 1527 Petro
2381 1482 2434 1528 et
2463 1473 2630 1530 Paulo
2653 1476 2853 1533 divinis
2882 1480 3228 1551 dogmatibus
3259 1485 3479 1549 imbuti,

1913 1565 2406 1635 universorumque
2459 1567 2746 1624 Dominum
2787 1586 2849 1626 ac
2887 1571 3231 1630 Servatorem
3279 1578 3485 1634 fervide

1911 1663 2160 1710 amantes
2187 1696 2201 1718 ,
2261 1658 2640 1714 detestandum
2673 1660 2954 1718 lulianum
2982 1670 3109 1720 odio
3134 1683 3349 1738 semper
3388 1670 3481 1723 ha-

243 1734 338 1786 καὶ
366 1734 526 1796 αὐτὸς
561 1736 764 1796 ἐκεῖνος
794 1734 895 1802 ἔφη
921 1735 964 1766 ³⁸
994 1735 1198 1802 σαφῶς.
1249 1736 1345 1789 Δια
1382 1753 1459 1788 τοι
1499 1737 1673 1801 τοῦτο,
1719 1741 1811 1791 καὶ

1845 1813 1882 1830 ἢ
1914 1744 2160 1811 buerint,
2219 1747 2357 1802 idem
2401 1750 2517 1819 ipse
2555 1764 2738 1821 aperte
2774 1756 2958 1810 docuit
3010 1734 3313 1814 orationem
3353 1777 3480 1830 pro-

241 1823 399 1892 λόγον
452 1825 754 1897 συνέγραψε
804 1826 921 1879 κατ’
969 1826 1165 1890 αὐτῶν,
1219 1827 1310 1880 καὶ
1339 1825 1743 1898 Μισοπώτιωνα
1767 1833 1808 1869 ³⁷
1845 1813 1884 1868 Β

1845 1813 1884 1868 Β
1912 1844 2094 1904 pterea
2123 1838 2174 1892 in
2195 1854 2287 1894 eos
2316 1843 2567 1897 scribens
2593 1885 2606 1910 ,
2643 1859 2804 1914 quam
2837 1847 3236 1919 Misopogonem
3266 1867 3482 1906 nnneu-

239 1914 431 1968 τοῦτον
460 1915 762 1985 ὠνόμασεν,
806 1916 946 1984 Ἐγὼ
971 1917 1027 1970 δὲ
1069 1918 1167 1988 τὴν
1217 1919 1310 1972 ἐπὶ
1355 1923 1420 1990 τῇ
1451 1921 1670 1991 τελευτῇ
1717 1921 1810 1974 τοῦ

1911 1928 2074 1995 pavit.
2111 1929 2220 2000 Ego
2250 1947 2379 1986 vero
2409 1932 2460 1986 in
2512 1937 2614 1990 hoc
2667 1953 2733 1991 ex
2776 1914 3000 2010 tyranni
3035 1914 3209 1996 morte
3242 1946 3480 2015 tripudio

241 2007 506 2075 τυράννου
559 2009 773 2076 χορείαν
805 2007 954 2071 τέλος
993 2008 1237 2079 ἐπιθήσω
1283 2012 1348 2078 τῇ
1387 2013 1694 2082 συγγραφῇ.
1735 2013 1808 2066 Οὑ

1910 2019 2110 2072 librum
2147 2023 2496 2079 concludam.
2538 2026 2648 2082 Nec
2678 2007 2824 2084 enim
2872 2031 2953 2088 fas
2987 2049 3109 2089 esse
3143 2007 3366 2106 putavi,
3423 2045 3479 2092 ut

243 2096 351 2166 γὰρ
380 2097 525 2149 ὅσιον
575 2097 861 2164 ὑπέλαϐον,
904 2099 1116 2152 εὑσεϐεῐ
1163 2099 1390 2169 συνάψαι
1436 2100 1681 2174 βασιλείᾳ
1712 2105 1808 2175 τὴν
1908 2143 1909 2146 η

1908 2125 2031 2164 cum
2068 2113 2157 2180 pio
2209 2113 2437 2184 imperio
2506 2117 2724 2189 impiam
2784 2122 3211 2185 dominationem
3279 2144 3479 2185 conne-

240 2189 400 2241 δυσσε
410 2189 479 2260 ϐῆ
501 2190 835 2245 δυναστείαν.
1911 2207 2137 2258 ctcrem.

1553 2366 1784 2426 ΫΑΒΙᾸΞ
1817 2372 2220 2435 LECTIONES.

1446 2505 1649 2599 (quiet
1681 2510 1882 2599 omittit
1933 2515 2218 2599 articulum
2269 2529 2402 2599 ante
2431 2523 2636 2599 ἀξιαγ.)
2686 2535 2744 2599 et
2781 2529 2968 2599 Steph.
3015 2532 3064 2585 l.
3116 2533 3275 2599 Θήσω
3317 2535 3477 2592 habet

242 2574 405 2671 etiam
444 2569 631 2671 ampli.
740 2569 841 2671 ""n
863 2569 976 2671 καῖέ
1001 2576 1173 2671 ὲῇεϊνο
1191 2575 1429 2671 ’καὲροῦὶ
1454 2569 1879 2671 'I'idemncodldl.’
1949 2584 1999 2671 \“
2024 2587 2115 2671 τδν
2687 2569 3280 2660 νέλῗῇἷῖιηιίῇὲιςὛιῗδξ
3317 2569 3477 2671 ’ἕξξξξ

1265 2640 1454 2715 Steph.
1532 2645 1576 2676 ³⁸
1615 2648 1744 2702 ειδει
1777 2651 1987 2720 (ᾔδει).
2065 2640 2229 2712 ΒαείῙ.
2262 2640 3473 2740 οόἱῖεἶξᾍιᾚίἴὲιὶιέἝεῆἶῖξῖ

310 2711 705 2780 Ηισοπώγονας
752 2712 991 2777 τούτους.
1044 2711 1232 2784 Steph.

1364 3073 1722 3163 ΛΟΓΟΣ
1805 3079 2392 3170 ΤΕΤΑΡΤΟΣ.

1821 3275 1889 3291 .-

1346 3438 1698 3531 LIBER
1824 3445 2409 3553 QUARTUS.

701 3781 956 3858 “9451]
997 3785 1246 3841 ΚΕΦΑΛ.
1285 3789 1360 3844 A'.
1827 3801 1869 3858 ο

308 3871 448 3940 Περὶ
476 3869 579 3939 τῆς
615 3875 900 3929 Ἰοσιανοῦ
923 3876 1243 3944 ,βασιλείας
1271 3880 1367 3933 καί
1398 3882 1728 3950 εὐσεϐείας.

307 3966 461 4019 Μετὰ
489 3965 532 3997 ³⁸
561 3966 654 4036 τὴν
701 3967 988 4020 Ἰουλιανοῢ
1040 3969 1270 4040 σφαγὴν,
1329 3972 1669 4038 συνελθόντες
1705 3977 1801 4028 σὺν

231 4059 349 4120 τοῖς
397 4058 662 4127 ὑπάρχοις
696 4057 743 4109 οι
792 4059 1103 4130 στρατηγοὶ,
1135 4059 1520 4114 ἐϐουλεύσαντο
1547 4063 1667 4117 τίνα
1697 4066 1801 4137 χρὴ

2414 3793 2640 3850 CAPUT
2678 3793 2964 3850 PRIMUM.

2236 3883 2309 3938 De
2344 3883 2562 3940 Joviani
2595 3888 2816 3956 imperio
2847 3897 2896 3940 et
2934 3886 3150 3954 pietate.

1971 3975 2263 4032 Interfecto
2326 3977 2578 4043 Juliano,
2625 3981 2836 4035 collecti
2892 3982 2943 4034 in
2996 3985 3164 4035 unum
3219 3979 3466 4054 magistri

1901 4069 2137 4123 militum
2184 4086 2307 4124 cum
2350 4071 2620 4140 prafectis
2670 4073 3090 4136 consultarnnt,
3135 4077 3259 4143 quis
3297 4077 3464 4144 impe—

231 4152 334 4220 τὴν
383 4149 658 4218 βασιλείαν
698 4153 1050 4223 παραλαϐεῖν,
1084 4153 1177 4206 καὶ
1219 4155 1315 4225 τήν
1365 4172 1422 4208 τε
1457 4159 1711 4228 στρατιὰν
1743 4161 1800 4211 ἐν

231 4243 302 4310 τῇ
347 4242 579 4312 πολεμίᾳ
610 4242 890 4305 διασῶσαι,
925 4242 992 4296 τά
1033 4259 1090 4295 τε
1144 4243 1429 4315 Ῥωμαίων
1481 4249 1799 4320 ἀναρρῶσαι

231 4333 534 4403 πράγματα
588 4332 680 4385 ἐπὶ
714 4333 872 4404 ξυροῦ
910 4333 1092 4404 ἀκμῆς
1121 4335 1266 4401 ὄντα,
1312 4337 1458 4408 τὺιδὴ
1487 4337 1797 4408 λεγόμενον,

228 4423 320 4477 διὰ
348 4423 446 4494 τὴν
464 4423 557 4477 τοῦ
580 4425 963 4494 κατοιχομένου
985 4425 1321 4498 θρασύτητα.
1351 4428 1565 4482 Τούτων
1593 4431 1649 4483 δὲ
1674 4432 1799 4502 περὶ

227 4515 434 4568 τούτων
482 4516 909 4587 βουλευομένων,
983 4520 1014 4588 ἡ
1067 4519 1298 4589 στρατιὰ
1351 4521 1799 4592 συναθροισθεῖσα

226 4609 374 4663 κατὰ
409 4610 624 4676 ταὺτδν,
659 4611 914 4664 Ἱοϐιανὸν
951 4610 1178 4682 έξῄτησε
1207 4611 1451 4682 βασιλέα,
1482 4614 1601 4667 οὕτε
1636 4633 1799 4686 στρα-

226 4701 398 4771 τηγδν
433 4703 581 4765 ὅντα,
627 4701 749 4756 οὔτε
789 4702 896 4755 τῶν
949 4704 1064 4774 μετ’
1114 4707 1388 4770 ἐκείνους·
1442 4707 1709 4778 ἐπίσημον
1740 4711 1798 4762 δὲ

224 4795 420 4865 ἄνδρα,
452 4795 546 4845 καὶ
595 4793 895 4864 περιφανῆ,
942 4797 1036 4849 καὶ
1075 4797 1284 4850 πολλῶν
1311 4797 1472 4852 ἕνεκα
1501 4799 1792 4870 γνώριμον.

223 4883 400 4953 Σῶμα
421 4900 479 4937 τε
502 4884 610 4954 γὰρ
641 4885 894 4954 μέγιστον
916 4883 1050 4956 εἶχε,
1080 4890 1173 4941 καὶ
1194 4887 1369 4959 ψυχὴν
1394 4889 1794 4960 μεγαλόφρονα,

222 4975 324 5028 καὶ
348 4973 652 5044 ἀριστεύειν
675 4976 733 5028 ἐν
761 4975 1016 5045 πολέμοις
1041 4976 1238 5042 είώθει,
1273 4980 1366 5030 καὶ
1392 4981 1448 5031 έν
1479 4981 1588 5041 τοῖς
1618 4979 1796 5047 ἀγῶσι

219 5068 340 5127 τοῖς
365 5064 595 5134 μείζοσι.
640 5065 929 5137 Παρρησίᾳ
961 5066 1067 5136 γὰρ
1095 5066 1235 5120 κατὰ
1255 5067 1351 5137 τῆς
1377 5067 1629 5130 ἀσεϐείας
1659 5086 1792 5139 χρη-

1901 4160 2041 4214 rium
2095 4173 2444 4231 capesseret,
2498 4164 2908 4233 exercitumque
2973 4167 3023 4218 in
3076 4165 3262 4220 hostili
3321 4175 3464 4222 terra

1902 4263 2196 4323 tutaretur,
2221 4266 2274 4311 et
2301 4256 2600 4310 Romanam
2626 4257 3019 4327 rempublicam
3040 4296 3054 4322 ,
3081 4257 3132 4311 in
3159 4259 3294 4322 acie,
3323 4261 3466 4328 quod

1900 4347 2088 4412 aiunt,
2122 4349 2404 4403 novaculae
2441 4348 2685 4404 defuncti
2728 4350 3038 4404 temeritate
3072 4351 3303 4419 positam
3333 4366 3466 4405 con-

1901 4437 2156 4494 ﬁrmaret.
2201 4439 2336 4493 Dum
2370 4441 2695 4503 deliberant,
2755 4440 2954 4494 milites
2997 4458 3160 4496 unum
3200 4442 3251 4495 in
3288 4442 3463 4497 locum

1897 4531 2214 4603 congregati
2261 4530 2551 4585 Jovianum
2601 4541 2974 4602 poposcerunt
3036 4533 3418 4602 imperatorem
3446 4573 3461 4596 ,

1897 4623 1988 4692 qiii
2019 4639 2115 4678 nec
2143 4623 2404 4694 magister
2437 4631 2555 4678 erat
2591 4624 2850 4686 militum,
2891 4639 2990 4679 nec
3020 4626 3258 4679 secundo
3290 4639 3319 4678 a
3354 4641 3464 4679 ma-

1899 4715 2083 4784 gistris
2114 4715 2233 4771 loco
2270 4716 2598 4772 censebatur
2649 4734 2661 4770 :
2707 4717 2788 4769 vir
2825 4726 3000 4771 Iamen
3042 4718 3225 4772 clarus
3259 4728 3310 4773 et
3343 4719 3465 4772 illn-

1899 4809 2060 4869 stris,
2097 4823 2162 4862 ac
2188 4809 2374 4863 multis
2409 4808 2573 4863 rebus
2603 4808 2823 4864 nobilis.
2855 4807 2990 4863 Nam
3019 4817 3073 4864 et
3099 4825 3324 4879 corpore
3347 4819 3464 4866 erat

1898 4897 2102 4967 ingenti
2122 4939 2136 4960 ,
2165 4907 2218 4954 et
2243 4900 2425 4954 animo
2460 4900 2677 4955 excelso
2699 4939 2714 4962 ,
2745 4910 2910 4970 atque
2945 4901 2998 4954 in
3029 4901 3171 4956 bello
3197 4943 3213 4969 ,
3248 4910 3302 4956 et
3335 4919 3459 4973 gra-

1899 4989 2138 5044 vioribus
2176 4991 2230 5044 in
2274 4991 2665 5046 certaminibus
2703 5001 2960 5047 strenuus
2997 5007 3122 5048 esse
3165 5009 3466 5048 consueve-

1897 5088 2000 5136 rat.
2018 5080 2184 5135 Porro
2195 5081 2362 5151 946
2377 5082 2638 5150 impietati
2657 5083 2824 5138 libere
2847 5085 3120 5140 obsistens
3135 5086 3346 5155 tyranni
3368 5101 3463 5153 po-

222 5158 482 5227 σάμενος,
533 5155 624 5209 τοῦ
663 5157 922 5228 τυράννου
962 5159 1058 5228 τὴν
1086 5159 1399 5212 δυναστείαν
1437 5160 1535 5212 οὒκ
1569 5159 1789 5224 ἔδεισεν,
1823 5150 1870 5209 D
1902 5172 2122 5226 tentiam
2142 5187 2247 5225 non
2269 5150 2548 5237 timuerat,
2582 5174 2674 5228 sed
2703 5175 2870 5230 animi
2894 5177 3090 5231 robore
3112 5150 3234 5230 cnm
3256 5150 3456 5231 Christi

217 5251 364 5306 ἀλλά
389 5252 529 5306 κατὰ
556 5251 653 5323 τὴν
701 5253 1006 5324 προθυμίαν
1035 5257 1145 5318 τοῖς
1178 5254 1269 5308 τοῦ
1309 5254 1545 5324 Χριστοῦ
1571 5255 1613 5286 ⁸¹
1650 5258 1790 5326 μάρ-

216 5359 345 5397 τυσι
368 5344 740 5398 συνετέτακτο.
764 5345 895 5398 Τότε
919 5345 983 5415 δὴ
1004 5347 1052 5398 οἱ
1075 5348 1389 5416 στρατηγοὶ,
1413 5347 1511 5410 τῆς
1535 5349 1793 5415 στρατιᾶς

220 5434 326 5503 τὴν
355 5436 669 5506 συμφωνίαν
694 5435 843 5489 θείαν
865 5436 1042 5506 ιιιῆφον
1068 5435 1448 5502 ὑπολαϐόντες,
1477 5437 1680 5506 ἧγαγον
1711 5439 1788 5500 είς

1899 5261 2232 5332 martyribus
2251 5261 2586 5331 aequabatur.
2607 5261 2761 5319 Tunc
2782 5265 3026 5336 magistri
3047 5263 3295 5328 militum,
3329 5279 3456 5317 con-

1899 5366 2118 5406 sensum
2139 5351 2412 5405 exercilus
2440 5351 2685 5407 divinum
2710 5355 2979 5424 quoddam
2997 5364 3118 5409 esse
3142 5352 3456 5421 suﬂ‘ragium

1898 5436 2179 5503 arbitrati,
2239 5436 2596 5494 fortissimum
2646 5442 2797 5499 illum
2842 5443 3017 5499 virum
3071 5441 3372 5513 producunt
3405 5447 3458 5495 in

1483 5617 1717 5674 νΑιιιιΕ
1765 5619 2168 5679 LECTIONES.

258 5746 304 5779 ³⁸
347 5753 402 5808 δέ
431 5751 632 5810 addunt
660 5754 825 5813 Basil.
856 5755 949 5812 Gr.
997 5762 1051 5815 et
1089 5752 1277 5826 Sleph.
1345 5757 1388 5790 ³⁹
1432 5757 1684 5830 Σωτῆρος
1717 5759 1884 5830 ἡμῶν.
1915 5759 2101 5818 iidem.
