4218 6456
783 355 918 419 li‘27

1736 352 2221 413 Tlll‘ZUDURETl
2258 352 2596 414 EPISCOPI
2628 354 2993 422 CYRENSIS

3907 364 4055 427 1123

784 482 908 536 qua:
932 466 987 520 in
1016 465 1165 520 ltalia
1200 474 1307 518 tota
1333 474 1385 519 et
1413 464 1710 536 Campania
1731 507 1746 532 ,
1788 464 2056 520 Dalmatia
2082 476 2135 522 et
2168 464 2333 539 Mysia

2466 471 2523 522 ἐν
2549 471 2753 543 Νικαίᾳ
2782 473 3125 536 συνελθόντες
3151 473 3413 548 Πατέρες,
3444 474 3533 528 καὶ
3564 476 3731 547 ταύτῃ
3764 476 4054 549 σύμψηφοι

786 556 1099 612 Macedonia
1121 596 1136 620 ,
1164 568 1218 611 et
1248 554 1459 611 Graecia
1492 565 1634 616 tota.
1669 572 1921 627 quaeque-
1944 559 1997 612 in
2031 557 2213 611 Africa
2236 558 2359 612 uni-

783 663 964 711 versa,
995 655 1049 701 et
1083 647 1336 701 Sardinia
1361 687 1376 712 ,
1423 658 1477 704 et
1515 648 1715 720 Cypro,
1766 658 1820 704 et
1847 648 2005 703 Creta
2028 690 2043 715 ,
2083 647 2359 721 Pamphy-

782 741 994 809 liaque,
1026 740 1233 795 Isauria
1267 751 1319 794 et
1352 739 1549 809 Lycia,
1595 750 1810 811 et-qua:
1849 742 1903 794 in
1939 749 2052 796 tota
2083 739 2354 813 Egypto,

780 846 844 885 ac
876 830 1045 901 Libya
1069 872 1082 895 ,
1116 833 1295 887 Ponto
1330 841 1384 888 et
1414 831 1759 902 Cappadocia
1780 871 1795 895 ,
1839 832 2147 903 vicinisque
2194 833 2358 902 parti-

781 921 911 990 bus,
942 927 992 978 e't
1012 925 1305 979 orientales
1326 923 1608 987 Ecclesiae,
1633 936 1824 995 praeter
1848 939 2052 994 paucos
2074 963 2088 988 ,
2114 924 2353 994 quicum

776 1016 909 1068 Ario
941 1017 1204 1070 sentiunt.
1242 1015 1637 1071 Praedictorum
1680 998 1826 1071 enim
1853 1017 2096 1069 omnium
2130 1024 2355 1071 senten—

777 1106 909 1158 tiam
931 1104 1271 1173 experientia
1300 1106 1581 1161 novimus.
1616 1111 1670 1157 et
1701 1103 1911 1157 litteras
1932 1102 2221 1167 habemus,
2248 1102 2357 1158 sci-

777 1208 1039 1262 musque,
1102 1194 1516 1265 religiosissime
1560 1194 1837 1263 Auguste,
1898 1194 2153 1262 quamvis
2194 1193 2353 1263 pauci

772 1286 993 1354 quidam
1026 1287 1153 1341 huic
1198 1288 1321 1341 ﬁdei
1348 1284 1753 1351 contradicant,
1781 1285 1902 1339 orbi
1935 1293 2206 1340 terrarum
2232 1286 2351 1340 uni-

774 1397 934 1436 verso
968 1380 1343 1451 ptmjudicium
1380 1378 1576 1434 aﬂerre
1615 1394 1724 1433 non
1758 1393 1938 1448 posse.
1990 1378 2178 1447 Longo
2203 1377 2348 1430 enim

775 1480 1019 1542 tempore
1042 1471 1243 1523 Ariana
1271 1469 1459 1524 haeresi
1488 1466 1698 1529 infecti,
1728 1465 2127 1521 eontentiosius
2158 1461 2349 1534 pietati

776 1576 925 1615 nunc
962 1560 1260 1615 obsistunt.
1313 1560 1487 1627 Atque
1539 1565 1599 1611 ut
1641 1563 1947 1626 cognoscat
1995 1556 2169 1625 pietas
2221 1564 2346 1620 tua,

768 1654 870 1708 etsi
911 1653 1223 1723 cognoscit,
1257 1650 1414 1704 ﬁdem
1453 1656 1675 1715 tamen,
1709 1664 1869 1717 quam
1893 1646 2087 1701 Nicaaaz
2114 1647 2345 1701 trecenti

2460 560 2789 630 τυγχάνουσι
2818 563 2989 615 πᾶσαι
3045 564 3101 616 αί
3135 563 3279 616 κατά
3305 564 3470 617 τόπον
3516 564 3857 635 Ἐκκλησίαι,
3900 568 3967 620 ατ
3991 586 4053 622 τε

2462 652 2603 704 κατά
2641 652 2880 707 Σπανίαν
2904 654 2972 715 ⁶¹,
3011 654 3106 707 καὶ
3135 654 3486 724 Βρεττανίαν,
3537 655 3631 707 καὶ
3663 655 3921 719 Γαλλίας,
3957 661 4055 713 καὶ

2459 743 2516 795 αἱ
2557 743 2613 802 ',',
2634 743 2733 814 τῆς
2783 743 3012 809 Ἰταλίας
3046 745 3249 816 πάσης,
3288 746 3382 798 καὶ
3426 745 3780 815 Καμπανίας,
3819 748 4051 817 Δαλμα-

2458 835 2581 898 τίας
2604 854 2662 890 τε
2703 838 2796 891 καὶ
2822 838 3060 903 Μυσίας,
3091 839 3450 905 Μακεδονίας,
3494 838 3587 892 καὶ
3636 839 3819 909 πάσης
3859 840 4056 894 Ἐλλά-

2457 923 2567 987 δος,
2598 927 2691 978 καὶ
2719 929 2775 980 αί
2822 927 2963 980 κατὰ
3010 928 3108 999 τὴν
3153 929 3420 1000 Ἀφρικὴν
3455 930 3650 992 πᾶσαι,
3706 930 3802 981 καὶ
3849 930 4053 1000 Σαρδι-

2458 1016 2664 1081 virm",
2689 1020 2782 1071 καὶ
2805 1020 3051 1090 Κύπρον,
3089 1021 3181 1074 καὶ
3218 1022 3464 1092 Κρήτην,
3499 1020 3829 1092 Παμφυλίαν
3860 1039 3918 1076 τε
3960 1026 4053 1075 καὶ

2468 1108 2823 1180 ἰσαυρίαν⁶⁸,
2870 1113 2963 1164 καὶ
2996 1112 3224 1175 Λυκίαν,
3274 1115 3368 1166 καὶ
3397 1114 3450 1166 αί
3480 1114 3623 1167 κατά
3667 1114 3851 1169 πᾶσαν
3881 1117 4053 1181 Λίγυ-

2467 1218 2601 1255 πτον
2631 1203 2698 1265 ⁸⁸,
2730 1203 2824 1255 καὶ
2858 1204 3085 1275 Λιϐύην,
3118 1206 3213 1259 καὶ
3237 1206 3453 1271 Πόντον,
3486 1206 3579 1259 καὶ
3612 1207 4048 1263 Καππαδοκίαν.

2454 1294 2550 1347 καὶ
2584 1293 2651 1347 τά
2681 1294 2908 1363 πλησίον
2938 1297 3103 1368 μέρη,
3127 1299 3222 1351 καὶ
3248 1300 3304 1351 αί
3336 1299 3476 1353 κατὰ
3513 1301 3778 1363 ἀνατολὰς
3808 1300 4050 1370 Ἐκκλη-

2453 1385 2589 1450 σίαι,
2643 1386 2818 1458 πάρεξ
2861 1388 3056 1457 ὀλίγων
3114 1391 3221 1443 τῶν
3278 1392 3345 1445 τὰ
3408 1392 3619 1462 Ἀρείου
3670 1396 4045 1464 φρονούντων.

2453 1474 2679 1528 Πάντων
2704 1477 2817 1547 γὰρ
2840 1476 2949 1531 τῶν
2982 1480 3396 1551 προειρημένων
3428 1484 3491 1551 τῇ
3524 1482 3691 1553 πείρᾳ
3717 1481 4046 1553 ἐγνώκαμεν

2449 1564 2551 1636 τὴν
2586 1565 2835 1637 γνώμην,
2891 1569 2984 1622 καὶ
3042 1570 3348 1642 γράμματα
3401 1573 3621 1642 ἔχομεν,
3666 1575 3759 1625 καὶ
3792 1574 4042 1642 οἴδαμεν,

2447 1654 2827 1725 θεοφιλέστατε
2881 1658 3177 1727 Αὖγουστε,
3215 1660 3417 1715 ὅτικᾶν
3455 1662 3623 1730 ὀλίγοι
3653 1663 3796 1727 τινὲς
3829 1664 4044 1716 ἀντιλὲ-

770 1747 963 1801 decem
1000 1753 1053 1799 et
1109 1755 1232 1799 octo
1285 1741 1530 1814 episcopi
1585 1739 1814 1811 professi
1864 1745 2027 1804 sunt,
2069 1738 2337 1806 subjicere

2448 1763 2586 1815 γωσι
2610 1747 2655 1779 ⁸⁸
2677 1746 2935 1819 ταύτῃτῇ
2962 1750 3161 1813 πίστει,
3185 1751 3247 1803 οὐ
3273 1750 3527 1806 δύνανται
3556 1754 3839 1823 πρόκριμα
3864 1758 4043 1807 ποιείν

768 1839 1113 1902 studuimus,
1152 1850 1273 1905 qua:
1312 1842 1396 1890 est
1446 1832 1763 1904 huiusmodi
1799 1850 1811 1886 :

2452 1836 2599 1908 πάσῃ
2630 1841 2695 1908 τῇ
2722 1840 3037 1913 οἰκουμένῃ.
3066 1841 3252 1913 Πολλῴ
3276 1842 3384 1913 γὰρ
3405 1843 3582 1914 χρόνῳ
3602 1822 3900 1913 βλαϐέντες
3932 1846 4043 1896 ἀπὸ

766 1928 865 1995 τῆς
910 1926 1195 1996 ’Λρειανῆς
1250 1924 1535 1993 αἱρέσεως,
1615 1919 2046 1991 φιλονεικότερον
2093 1918 2190 1972 νῦν
2248 1921 2598 1979 ἀνθίστανται
2641 1927 2704 1999 τῇ
2751 1930 3049 2000 εὐσεϐείᾳ.⁴
3102 1932 3210 1985 Καὶ
3266 1933 3405 2002 ὑπὲρ
3449 1933 3541 1985 τοῦ
3607 1935 3899 2003 γινώσκειν
3942 1935 4040 2004 τὴν

772 2019 871 2088 σὴν
919 2017 1222 2081 εὐσέϐειαν,
1274 2014 1453 2067 καίτοι
1502 2012 1900 2082 γινώσκουσαν,
1979 2013 2130 2082 ὅμως
2188 2012 2603 2086 ἐσπουδάσαμεν
2670 2018 2766 2088 τὴν
2819 2022 2876 2073 ὲν
2932 2021 3136 2093 Νικαίᾳ
3218 2024 3399 2079 πίει-ξεν
3448 2025 3874 2098 εμολογηοεῖπν
3934 2029 4040 2091 ὑπδ

762 2108 1091 2179 τριακοσίων
1144 2106 1276 2158 δέκα
1327 2108 1423 2159 καὶ
1473 2104 1616 2159 ὀκτὼ
1669 2105 1980 2158 ἐπισκόπων
2046 2104 2331 2167 ὑποτάξαι.
2374 2106 2531 2162 Ἐστι
2562 2110 2619 2164 δὲ
2647 2111 2821 2185 αὕτη·

833 2200 1122 2256 Credimus
1152 2205 1203 2254 in
1235 2217 1401 2255 unum
1435 2199 1624 2267 Deum,
1648 2200 1862 2256 Patrem
1883 2199 2337 2270 omnipotentem,

2518 2207 2853 2280 Πιστεύομεν
2897 2212 2977 2276 είς
3023 2213 3117 2266 ἕνα
3146 2212 3299 2277 Θεὸν,
3343 2215 3559 2287 Πατέρα
3592 2218 4036 2287 παντοκρᾶπορα,

762 2294 1007 2348 omnium
1045 2293 1345 2347 visibilium
1377 2299 1432 2348 et
1461 2292 1821 2347 invisibilium
1855 2292 2146 2345 factorem.
2186 2291 2246 2345 Et
2286 2292 2337 2346 in

2446 2300 2662 2354 πάντων
2682 2302 2894 2373 ὁρατῶν
2923 2321 2979 2357 τε
3008 2305 3100 2357 καὶ
3130 2306 3378 2375 ἀοράτων
3410 2309 3660 2379 ποιητήν.
3694 2308 3801 2361 Καὶ
3831 2311 3912 2370 εἰς
3935 2309 4036 2361 ἕνα

676 2430 681 2437 .
763 2402 931 2441 unum
964 2384 1255 2440 Dominum
1288 2384 1476 2441 Jesum
1508 2385 1788 2439 Christum
1822 2384 2020 2438 Filium
2084 2383 2177 2439 Dei
2214 2385 2341 2439 uni-

761 2481 1027 2555 genitum,
1056 2478 1301 2549 genitum
1333 2479 1397 2533 de
1429 2476 1610 2542 Patre,
1650 2478 1749 2532 hoc
1792 2487 1875 2533 est
1904 2479 1971 2533 de
2027 2478 2338 2535 substantia

760 2577 937 2631 Patris
982 2593 993 2629 :
1029 2564 1201 2629 Deum
1229 2572 1297 2629 de
1335 2568 1467 2639 Deo,
1509 2569 1693 2627 lumen
1756 2568 1824 2624 de
1882 2570 2110 2634 l-nmine,
2170 2570 2337 2625 Deum

759 2682 948 2722 verum
983 2666 1051 2720 de
1078 2663 1187 2719 Deo
1216 2678 1345 2719 vero
1378 2681 1390 2717 :
1425 2664 1691 2734 genitum,
1716 2677 1826 2717 non
1846 2659 2074 2725 factum,
2094 2662 2337 2716 consub-

758 2759 1073 2815 stantialem
1106 2756 1273 2822 Patri,
1308 2770 1401 2825 per
1424 2770 1591 2824 quem
1641 2755 1826 2819 omnia
1880 2753 2023 2808 facta
2043 2764 2193 2818 sunt,
2215 2754 2336 2808 sive

759 2868 882 2922 quae
913 2851 965 2905 in
1006 2850 1173 2914 cmlo,
1235 2850 1351 2904 sive
1379 2863 1506 2918 qua:
1542 2850 1595 2901 in
1620 2854 1787 2902 terra.
1847 2845 1949 2912 Qui
1983 2853 2206 2917 propter
2236 2860 2337 2901 nos

760 2945 1033 3007 homines,
1063 2951 1118 2996 et
1154 2948 1376 3011 prapter
1408 2949 1649 2993 nostram
1682 2938 1939 3002 salutem,
1972 2937 2252 2992 descendit
2282 2945 2337 2992 et

759 3039 1080 3091 incarnatus
1109 3041 1210 3093 est.
1240 3047 1434 3103 passus
1463 3038 1570 3095 est,
1626 3030 1786 3101 951
1823 3031 2124 3086 resurrexit
2175 3030 2337 3086 tertia

757 3130 871 3191 die,
902 3126 1153 3182 ascendit
1182 3124 1249 3179 ad
1282 3124 1475 3187 caelos,
1510 3133 1777 3179 venturus
1806 3131 1890 3177 est
1911 3121 2159 3191 judicare
2184 3123 2336 3177 vivos

756 3230 811 3276 et
842 3228 1108 3274 mortuos.
1137 3216 1201 3270 Et
1230 3216 1281 3270 in
1314 3215 1577 3287 Spiritum
1603 3223 1872 3271 sanctum.
1904 3215 2008 3270 Eos
2033 3224 2212 3269 autem
2243 3214 2338 3286 qui

757 3312 1001 3375 tlicunt,t
1024 3310 1148 3362 Erat
1167 3307 1387 3379 quando
1419 3323 1527 3362 non
1548 3315 1717 3372 erat,»
1743 3312 1815 3372 et,
1847 3325 1863 3358 ι
1886 3305 2211 3377 Priusquam
2242 3321 2339 3360 na-

2445 2390 2665 2463 Κύριον
2692 2391 2893 2465 Ἰησοῦν
2942 2396 3198 2467 Χριστὸν,
3231 2397 3321 2450 τὸν
3352 2398 3481 2451 Υίὸν
3512 2400 3606 2451 τοῦ
3648 2399 3806 2467 Θεοῦ,
3837 2410 4037 2470 γεννη-

2450 2481 2615 2536 θέντα
2646 2484 2709 2538 ἐκ
2740 2486 2836 2539 τοῦ
2857 2487 3071 2557 Πατρδς
3093 2492 3378 2559 μονογενῆ,
3398 2490 3680 2544 τουτέστιν
3709 2492 3773 2543 ἐκ
3804 2490 3906 2560 τῆς
3936 2492 4033 2543 οὐ·

2445 2571 2568 2635 σίας
2595 2572 2687 2626 τοῦ
2716 2574 2927 2646 Πατρός
2953 2593 2968 2608 ο
2999 2574 3133 2627 Θεὸν
3164 2578 3228 2628 ὲκ
3262 2575 3419 2639 Θεοῦ,
3445 2576 3560 2645 φῶς
3581 2578 3646 2630 ὲκ
3673 2577 3869 2645 φωτὸς⁴
3895 2576 4034 2629 Θεὸν

2444 2663 2695 2735 ἀληθινὸν
2709 2665 2918 2719 ὲκΘεοῦ
2931 2665 3207 2737 ἀληθινοῦ
3229 2667 3580 2737 γεννηθέντα,
3610 2669 3673 2720 οὐ
3695 2666 3996 2735 ποιηθέντα
4012 2682 4031 2698 ·

2442 2755 2726 2825 ὀμοούσιον
2747 2756 2825 2827 τῷ
2847 2758 3041 2827 Πατρὶ,
3071 2757 3139 2811 δι’
3166 2752 3226 2812 οὗ
3249 2758 3317 2812 τά
3345 2761 3521 2812 πάντα
3540 2759 3772 2827 ἐγένετο,
3800 2759 3867 2811 τά
3885 2775 3949 2811 τε
3976 2759 4033 2810 iv

2440 2841 2519 2913 τῷ
2545 2843 2780 2915 οὐρανῷ,
2809 2846 2904 2897 καὶ
2941 2846 3010 2897 τὰ
3040 2846 3131 2898 ἐπὶ
3162 2847 3260 2918 τῆς
3299 2846 3423 2916 γῆς.
3462 2848 3566 2899 Τὸν
3608 2847 3677 2900 δι’
3720 2848 3869 2918 ἡμᾶς
3900 2848 4032 2911 τοὺς

2440 2933 2779 3004 ἀνθρώπους,
2817 2936 2911 2989 καὶ
2957 2937 3048 2990 διά
3079 2938 3177 3007 τὴν
3208 2938 3484 3011 ἡμετέραν
3517 2940 3791 3010 σωτηρίαν
3838 2940 4036 2993 κατελ-

2440 3025 2640 3093 θόντα,
2710 3028 3091 3100 σαρκωθέντα,
3139 3031 3638 3105 ὲνανθρωπήσαντα
3656 3033 3722 3095 ⁸⁷,
3762 3032 4028 3094 παθόντα,

2445 3119 2539 3173 καὶ
2572 3120 2879 3174 ἀναστάντα
2909 3123 2975 3193 τῇ
3006 3121 3165 3194 τρίτῃ
3208 3123 3412 3195 ἡμέρα,
3456 3123 3747 3188 ἀνελθόντα
3789 3124 3871 3185 είς
3901 3124 4031 3186 τοὺς

2442 3212 2723 3283 οὐρανοὺς,
2756 3213 3052 3284 ἐρχόμενον
3084 3217 3263 3285 κρίναι
3294 3215 3502 3279 ζῶντας
3528 3218 3622 3271 καὶ
3642 3215 3889 3286 νεκρούς.
3918 3216 4032 3269 Καὶ

2444 3304 2522 3366 είς
2553 3302 2613 3355 τὸ
2641 3304 2796 3372 ἀγιον
2830 3302 3072 3374 Πνεῦμα.
3107 3306 3245 3369 Τοὺς
3274 3306 3332 3360 δὲ
3380 3306 3657 3375 λέγοντας,
3688 3324 3707 3357 ι
3751 3302 3859 3360 *Ην
3894 3323 4029 3359 ποτε

759 3413 1006 3461 scerctur
1028 3418 1137 3457 non
1156 3408 1294 3466 erat,
1310 3409 1391 3454 iet
1408 3400 1557 3472 quod
1576 3415 1640 3455 ex
1671 3416 1777 3455 non
1798 3398 2144 3455 esstantibus
2160 3398 2337 3456 factus

2442 3392 2531 3445 ὅτε
2553 3388 2788 3465 οὐκ’ἦν,ι
2815 3396 2930 3457 καὶ,
2956 3396 3123 3466 «Πρὶν
3138 3397 3578 3468 γεννηθῆναιοὺκ
3600 3393 3686 3467 ἦν,
3703 3416 3720 3447 ι
3746 3399 3839 3451 καὶ
3855 3399 3939 3469 ὅτι
3970 3400 4030 3464 ἐξ

758 3512 864 3561 est,
918 3498 999 3552 vel
1045 3512 1112 3551 ex
1146 3495 1253 3548 alia
1311 3494 1621 3550 substantia
1656 3493 1740 3548 vel
1791 3494 2034 3548 essentia
2086 3491 2339 3548 dicentes

756 3604 901 3649 esse,
933 3587 1020 3641 vel
1058 3593 1327 3647 creatum,
1364 3570 1465 3637 aut.
1488 3582 1926 3648 eonvertibilem,
1974 3588 2067 3637 aut
2099 3582 2340 3636 mutabi-

757 3678 861 3733 lem
898 3675 1098 3729 Filium
1134 3672 1248 3738 Dei,
1284 3674 1713 3729 anathematizat
1768 3680 1960 3728 sancta
1988 3672 2255 3728 catholica
2283 3679 2339 3728 et

755 3768 1061 3839 apostolica
1082 3764 1350 3820 Ecclesia.

825 3859 882 3915 In
916 3861 1018 3914 hac
1042 3860 1164 3926 iide,
1199 3856 1619 3929 religiosissime
1667 3859 1933 3928 Auguste,
1969 3864 2027 3911 ut
2056 3856 2243 3913 divina
2280 3866 2336 3913 et

754 3952 1078 4023 apostolica,
1111 3952 1431 4006 necessario
1454 3948 1872 4004 consistendum
1906 3956 2013 4013 est,
2046 3963 2148 4004 nec
2178 3950 2335 4020 eam}

750 4039 1125 4095 contensiosis
1180 4047 1234 4093 et
1290 4040 1356 4092 ad
1416 4038 1857 4108 persuadendum
1906 4038 2336 4095 accommodatis

752 4134 1102 4189 sermonibus
1134 4134 1424 4187 immutare
1443 4134 1734 4202 quisquam
1762 4131 1954 4187 debet:
1977 4132 2119 4202 quod
2145 4146 2333 4187 amen-

751 4234 836 4282 tes
891 4226 1076 4279 Ariani
1108 4224 1178 4279 ab
1227 4225 1385 4280 initio
1417 4224 1686 4288 fecerunt,
1719 4240 1785 4279 ex
1820 4241 1929 4279 non
1986 4225 2332 4281 exstantibus

749 4321 993 4375 dicentes
1022 4318 1225 4372 Filium
1260 4317 1375 4379 Dei,
1407 4323 1461 4371 et
1482 4316 1628 4387 quod
1660 4324 1780 4371 erat
1800 4318 2019 4388 quando
2050 4334 2154 4372 non
2190 4326 2328 4382 erat,

748 4424 802 4467 et
832 4411 979 4482 quod
1002 4421 1241 4475 creatus,
1272 4417 1328 4465 et
1360 4409 1559 4473 factus,
1591 4420 1645 4464 et
1674 4411 2054 4466 convertibilis
2086 4412 2177 4466 sit.
2212 4409 2329 4476 Qua

749 4506 820 4561 de
845 4520 1010 4559 causa
1041 4504 1287 4574 synodus
1316 4500 1566 4566 Nicmna,
1594 4509 1652 4555 ut
1685 4513 1810 4557 ante
1840 4503 2104 4566 diximus,
2140 4503 2330 4557 istius-

748 4591 898 4647 modi
956 4591 1208 4646 hteresim
1260 4590 1610 4644 anathemate
1661 4589 1911 4655 conﬁxit,
1968 4590 2329 4659 veritatisque

751 4684 909 4739 [idem
942 4684 1188 4755 professa
1219 4690 1322 4739 est.
1356 4680 1472 4737 Non
1524 4682 1670 4738 enim
1730 4682 2058 4751 simpliciter
2087 4682 2336 4738 similem'

750 4772 898 4829 Patri
954 4774 1150 4829 Filium
1190 4774 1472 4837 dixerunt,
1505 4788 1574 4827 ne
1605 4771 1928 4843 simpliciter
1956 4772 2153 4827 similis
2194 4770 2323 4838 Deo,

751 4867 847 4922 sed
878 4882 942 4921 ex
977 4866 1088 4921 De’o
1134 4865 1287 4922 Deus’
1303 4880 1470 4922 verus
1499 4862 1761 4919 credatur
1793 4880 1808 4918 :
1841 4862 1936 4919 sed
1982 4862 2330 4917 consubstan-

750 4960 928 5015 tialem
982 4975 1201 5030 quoque
1249 4960 1618 5030 scripserunt,
1661 4955 1806 5027 quod
1854 4956 2103 5028 germani
2134 4965 2186 5012 et
2214 4956 2329 5013 veri

745 5069 809 5107 ex
846 5067 970 5107 vero
1000 5062 1053 5106 et
1107 5052 1343 5106 naturali
1400 5058 1556 5121 patre
1601 5048 1695 5102 [iiii
1755 5058 1841 5104 est
1875 5049 2175 5119 proprium.
2224 5047 2329 5104 Sed

748 5158 925 5213 neque
977 5140 1238 5212 Spiritum
1289 5150 1543 5213 sanctum
1576 5155 1606 5193 a
1634 5138 1803 5194 Patre
1830 5147 1884 5193 et
1915 5138 2054 5193 Filio
2102 5154 2321 5209 separa-

747 5241 894 5299 runt,
927 5233 1021 5288 sed
1071 5247 1194 5286 eum
1239 5247 1363 5287 cum
1396 5231 1558 5285 Patre
1584 5240 1638 5286 et
1668 5230 1806 5283 Filio
1853 5228 2235 5300 gloriﬁcarunt
2266 5229 2321 5283 in

746 5345 853 5382 una
886 5336 1090 5383 sancta‘
1122 5325 1405 5380 Trinitatis
1438 5324 1564 5391 ﬁde,
1608 5333 1894 5396 propterea
1920 5321 2066 5394 quod
2114 5336 2221 5376 una
2252 5322 2323 5377 sit

746 5422 800 5476 in
831 5430 1018 5477 sancta
1050 5418 1319 5475 Trinitnte
1348 5419 1630 5475 divinitas.

2440 3486 2541 3538 οὐκ
2560 3485 2730 3538 ὄντων
2761 3484 2996 3553 ἐγένετο,
3033 3487 3065 3556 ἧ
3096 3486 3158 3552 ἐξ
3182 3489 3375 3559 ἑτέρας
3406 3488 3815 3559 ὑποστάσεωςῆ
3838 3488 4028 3552 οὐσίας

2441 3577 2748 3646 φάσκοντας
2772 3574 2930 3640 εἶναι,
2967 3577 2999 3648 ἢ
3032 3579 3269 3642 κτιστὸν,
3309 3580 3342 3650 ῆ
3379 3579 3632 3648 τρεπτὸν,
3665 3578 3695 3649 ῆ
3731 3579 4029 3633 ἀλλοιωτὸν

2439 3668 2531 3722 τὸν
2587 3668 2714 3722 Υίδν
2744 3671 2838 3723 τοῦ
2867 3669 3025 3733 Θεοῦ,
3064 3669 3285 3736 τούτους
3338 3670 3490 3743 1155]
3552 3671 3945 3736 ἀναθεματίζει
3993 3675 4027 3743 ἡ

2440 3760 2571 3829 ἀγία
2605 3760 2866 3831 καθολικὴ
2900 3762 2993 3815 καὶ
3027 3762 3359 3834 ἀποστολικὴ
3401 3763 3700 3833 Ἐκκλησία

2511 3854 2690 3926 Ταύτῃ
2721 3857 2784 3925 τῇ
2828 3855 3028 3919 πίστει,
3060 3855 3445 3923 θεοφιλέστατε
3479 3855 3789 3923 Αῦγουστε,
3824 3858 4026 3926 ἑπιμέ·

2439 3963 2549 3999 νειν
2582 3947 2897 4015 ἀναγκαῖον,
2922 3946 2998 4009 ὡς
3027 3946 3147 4018 θεία
3183 3949 3277 4001 καὶ
3313 3948 3667 4018 ἀποστολικῇ,
3694 3949 3789 4001 καὶ
3816 3948 4026 4018 μηδένα

2442 4037 2751 4107 μετακινεῖν
2795 4035 2965 4106 αὐτὴν
3023 4037 3430 4106 πιθανολογίαις
3487 4040 3581 4091 καὶ
3627 4039 4019 4109 λογομαχῐαις·

2436 4130 2575 4199 ὅπερ
2617 4127 2881 4183 ἐποίησαν
2925 4129 2986 4193 ἐξ
3030 4130 3204 4199 ἀρχῆς
3232 4130 3280 4182 oi
3334 4130 3759 4200 Ἀρειομανῖται,
3808 4130 3869 4196 ἐξ
3923 4132 4024 4184 οὐκ

2434 4221 2605 4275 ὄντων
2641 4220 2732 4273 τὸν
2790 4220 2907 4273 Γίδν
2937 4219 3030 4273 τοῦ
3061 4218 3195 4273 Θεοῦ
3239 4220 3510 4288 λέγοντες,
3552 4222 3647 4274 καὶ
3675 4222 3758 4274 ὅτι
3789 4215 3861 4292 ἦν
3891 4239 4023 4275 ποτε

2434 4312 2524 4365 ὅτε
2553 4312 2653 4365 οὐκ
2698 4306 2787 4383 ἦν,
2824 4311 2917 4365 καὶ
2962 4310 3199 4376 κτιστδς,
3232 4311 3327 4364 καὶ
3359 4311 3598 4382 ποιητὸς,
3646 4312 3741 4363 καὶ
3784 4313 4023 4382 τρεπτός

2433 4407 2570 4460 ἐστι.
2615 4406 2713 4460 Διά
2754 4406 2914 4459 τοῦτο
2963 4406 3095 4477 γάρ,
3147 4406 3290 4460 καθά
3340 4407 3697 4478 προείπομεν,
3741 4408 3839 4460 καὶ
3888 4409 3920 4477 ἡ
3966 4410 4024 4459 ἐν

2433 4499 2643 4571 Νικαίᾳ
2674 4499 2893 4564 σύνοδος
2940 4499 3303 4570 ἀνεθεμάτισε
3339 4501 3439 4569 τὴν
3480 4500 3737 4573 τοιαύτην
3779 4501 4019 4571 αἰρεσιν,

2431 4592 2530 4663 τὴν
2557 4592 2615 4645 δὲ
2658 4592 2756 4662 τῆς
2791 4591 3049 4662 ἀληθείας
3092 4591 3273 4645 πίστιν
3304 4590 3655 4661 ὡμολόγησεν
3675 4592 3741 4645 ⁸⁸.
3789 4593 3867 4644 Οὐ
3910 4594 4022 4662 γᾶρ

2433 4683 2619 4748 ἀπλῶς
2658 4685 2839 4754 ὅμοιον
2869 4684 3121 4755 είρήκασι
3150 4671 3239 4735 τδν
3273 4682 3399 4736 Υίδν
3443 4681 3518 4753 τῷ
3566 4682 3759 4755 Πατρὶ,
3809 4684 3903 4737 ἵνα
3946 4684 4022 4755 μὴ

2360 4738 2403 4794 D
2434 4738 2621 4841 ἁπλῶς
2650 4738 2835 4848 ὅμοιος
2864 4738 3154 4851 ᾗὲθιθεοῦ,
3188 4775 3303 4829 ἀλλ’
3331 4778 3393 4830 ὲκ
3426 4738 3520 4828 τοῦ
3548 4738 3695 4829 Θεοῦ.
3713 4738 3849 4840 Θεὸς
3885 4738 4023 4846 ἀλιηὶ

2430 4870 2576 4934 θινὸς
2631 4868 2983 4940 πίστεύηται·
3043 4869 3177 4923 ἀλλὰ
3224 4871 3320 4924 καὶ
3371 4871 3699 4939 ὁμοούσιον
3742 4869 4018 4941 ἔγραψαν,

2431 4962 2571 5031 ὅπερ
2592 4959 2722 5014 ἴδιόν
2743 4961 2861 5013 ἐστι
2897 4960 3122 5031 γνησίου
3153 4960 3248 5013 καὶ
3289 4958 3542 5030 ἀληθινοῦ
3576 4958 3693 5013 υίοῦ
3734 4959 3794 5022 ἐξ
3822 4959 4019 5030 ἀληθι-

2431 5051 2524 5107 νοῦ
2552 5052 2645 5107 καὶ
2674 5050 2835 5121 φύσει
2871 5052 3097 5122 πατρός.
3138 5050 3277 5104 Ἀλλ’
3316 5052 3435 5105 οὺδδ
3478 5051 3934 5122 ἀπηλλοτρίωσαν
3962 5053 4023 5106 τὸ

2431 5143 2659 5215 Πνεῦμα
2684 5143 2746 5197 τὸ
2774 5143 2928 5211 ἀγιον
2954 5143 3061 5196 ἀπὸ
3080 5142 3175 5196 τοῦ
3206 5143 3416 5213 Πατρὸς
3449 5144 3541 5196 καὶ
3565 5143 3659 5196 τοῦ
3693 5142 3855 5196 Υίοῦ’
3881 5143 4020 5197 ἀλλὰ

2436 5234 2638 5303 μᾶλλον
2669 5231 3025 5297 συνεδόξασαν
3055 5232 3187 5285 αὐτὸ
3214 5231 3291 5303 τῷ
3323 5233 3496 5304 Πατρὶ
3540 5235 3630 5286 καὶ
3659 5231 3736 5303 τῷ
3778 5232 3918 5302 ἰ’ίῷ,
3960 5235 4026 5285 ἐν

2432 5328 2497 5397 τῇ
2529 5326 2627 5396 μιᾷ
2665 5324 2763 5394 τῆς
2801 5324 2963 5393 ἁγίας
3010 5323 3236 5395 Τριάὃος
3284 5324 3487 5385 πίστει,
3522 5324 3609 5378 διὰ
3649 5324 3707 5377 τί.
3753 5325 3851 5377 καὶ
3884 5326 4024 5395 μίαν

2432 5415 2571 5471 εἶναι
2597 5417 2695 5487 τὴν
2727 5418 2783 5469 ὲν
2812 5418 2876 5487 τῇ
2906 5414 3037 5486 ἀγία
3074 5414 3264 5487 Τριάδι
3300 5415 3544 5484 θεότητα.

2021 5592 2256 5648 ΥΑΠΙΑΞ
2297 5589 2693 5647 LECTIONES‘.

809 5688 851 5721 ⁸⁸
884 5687 982 5757 τὴν
1014 5687 1117 5739 Σπ.
1153 5687 1343 5758 Basil.,
1368 5686 1582 5758 Steplt.,
1612 5686 1878 5742 Albanas.

741 5760 971 5828 Σαρδαν.
998 5758 1164 5829 etiam
1195 5757 1318 5813 Bas.
1383 5767 1437 5829 et
1488 5757 1677 5829 Steph,

744 5826 1013 5884 Atbanas.
1043 5828 1152 5882 Καὶ
1180 5829 1357 5883 πᾶσαν
1388 5826 1554 5885 Basil.

1655 5827 1699 5860 “
1721 5828 2080 5896 ἀντιλέγουσι.
2112 5828 2260 5891 Bas.,
2288 5827 2477 5895 Steph.

1955 5689 1999 5719 δ’
2034 5688 2088 5740 ai
2112 5688 2265 5742 abest
2294 5686 2364 5739 ab
2390 5687 2585 5740 Athan.
2618 5693 2672 5741 et
2704 5683 2870 5738 Basil.
2946 5683 2990 5717 “
3026 5685 3225 5745 πᾶσαν,
3262 5685 3357 5738 καὶ
3384 5684 3702 5754 Σαρδανίαν.
3740 5683 4018 5745 Albanas.

1796 5758 1840 5787 ⁸⁸
1864 5757 2073 5811 Λυκίαν
2104 5760 2196 5811 καὶ
2226 5758 2427 5827 Ἰσαυρ.
2490 5757 2793 5827 Αιιιαιιεετι
2824 5755 3033 5827 γΒεδίΙη
3064 5755 3257 5827 Steph_.
3343 5755 3389 5786 ⁸³
3417 5756 3511 5827 καὶ
3529 5758 3600 5827 ai
3622 5756 3837 5827 mea}?

3343 5754 3389 5786 ⁸³
3417 5756 3511 5825 καὶ
3529 5758 3590 5807 αἱ
3622 5771 3739 5809 κατ.
3769 5756 4018 5825 Δίγυπτ.

2565 5826 2609 5859 ⁸⁷
2644 5824 2936 5882 ἀνελθόντα
2970 5826 3179 5881 addunt
3218 5825 3339 5882 Das.
3381 5834 3433 5883 et
3454 5824 3643 5896 Steph.
3720 5826 3766 5859 ⁸⁸
3791 5824 4019 5895 ὡμολό-

741 5912 933 5958 γησαν.
968 5896 1134 5954 Iidem
1169 5912 1295 5956 cum
1330 5898 1596 5958 Athanas.
1628 5972 1631 5975 ι
1674 5898 1719 5933 ⁸⁸
1747 5894 1780 5973 ᾖ
1812 5894 1965 5957 abest
1994 5900 2061 5954 ab
2092 5899 2304 5955 iisdem.
2340 5897 2604 5953 Atltanas.
2630 5896 2770 5968 Θεῷ.
