4218 6456
757 385 889 450 1131

1773 381 2260 442 TIIEODORETI
2292 382 2630 443 EPlSCOPI
2660 384 3025 443 CYRENSIS

3887 354 4030 446 1132

756 499 1041 563 instruxit,
1097 501 1311 553 initium
1343 497 1552 550 ducens
1590 511 1620 547 a
1654 493 2040 563 puedicatione
2089 494 2326 562 pietatis.

2436 497 2530 548 καὶ
2576 498 2672 566 τῆς
2704 496 3002 563 Αἰγύπτου,
3049 496 3226 566 ἑαυτῷ
3266 496 3364 566 τὴν
3412 494 3682 568 Εὐρώπην
3730 497 4021 567 ἀπένειμε.

754 593 1030 646 Auxentio
1057 592 1224 654 enim,
1257 591 1350 658 qui
1381 589 1569 641 Ariani
1628 588 1748 641 labe
1806 586 2043 641 infectus
2075 586 2336 640 Mediola-

756 683 913 737 nensi
982 681 1245 736 Ecclesia:
1298 681 1625 751 praepositus
1686 678 1866 732 fuerat
1923 680 2218 749 multisque
2278 679 2333 733 in

754 774 980 846 synodis
1011 774 1319 837 abdicatus,
1352 775 1458 827 vita
1492 771 1702 833 functo,
1733 773 2025 842 episcopos
2055 771 2335 826 advocatis

754 869 1070 937 imperator,
1101 866 1189 921 his
1220 883 1316 921 eos
1347 865 1531 919 verbis
1562 865 1840 919 allocutus
1869 871 1994 919 est:
2035 881 2054 914 ι
2074 863 2336 934 Ignorare

754 973 858 1010 non
896 957 1152 1031 potestis,
1187 956 1387 1026 quippe
1416 954 1618 1009 divinis
1648 953 1871 1008 Litteris
1900 954 2172 1018 innutriti,
2196 969 2333 1023 qua-

754 1050 855 1099 lem
889 1063 1011 1103 esse.
1037 1047 1324 1101 conveniat
1354 1062 1477 1101 eum
1512 1046 1606 1115 qui
1626 1045 1941 1113 pontiﬁcatu
1964 1054 2193 1098 ornatus
2219 1046 2291 1098 sit
2318 1064 2330 1097 :

751 1140 1007 1208 quodque
1038 1148 1285 1212 opm-teat
1318 1140 1468 1191 illum
1502 1153 1610 1192 non
1640 1138 1816 1191 solum
1850 1136 2125 1205 doctrina,
2146 1154 2335 1192 verum

748 1232 913 1284 etiam
944 1231 1057 1284 vita
1089 1230 1342 1285 subditos
1389 1229 1709 1295 informare,
1742 1244 1806 1283 ac
1853 1245 1976 1284 sese
2022 1229 2130 1285 illis
2160 1231 2333 1284 virtu-

748 1332 861 1376 tum
888 1324 1135 1378 omnium
1168 1321 1447 1391 exemplar
1475 1336 1801 1390 proponere,
1834 1329 2141 1391 testemque
2170 1322 2336 1394 954

748 1416 1016 1469 doctrina:
1072 1413 1549 1468 conversationem
1609 1413 1831 1467 habere.
1888 1412 2129 1467 Proinde
2172 1415 2335 1467 talem

748 1522 897 1561 nunc
938 1508 991 1560 in
1021 1506 1324 1575 episcopali
1371 1504 1628 1559 cathedra
1658 1505 1675 1523 ¹
1707 1504 1999 1570 collocato,
2056 1515 2115 1559 ut
2143 1514 2195 1560 et
2232 1521 2335 1559 nos

748 1600 875 1668 ipsi.
908 1599 1001 1667 qui
1029 1600 1270 1667 regimus
1317 1596 1630 1665 imperium,
1674 1595 1889 1651 sincera
1918 1597 2199 1652 voluntate
2258 1597 2334 1650 illi

747 1690 929 1758 capita
977 1698 1162 1742 nostra
1227 1686 1583 1749 inelinemus,
1622 1694 1674 1741 et
1708 1686 2161 1755 reprehensiones
2215 1687 2337 1757 ejus

745 1774 889 1842 (labi
927 1797 1028 1836 nos
1064 1780 1206 1834 enim
1242 1794 1470 1834 necesse
1518 1790 1620 1841 est,
1658 1796 1780 1833 cum
1823 1780 2075 1836 homines
2128 1782 2333 1849 simus)

2445 588 2552 641 Καὶ
2580 589 2679 659 τὴν
2717 588 2989 658 Ἑσπέραν
3018 586 3361 653 καταλαϐὼν,
3394 590 3574 640 πᾶσαν
3603 589 3776 660 αὐτὴν
3803 590 4027 654 ἐξεπαί-

2438 679 2625 731 δευσεν
2671 679 2947 749 εὐνομίαν,
2984 678 3090 732 ἀπὸ
3120 678 3227 731 τῶν
3268 679 3363 748 τῆς
3410 678 3690 743 εὐσεϐείας
3726 683 4024 751 κηρυγμά-

2437 791 2545 827 των
2575 773 2902 843 ἀρξάμενος.
2948 772 3239 838 Αὺξεντίου
3269 772 3400 843 γάρ,
3432 773 3490 834 ὃς
3519 770 3616 842 τήν
3659 772 3877 843 Ἀρείου
3923 774 4027 842 μὲν

2437 865 2743 931 εἰσεδέξατο
2789 864 3006 935 λώϐην,
3062 863 3394 918 Μεδιολάνου
3436 864 3493 918 δὲ
3545 863 3642 935 τὴν
3696 864 4027 932 Ἐκκλησίαν

2440 958 2891 1028 πεπιστευμένος,
2932 958 2990 1010 ὲν
3024 956 3305 1019 πλείσταις
3342 956 3705 1029 ἀπεκηρύχθη
3756 955 4023 1015 συνόδοις,

2436 1050 2530 1101 τον
2566 1051 2679 1120 βίον
2710 1049 3118 1115 ὑπεξελθόντος,
3172 1049 3672 1121 μεταπεμψάμενος
3719 1052 3849 1113 τοὺς
3907 1052 4028 1102 ὲπι-

2439 1142 2671 1204 σκόπους
2731 1142 2759 1193 ό
2796 1141 3069 1211 βασιλεὺς,
3102 1140 3330 1194 τοιοῖσδε
3362 1142 3498 1212 πρὸς
3526 1142 3723 1203 αὐτοὺς
3753 1143 4028 1212 ἐχρήσατο

2437 1234 2647 1302 λόγοις·
2692 1253 2709 1285 ι
2752 1235 2896 1287 ἰστε
2929 1234 3154 1302 σαφῶς,
3209 1234 3304 1287 ἆτε
3354 1233 3417 1305 δὴ
3466 1235 3578 1297 τοῖς
3620 1233 3787 1296 θείοις
3841 1232 4027 1301 λόγοις

2438 1326 2889 1396 ἐντεθραμμένοι,
2920 1326 3102 1378 ὁποῖον
3140 1319 3282 1378 εἶναι
3318 1325 3581 1395 προσήκει
3611 1324 3702 1376 τὸν
3748 1325 4024 1394 ἀρχιερω-

2440 1421 2604 1489 σύνης
2631 1419 2968 1489 ἠξιωμένον,
3018 1418 3113 1470 καὶ
3139 1416 3215 1479 ὡς
3257 1417 3318 1470 οὐ
3351 1417 3457 1487 χρὴ
3498 1416 3642 1486 λόγῳ
3674 1417 3841 1486 μόνῳ,
3886 1415 4026 1469 ά).λά

2438 1512 2533 1565 καὶ
2565 1509 2664 1579 βίῳ
2690 1510 2819 1571 τοὺς
2850 1508 3187 1579 ἀρχομένους
3215 1506 3521 1576 ῥυθμίζειν,
3563 1507 3658 1558 καὶ
3687 1506 3870 1573 πάσης
3903 1507 4027 1573 ἀρε-

2436 1604 2536 1670 τῆς
2567 1600 2756 1654 ἑαυτὸν
2790 1600 3097 1669 ἀρχέτυπον
3137 1597 3295 1671 [157]
3350 1598 3679 1667 προτιθέναι,
3731 1598 3825 1651 καὶ
3876 1596 4023 1664 μάρ-

2438 1707 2576 1760 τυρα
2606 1688 2751 1759 ἔχειν
2788 1690 2883 1758 τῆς
2912 1688 3264 1750 διδασκαλίας
3301 1682 3399 1759 τὴν
3435 1688 3727 1742 πολιτείαν.
3762 1685 4025 1739 Τοιοῦτον

2437 1783 2502 1853 δὴ
2552 1779 2644 1835 οῦν
2694 1781 2787 1834 καὶ
2834 1780 2928 1833 νῦν
2974 1783 3083 1843 τοῖς
3133 1782 3538 1853 ἀρχιερατικοῖς
3589 1780 4031 1850 ὲγκαθιδρύσατε

745 1885 1004 1944 tanquam
1034 1870 1223 1925 medici
1271 1871 1609 1925 curationem
1646 1871 1877 1925 libenter
1902 1873 2278 1926 admittanins.
2314 1893 2330 1923 ι

2443 1871 2660 1933 θώκοις,
2693 1870 2843 1933 ὅπως
2873 1868 2968 1922 καὶ
2998 1871 3159 1938 ἡμεῖς
3191 1871 3242 1919 οἰ
3271 1870 3370 1938 τὴν
3406 1868 3687 1938 βασιλείαν
3721 1868 4029 1930 ίθύνοντες,

744 1963 1050 2033 εἰλικρινῶς
1112 1963 1263 2033 αὐτῷ
1304 1963 1401 2026 τὰς
1458 1962 1735 2033 ἡμετέρας
1782 1963 2237 2032 ύποκλίνοιμεν⁷³
2288 1963 2554 2033 κεφαλὰς,
2613 1961 2708 2014 καὶ
2761 1962 2890 2024 τοὺς
2925 1962 3058 2031 παρ’
3126 1962 3333 2016 ἐκείνου
3381 1962 3706 2032 γενομένους
3762 1960 4027 2031 ἐλέγχους

747 2057 1098 2130 (ἀνθρώπους
1131 2058 1238 2127 γὰρ
1288 2057 1447 2119 ὄντας
1478 2058 1573 2110 καὶ
1604 2058 1963 2128 προσπταίειν
2003 2059 2265 2129 ἀνάγκη),
2298 2061 2374 2122 ώς
2416 2060 2664 2131 ἰατρικὴν
2698 2054 3080 2126 ἀσπαζοίμεθα
3102 2058 3147 2089 ⁷³
3180 2056 3498 2127 θεραπείαν.
3538 2075 3559 2109 ι

1050 2151 1202 2205 CAP.
1238 2150 1326 2206 vn.
1371 2151 1463 2224 [ιι.
1496 2151 1576 2206 St.
1610 2152 1706 2207 Cb.
1740 2153 1791 2210 6.
1832 2154 1894 2208 v.
1932 2153 2010 2225 7.]

814 2248 889 2301 De
918 2246 1249 2298 ordina!ionc
1278 2244 1543 2299 Ambrosii
1564 2241 1792 2315 episcopi
1814 2245 2048 2302 Mcdiola
2058 2250 2253 2303 "ensis.

808 2398 936 2454 llaec
969 2400 1271 2469 imperator
1315 2414 1441 2453 cum
1492 2399 1745 2464 dixisset,
1791 2402 2020 2471 rogabat
2083 2404 2329 2473 synodus

746 2501 801 2547 ut
835 2492 1070 2562 ipsemet
1094 2492 1369 2560 sapientia
1402 2499 1457 2545 et
1506 2492 1711 2560 pietate
1744 2492 1979 2563 insignis
2005 2495 2326 2564 episcopum

738 2584 1018 2655 dcligerct.
1058 2582 1127 2636 At
1160 2583 1249 2637 ille
1279 2602 1291 2637 :
1332 2601 1350 2634 ι
1376 2582 1552 2652 Majus
1582 2591 1686 2646 est.
1720 2584 1919 2654 inquit,
1950 2586 2157 2641 viribus
2188 2591 2326 2645 meis

737 2676 841 2730 hoc
882 2675 1181 2747 negotium.
1221 2673 1331 2731 Vos
1386 2675 1480 2743 qui
1510 2674 1697 2729 divina
1749 2677 1928 2747 gratia
1957 2678 2138 2731 ornati
2168 2681 2326 2746 estis,

737 2777 792 2821 et
842 2767 937 2821 illo
997 2766 1289 2835 splendore
1349 2766 1666 2829 illuminati,
1704 2768 1900 2822 melius
1930 2768 2259 2825 decernetis.
2302 2791 2319 2822 ι

738 2862 957 2933 Egressi
993 2877 1125 2931 ergo
1158 2862 1399 2931 episi30pi
1430 2877 1617 2917 secum
1653 2862 1755 2931 ipsi
1810 2862 2217 2919 deliberabant.
2260 2867 2329 2919 At

737 2956 794 3009 in
816 2955 951 3010 urbe
968 2955 1115 3009 cives
1134 2965 1187 3008 et
1212 2954 1404 3007 incolae
1420 2968 1543 3007 cmn
1568 2955 1803 3008 tumultu
1823 2954 2182 3021 dissidebant,
2208 2960 2330 3011 aliis

736 3047 910 3109 hunc,
939 3046 1061 3100 aliis
1095 3046 1245 3098 illum
1279 3045 1504 3114 provehi
1537 3044 2023 3100 contendentibus.
2065 3047 2198 3102 Nam
2230 3053 2323 3120 qui

737 3139 996 3193 Auxentii
1034 3139 1225 3192 morbo
1262 3139 1392 3191 tacti
1421 3137 1662 3203 fuerant,
1691 3152 1805 3191 sua:
1827 3141 2116 3194 sententia:
2146 3142 2321 3195 Immi-

737 3247 836 3287 ncs
860 3231 1262 3301 designabant;
1297 3230 1391 3299 qui
1451 3229 1731 3283 saniorum
1788 3231 2022 3299 partium
2065 3242 2241 3295 erant,
2276 3245 2329 3289 et

737 3326 844 3395 ipsi
895 3325 1102 3394 pariter
1134 3322 1568 3377 consentientem
1606 3322 1708 3375 sibi
1760 3320 1953 3376 durem
1989 3324 2190 3379 habere
2226 3342 2323 3379 cu-

738 3417 979 3487 piebant.
1008 3413 1120 3469 Hoc
1152 3414 1383 3469 dissidio
1402 3414 1810 3478 animadverso,
1843 3414 2165 3471 Ambrosius
2190 3435 2315 3488 gen-

738 3512 812 3566 tis
873 3510 1021 3563 illius
1053 3518 1183 3563 tunc
1219 3519 1418 3572 rector,
1451 3508 1657 3561 veritus
1714 3523 1783 3562 ne
1820 3508 1952 3577 quid
2013 3522 2327 3575 novaretur,

741 3616 977 3671 propere
1008 3601 1074 3653 ad
1107 3601 1394 3655 ecclesiam
1422 3600 1687 3654 accurrit.
1724 3598 1880 3652 Tunc
1914 3600 1989 3652 illi
2016 3615 2332 3671 compressa

739 3694 1032 3759 seditione,
1066 3692 1345 3746 communi
1400 3706 1595 3745 omnes
1652 3706 1785 3745 voce
1837 3692 2188 3747 Ambrosium
2231 3698 2332 3750 sibi

740 3791 1011 3853 pastorem
1038 3779 1156 3834 dari
1210 3778 1533 3849 deposcunt,
1570 3779 1664 3849 qui
1704 3781 1879 3835 sacris
1910 3784 2183 3852 mysteriis
2234 3786 2334 3839 ini-

740 3878 906 3932 tiatus
928 3874 1167 3929 nomium
1197 3880 1333 3928 erat.

812 4077 897 4150 [Β.
924 4076 1002 4148 7.]
1022 4074 1141 4142 Quo
1166 4077 1407 4144 cognito,
1431 4075 1725 4142 imperator
1755 4074 2043 4128 confestim
2068 4077 2329 4145 bap'izari

746 4180 801 4225 ct
858 4167 1103 4224 ordinari
1160 4166 1595 4220 laudatissimmn
1652 4165 1827 4217 virmn
1859 4165 2046 4233 jussit.
2110 4166 2327 4219 Sciebat

746 4260 890 4311 enim
957 4266 1194 4309 mentem
1251 4255 1326 4307 illi
1356 4269 1478 4307 esse
1529 4254 1676 4306 omni
1716 4255 2107 4322 perpendiculo
2164 4254 2327 4325 955

738 4348 1062 4408 rectiorem,
1116 4345 1525 4411 sententiasque
1557 4343 1704 4395 onmi
1740 4358 1932 4397 norma
1998 4345 2307 4398 exactiores

744 4439 812 4491 iit
854 4437 1100 4492 divinum
1156 4449 1377 4504 quoque
1410 4431 1726 4501 suﬂragium
1758 4434 1861 4486 hoc
1891 4433 2060 4490 fuisse
2092 4435 2326 4489 arbitra-

742 4529 921 4591 batur,
954 4525 1328 4593 conjecturam
1367 4522 1574 4577 ducens
1608 4540 1667 4576 ex
1700 4523 1913 4578 diversa
1968 4525 2324 4579 sentientium

738 4614 1382 4684 coneordia.Postquam
1415 4621 1469 4669 et
1492 4614 1678 4667 divino
1721 4616 1864 4667 sacri
1902 4616 2157 4685 baptismi
2181 4616 2326 4669 dono

741 4710 950 4778 potitus
967 4714 1071 4770 est,
1089 4712 1144 4759 et
1164 4704 1396 4773 gratiam
1421 4704 1786 4772 pontilicalem
1812 4705 2076 4773 percepit,
2097 4705 2336 4759 Domino‘

3056 2154 3304 2207 ΚΙ-ῙΦΛΛ.
3343 2156 3433 2220 εῖν.

2430 2247 2567 2314 Περί
2603 2245 2713 2313 τῆς
2766 2246 3113 2314 Ἀμϐροσίου
3144 2243 3247 2297 τοῦ
3269 2245 3609 2299 ἐπισκόπου
3636 2243 4030 2299 Μεδιολάνων

3036 2317 3428 2383 χειροτονίας.

2503 2407 2690 2463 Ταῦτα
2719 2406 2811 2461 τοῦ
2856 2406 3120 2478 βασιλέως
3155 2408 3463 2478 εἰρηκότος,
3502 2406 3664 2461 αὐτὸν
3716 2408 3748 2479 ἡ
3799 2407 4029 2471 σύνοδος

2429 2499 2580 2569 ἠξίου
2636 2499 3010 2570 ψηφίσασθαι,
3074 2499 3237 2567 σοφόν
3294 2516 3351 2552 τε
3425 2499 3559 2551 ὄντα
3619 2500 3713 2551 καὶ
3767 2500 4029 2557 εὐσεϐεία»

2432 2589 2826 2661 κοσμούμενον.
2860 2590 2919 2643 Ὀ
2946 2590 3005 2643 δὲ
3033 2588 3157 2659 ἔφη·
3186 2610 3202 2639 ι
3229 2588 3427 2652 Μεῖζον
3455 2590 3487 2660 ἢ
3516 2589 3636 2643 καθ’
3661 2592 3809 2659 ἡμᾶς
3840 2591 3903 2643 τὸ
3933 2593 4027 2660 ἐγ-

2431 2683 2689 2753 χείρημα.
2737 2680 2927 2751 Ὑμεῖς
2959 2682 3067 2752 γάρ
3107 2682 3206 2752 τῆς
3254 2682 3404 2745 θείας
3444 2681 3738 2752 ἠξιωμένοι
3771 2683 4023 2753 χάριτος,

2432 2775 2525 2827 καὶ
2559 2773 2657 2844 τὴν
2707 2773 2899 2843 αἴγλην
2946 2773 3160 2842 ἐκείνην
3216 2773 3602 2842 εἰσδεξάμενοι,
3645 2774 3872 2844 ἄμεινον
3910 2774 4023 2845 ψη-

2435 2866 2647 2931 φιεῖσθε
2667 2863 2734 2918 ⁸ο.
2781 2883 2798 2915 i
2829 2860 2989 2919 Οῦτοι
3023 2864 3121 2935 μὲν
3153 2860 3243 2918 οῦν
3270 2865 3573 2930 ἐξελθόντες
3617 2866 3737 2919 καθ’
3789 2866 4025 2928 ἑαυτοὺς

2431 2957 2799 3010 ἐϐουλεύοντο.
2836 2958 2898 3007 Οἱ
2929 2956 2985 3009 δὲ
3014 2957 3113 3027 τὴν
3145 2956 3298 3009 πόλιν
3320 2957 3536 3026 ἐκείνην
3561 2956 3837 3019 οἰκοῦντες
3860 2959 4029 3009 ἑστα-

2434 3049 2638 3114 σίαζον,
2674 3050 2723 3101 οἰ
2779 3049 2875 3119 μὲν
2920 3047 3130 3111 τοῦτον,
3178 3051 3228 3100 οἱ
3274 3047 3330 3101 δὲ
3385 3049 3591 3102 ἐκεῖνον
3637 3047 4023 3119 προδληθῆναι

2435 3139 2883 3210 φιλονεικοῦντες.
2910 3143 2973 3193 Οἰ
3001 3141 3098 3211 μὲν
3120 3140 3228 3210 γὰρ
3248 3144 3347 3211 τῆς
3367 3140 3657 3206 Δύξεντίου
3692 3142 3849 3193 νόσου
3886 3158 4023 3210 μετα

2432 3234 2726 3303 ειληχὸτες,
2761 3234 2884 3296 τοὺς
2936 3235 3242 3304 ὁμόφρονας
3293 3232 3617 3304 ἐψηφίζοντο
3639 3234 3716 3267 ⁸⁸⁸
3747 3235 3796 3288 οἱ
3836 3234 3891 3287 δὲ
3923 3235 4026 3304 τῆς

2432 3324 2780 3392 ὑγιαινούσης
2808 3324 3001 3392 μοίρας
3030 3321 3390 3392 ὁμογνώμονα
3417 3322 3580 3376 πάλιν
3613 3321 3842 3390 ἐζήτουν
3871 3322 4027 3391 ἔχειν

2433 3414 2757 3483 ἡγούμενον.
2799 3411 3014 3480 Ταύτην
3056 3410 3412 3482 Ἀμόρόσιος,
3462 3413 3490 3464 ὁ
3536 3410 3629 3464 τοῦ
3672 3410 3861 3475 ἔθνους
3918 3411 4023 3481 τὴν

2439 3504 2722 3575 πολιτικὴν
2753 3504 3047 3573 ἡγεμονίαν
3076 3502 3529 3573 πεπιστευμένος,
3562 3503 3662 3576 τὴν
3694 3504 3883 3555 στάσιν
3918 3520 4025 3573 μα-

2438 3595 2567 3659 θὼν,
2605 3600 2698 3649 καὶ
2725 3596 2910 3658 δείσας
2938 3600 3011 3665 μή
3042 3612 3091 3647 τι
3123 3593 3387 3665 νεώτερον
3416 3595 3663 3665 γένηται,
3688 3596 3789 3665 τὴν
3820 3596 4026 3664 ἐκκλη-

2439 3688 2561 3741 σίαν
2597 3688 2692 3741 σὺν
2724 3687 2875 3759 τάχει
2905 3687 3226 3741 κατέλαϐεν.
3262 3689 3326 3739 Οί
3356 3687 3411 3739 δὲ
3442 3688 3539 3757 τῆς
3565 3688 3841 3758 διαμάχης
3873 3690 4024 3741 ὲκεί-

2437 3800 2535 3852 νης
2566 3782 2927 3853 παυσάμενοι,
2961 3781 3147 3851 κοινὴν
3178 3780 3397 3850 ἀφῆκαν
3445 3777 3648 3848 φωνὴν,
3693 3778 4023 3848 Ἀμὸρὸσιον

2439 3875 2621 3943 σφίσιν
2679 3872 3016 3939 ἐξαιτοῦντες
3075 3870 3447 3943 προδληθῆναι
3504 3871 3766 3941 ποιμένα*
3828 3871 3912 3923 ἔτι
3968 3873 4023 3925 δὲ

2436 3962 2588 4029 οὗτος
2620 3967 2864 4036 ἀμύητος
2887 3961 2974 4035 ἦν.

2507 4057 2694 4111 Ταῦτα
2738 4058 2925 4127 μαθὼν
2969 4060 2997 4109 ὁ
3048 4055 3319 4125 βασιλεὺς,
3353 4053 3651 4127 προσέταξε
3701 4054 4023 4121 παραυτίκα

2437 4150 2529 4203 καὶ
2590 4148 2865 4219 μυηθῆναι
2915 4149 3009 4200 καὶ
3061 4145 3505 4218 χειροτονηθῆναι
3563 4144 3655 4198 τὸν
3703 4145 4023 4209 ἀξιέπαινον

2435 4242 2623 4311 ἄνδρα.
2654 4241 2808 4311 ’ᾚδει
2846 4240 2954 4310 γάρ
3000 4238 3165 4291 αὐτοῦ
3209 4238 3389 4307 πάσης
3433 4238 3533 4307 μὲν
3578 4235 3829 4307 στάθμης
3862 4237 4021 4289 εὐθυ-

2433 4336 2599 4405 τέραν
2629 4330 2793 4387 οὖσαν
2822 4332 2920 4405 τὴν
2966 4332 3215 4402 γνώμην,
3260 4332 3463 4395 παντὸς
3510 4331 3565 4384 δὲ
3608 4332 3831 4394 κανόνος
3869 4333 4023 4400 ἀκρι-

2436 4424 2699 4495 ϐεστέρας
2726 4424 2825 4486 τὰς
2869 4424 3101 4493 ψήφους.
3150 4422 3418 4475 ’Υπέλαϐε
3457 4423 3514 4475 δὲ
3548 4424 3643 4475 καὶ
3693 4422 3847 4475 θείαν
3879 4421 4022 4474 εἶναι

2432 4515 2530 4585 τὴν
2547 4515 2744 4584 ψῆφον,
2777 4516 2842 4567 ὲκ
2860 4516 2959 4582 τῆς
2988 4514 3094 4567 τῶν
3125 4513 3383 4567 τάναντία
3416 4514 3758 4585 φρονούντων
3788 4532 4026 4585 τεκμαι-

2432 4606 2659 4679 ρόμενος
2696 4604 3035 4673 συμφωνίας.
3094 4602 3313 4673 Ἐπειδὴ
3360 4603 3418 4655 δὲ
3447 4604 3542 4656 καὶ
3578 4603 3681 4670 τῆς
3728 4602 3883 4667 θείας
3924 4604 4021 4657 τοῦ

2431 4697 2695 4763 παναγίου
2745 4695 3122 4766 βαπτίσματος
3155 4692 3439 4764 ἀπήλαυσε
3490 4692 3722 4765 δωρεᾶς,
3773 4696 3872 4746 καὶ
3922 4696 4023 4765 τὴν

742 4810 796 4853 et
842 4796 1124 4853 Servatori
1182 4795 1397 4850 lat'dem
1432 4796 1516 4850 his
1574 4796 1755 4849 verbis
1817 4798 2075 4853 rettulisse
2121 4800 2326 4852 dicitur

2435 4787 2827 4860 ἀρχιερατικὴν
2858 4787 3075 4854 ἐδέξατο
3108 4785 3293 4857 χάριν,
3322 4784 3511 4839 τοῦτον
3530 4784 3559 4837 ὀ
3588 4786 3767 4838 πάντα
3798 4786 4027 4856 ἀριστος

744 4888 1232 4961 ι›ι·;ιιειυιιιίςείιιιιιι
1291 4888 1585 4956 imperator
1639 4889 1842 4958 (gestis
1873 4892 2016 4943 enim
2072 4892 2329 4945 omnibus

745 4981 1031 5051 intererat)
1066 4998 1078 5032 :
1115 5001 1133 5032 ι
1171 4979 1391 5035 Gratias
1426 4979 1544 5043 tibi,
1606 4978 1831 5036 Domine
1887 4984 2237 5052 omnipotens
2272 4994 2324 5038 et

746 5075 1005 5128 Servator
1024 5082 1231 5138 noster,
1248 5071 1392 5141 quod
1413 5071 1529 5125 viro
1547 5072 1672 5125 huic
1699 5088 1799 5142 ego
1824 5073 2043 5142 quidem
2068 5089 2322 5143 corpora,

746 5178 803 5220 tn
831 5181 963 5220 vero
989 5166 1202 5221 animas
1235 5165 1583 5226 commisisti,
1615 5176 1663 5219 ct
1688 5165 2005 5233 sullraginm
2039 5183 2216 5219 meum
2242 5167 2328 5234 ju-

744 5270 887 5313 stum
919 5256 1089 5312 fuisse
1114 5258 1423 5313 declarasti.
1448 5276 1465 5308 i
1507 5256 1753 5326 Cumque
1784 5258 1971 5326 paucis
1998 5266 2118 5326 post
2140 5258 2330 5313 (liclms

745 5375 759 5403 θ
777 5368 956 5405 unnna
981 5352 1229 5405 libertate
1246 5353 1630 5420 imperatorem
1652 5352 1938 5420 alloquens
1962 5352 2180 5404 divinus
2204 5352 2325 5403 Am-

749 5444 981 5507 brosius,
1007 5442 1255 5513 quaidam
1293 5455 1348 5496 ut
1383 5460 1411 5495 a
1439 5445 1455 5463 '
1478 5442 1807 5513 prmsidihus
1840 5443 1982 5496 haud
2013 5455 2156 5497 recte
2180 5442 2322 5495 facta

746 5534 1199 5604 reprehenderet:
1224 5552 1242 5585 ι
1268 5532 1463 5596 Tuam,
1494 5535 1569 5588 ait
1590 5535 1885 5606 imperator
1938 5536 2081 5588 hanc
2104 5533 2325 5587 liberta-

2442 4881 2696 4950 βασιλεὺς
2744 4879 3201 4950 προσενηνοχέναι
3255 4877 3475 4946 λέγεται
3538 4876 3617 4947 τῷ
3663 4877 3881 4948 Σωτῆρι
3932 4881 4028 4931 καὶ

2437 4974 2684 5045 Δεσπότῃ
2723 4973 2813 5024 τὸν
2839 4972 3028 5041 ὕμνονσ
3055 4972 3149 5025 καὶ
3175 4971 3283 5041 γὰρ
3311 4972 3425 5033 τοῖς
3450 4968 3848 5040 γεγενημένοις
3880 4988 4027 5040 παρ-

2436 5064 2530 5133 ἧν·
2573 5085 2589 5114 ι
2626 5065 2801 5135 Χάρις
2852 5081 2955 5127 σοι,
2991 5064 3236 5117 Δέσποτα
3288 5063 3683 5133 παντοκράτορ,
3720 5062 3817 5115 καὶ
3840 5062 4029 5132 ﬁcii-:29

2436 5159 2695 5229 ἡμέτερε,
2729 5159 2809 5211 ὃτι
2841 5158 2978 5228 τῷδε
3009 5158 3087 5228 τῷ
3109 5157 3261 5228 ἀνδρὶ
3292 5157 3403 5224 ἐγὼ
3433 5157 3532 5227 μὲν
3562 5157 3890 5228 ἐνεχείρησα
3918 5158 4031 5208 σώ-

2444 5269 2609 5321 ματα,
2663 5252 2726 5302 σὺ
2778 5250 2834 5303 δὲ
2866 5251 3063 5320 ψυχὰς,
3099 5251 3191 5302 καὶ
3230 5250 3328 5313 τὰς
3372 5249 3511 5320 ἐμὰς
3557 5248 3773 5319 ψήφους
3806 5248 4033 5309 δικαίας

2433 5344 2738 5415 ἀπέφηνας.
2784 5364 2801 5395 ι
2848 5342 3067 5413 Ἐπειδὴ
3098 5342 3176 5407 δὲ,
3206 5342 3401 5409 ὀλίγων
3422 5340 3748 5393 διελθουσῶν
3772 5341 4030 5410 ἡμερῶν,

2431 5440 2459 5490 ό
2490 5436 2629 5499 θεῖος
2673 5435 3016 5506 Ἀμσρόσιος,
3051 5435 3147 5488 σὺν
3182 5431 3467 5504 παρρησίᾳ
3500 5428 3648 5502 [158]
3688 5430 3925 5501 πλείστῃ
3954 5434 4035 5500 τῷ

2432 5530 2643 5598 βασιλεῖ
2682 5528 3062 5599 διαλεγόμενος
3113 5525 3473 5596 ἑπεμέμψατό
3512 5540 3654 5576 τισιν
3701 5524 3777 5585 ώς
3831 5524 3935 5575 οὐκ
3972 5522 4033 5576 :3

2022 5646 2259 5701 VARI/13
2298 5643 2700 5699 LECTIONES.

815 5730 863 5761 ⁷⁸
897 5740 1287 5811 ὑποκλίνωμεν.
1324 5742 1461 5798 idem
1494 5758 1615 5796 cum
1647 5739 1832 5813 Slt‘pit.

744 5814 885 5871 idem
922 5830 1042 5869 cum
1072 5813 1256 5882 Steph.

1937 5740 1981 5774 7’
2019 5739 2415 5810 ἁσπασώμεθα.
2450 5738 2633 5793 iidem.

2726 5736 2769 5769 ιο
2807 5733 3129 5805 cheat-tces.
3168 5731 3288 5787 Bas.
3328 5730 3500 5785 Graec.
3581 5729 3623 5761 ⁸¹
3654 5726 4033 5797 ἐψηφίσαντο.
