4218 6456
228 408 360 474 1101

1174 385 1761 455 ECCLESIASTIC/E
1793 382 2173 445 HISTORLE
2213 382 2355 440 LIB.
2397 381 2493 440 IV.

3322 376 3455 441 1162

226 544 347 597 μαι.
391 542 410 575 ι
478 517 698 589 Ἐπειδὴ
747 517 805 571 δέ
865 513 1099 580 ἐξελθεῖν
1153 510 1497 582 προσετάχθη
1522 546 1536 569 ,
1593 510 1684 597 και
1734 503 1795 554 τὸ
1825 510 1868 563 Α

1835 510 1868 563 Α
1896 514 2035 571 opus
2096 497 2421 558 deliberare,
2467 507 2530 547 ac
2582 492 2844 562 postridie
2871 492 2889 513 ‘
2923 492 3250 549 sententiam
3301 509 3454 551 suam

224 596 501 687 πρακτέον
546 607 955 682 βουλεύσασθαι,
991 606 1085 659 καὶ
1132 607 1197 674 τῇ
1248 601 1509 671 ὑστεραίᾳ
1554 596 1793 687 δηλῶσαι

222 685 321 781 τήν
360 707 605 777 γνώμην,
654 704 891 772 συνῆπτο
936 700 991 753 δέ
1023 701 1135 760 τοῖς
1183 696 1360 763 λόγοις
1407 694 1502 745 καὶ
1556 685 1793 781 άπειλήᾒ·

225 777 390 871 φάναι
420 801 633 865 λέγεται
688 798 715 849 ὁ
764 793 1111 861 πανεύφημος
1147 791 1352 849 ἐκεῖνος
1384 786 1553 855 ἀνὴρ·
1591 801 1608 833 ι
1657 777 1797 845 Ἐγὼ

228 896 327 963 μὲν
358 896 388 946 ὁ
423 892 584 954 αὑτός
614 906 697 943 σοι
733 888 826 941 καὶ
871 884 1059 957 αὔριον
1102 883 1236 952 ἥξω,
1269 881 1333 934 σὺ
1363 879 1421 931 δέ
1458 877 1530 947 μή
1568 871 1799 944 μεταϐάο

224 989 323 1057 λης
348 987 448 1055 τήν
477 985 724 1053 γνώμην,
748 980 883 1035 ἀλλὰ
914 980 1116 1049 χρῆσαι
1141 977 1260 1037 ταῖς
1282 972 1553 1032 ἀπειλαῖς.
1586 987 1603 1018 ι
1642 964 1795 1020 Μετὰ

222 1056 414 1131 τούσδε
442 1078 566 1137 τοὺς
594 1074 873 1141 λόγουςβῆ
904 1074 932 1124 ὁ
971 1071 1212 1138 ὕπαρχος
1250 1065 1565 1133 ὑπαντήσας
1598 1058 1676 1129 τῷ
1705 1056 1797 1127 βα-

225 1171 383 1231 σιλεῖ,
413 1167 562 1239 [174]
593 1164 891 1236 ἀπήγγειλὲ
924 1180 983 1215 τε
1022 1162 1091 1215 τὰ
1123 1159 1409 1230 εἰρημένα,
1440 1154 1535 1208 καὶ
1567 1153 1666 1223 τήν
1702 1148 1796 1203 τοῦ

224 1262 419 1331 ἀνδρὸς
454 1257 687 1323 ἐδίδαξεν
729 1257 951 1329 άρετήν,
983 1258 1080 1310 καὶ
1116 1256 1175 1308 τὸ
1204 1254 1299 1323 τῆς
1333 1252 1513 1320 ψυχῆς
1557 1247 1799 1317 άνδρεῐον

225 1354 321 1405 καὶ
360 1352 659 1423 θαρραλέον
716 1350 974 1419 ἐμήνυσε.
1018 1347 1126 1400 Καὶ
1181 1345 1300 1397 τότε
1359 1343 1459 1413 μὲν
1512 1337 1801 1407 σιγήσαςὸ

227 1446 483 1514 βασιλεὺς
538 1442 897 1513 εἰσελήλυθεν.
936 1438 1153 1508 Ἐπειδή
1182 1438 1238 1489 δὲ
1288 1435 1428 1489 κατὰ
1500 1433 1598 1500 τῆς
1624 1429 1798 1492 οἰκίας

225 1539 334 1591 εἶδε
367 1538 660 1607 θεηλάτους
691 1537 734 1567 ⁷ο
764 1532 1249 1603 καταπεμφθείσας
1279 1528 1492 1599 πληγὰς
1522 1529 1572 1593 (ὅ
1596 1543 1652 1579 τε
1692 1526 1799 1594 γὰρ

224 1630 341 1691 υίὸς
392 1628 752 1698 ἀρρωστήσας
808 1627 938 1695 παρ’
975 1624 1145 1685 αὑτὰς
1174 1617 1243 1691 ἦν
1279 1619 1373 1672 τοῦ
1424 1618 1651 1672 θανάτου
1701 1616 1799 1678 τάς

226 1722 401 1784 πύλας
425 1722 492 1782 ⁷¹,
535 1721 627 1772 καὶ
656 1720 755 1789 τήν
795 1717 1041 1787 γαμετὴν
1070 1715 1125 1768 δέ
1147 1714 1190 1747 ⁷¹
1230 1714 1461 1781 διάφορα
1492 1710 1798 1779 ἐπολιόρκει

227 1813 577 1884 παθήματα),
606 1810 764 1863 xui."
792 1810 889 1880 τὴν
917 1808 1096 1862 αἰτίαν
1138 1806 1350 1873 ἐπέγνω
1398 1802 1506 1855 τῶν
1551 1802 1796 1872 σκυθρω-

237 1910 359 1962 πῶν
387 1929 397 1939 ·
435 1911 526 1961 τὸν
562 1908 701 1960 θεῖον
723 1906 765 1937 ⁷⁵
798 1906 1101 1975 ἄνθρωπον,
1128 1902 1186 1955 ὃν
1217 1900 1470 1954 κολάσειν
1513 1896 1799 1965 ἠπείλησε,

228 2004 402 2055 ἐλθεῖν
448 2004 525 2063 είς
571 2002 669 2070 τὴν
699 2000 875 2053 οἰκίαν
904 1996 1278 2066 ἠντιϐόλησεν.
1311 1994 1373 2046 Οἱ
1409 1992 1465 2044 δὲ
1505 1987 1801 2059 στρατηγοὶ

228 2099 339 2159 τοῖς
372 2094 672 2164 βασιλικοῖς
713 2090 993 2160 διηκόνουν
1032 2088 1437 2157 προστάγμασι.
1471 2083 1604 2134 Τότε
1651 2080 1747 2150 μὲν
1774 2081 1802 2131 6

233 2188 403 2257 μέγας
424 2188 470 2218 ⁷⁸
506 2185 781 2247 Βασίλειος
826 2180 1147 2236 καταλαϐὼν
1184 2181 1250 2232 τὲ
1288 2177 1553 2246 βασίλεια,
1589 2172 1801 2227 καὶτὸν

229 2277 322 2331 τοῦ
341 2277 605 2347 βασιλέως
635 2276 745 2328 υἱὸν
772 2274 1084 2345 παράὺτὴν
1116 2272 1244 2325 ὅντα
1277 2270 1372 2340 τὴν
1396 2266 1646 2335 τελευτὴν
1677 2264 1801 2315 θεα-

232 2372 485 2440 σάμενος,
513 2367 649 2437 πρὸς
683 2367 781 2437 τὴν
815 2367 958 2436 ζωὴν
992 2366 1179 2418 τοῦτον
1235 2361 1596 2430 ὑποστρέψειν
1613 2358 1657 2388 ⁷⁸
1704 2356 1801 2407 ὐπ-

233 2463 444 2532 ἐσχετο,
480 2463 525 2513 εἰ
566 2459 659 2512 τοῦ
698 2459 961 2526 παναγίου
982 2456 1071 2509 διὰ
1100 2455 1209 2508 τῶν
1241 2451 1606 2506 εὐσεϐούντων
1639 2446 1801 2512 ἀξιω-

233 2556 351 2624 θείη
380 2553 752 2624 βαπτίσματος
777 2568 789 2579 ·
836 2551 928 2603 καὶ
965 2549 1137 2601 ταῦτα
1170 2547 1336 2599 εἰπὼν
1364 2542 1701 2613 ἐξελήλυθεν.
1744 2540 1801 2591 Ὀ

231 2647 285 2700 δέ
333 2648 444 2699 τῶν
497 2645 738 2716 Epicurl"
789 2644 930 2696 κατὰ
973 2643 1064 2694 τὸν
1114 2641 1338 2710 ἀνόητον
1390 2630 1801 2706 μεμνημένος⁷⁸

242 2737 513 2806 Ἡρώδην,
570 2739 682 2796 τοῖς
730 2732 1108 2802 συμπαροῦσιν
1159 2730 1307 2798 αὐτῴ
1344 2731 1407 2781 ἐκ
1446 2728 1545 2796 τῆς
1593 2725 1800 2797 Ἀρείου

232 2828 542 2898 συμμορίας
589 2826 845 2895 βαπτίσαι
887 2824 945 2876 τὸ
980 2822 1188 2876 παιδίον
1236 2819 1555 2891 προσέταξε,
1590 2819 1650 2870 τὸ
1682 2817 1801 2869 ὃὲ⁷⁹

234 2920 549 2989 παραυτίκα
580 2917 672 2969 τοῦ
708 2917 823 2986 βίου
850 2917 908 2968 τὸ
938 2915 1087 2977 τέλος
1124 2914 1359 2978 ἐδέξατο.
1392 2908 1804 2978 Μεταμεληθε“ις

231 3013 285 3065 δὲ
319 3015 347 3065 6
367 3012 414 3042 ⁸⁸
449 3011 646 3078 Βὰλης,
672 3012 765 3063 καὶ
793 3009 888 3078 τὴν
913 3007 1181 3075 ἐπιϐλαὸἧ
1212 3006 1319 3057 τῶν
1341 3006 1517 3073 ὅρκων
1548 3000 1804 3071 ἀλήθειαν

232 3105 610 3173 λογισάμενος.
646 3104 723 3166 εἷς
758 3120 815 3154 τε
862 3109 951 3153 τὸν
989 3101 1129 3153 θεῖον
1165 3097 1300 3150 νεὼν
1334 3094 1669 3163 εἰσελήλυθε,
1717 3097 1806 3144 καὶ

233 3198 329 3269 τῆς
384 3198 480 3250 τοῦ
513 3194 747 3265 μεγάλου
780 3195 1056 3246 Βασιλείω)
1107 3190 1456 3250 διδασκαλίας
1498 3187 1801 3256 ἀπήλαυσε,
1834 3194 1876 3250 (ζ

232 3291 327 3344 καὶ
359 3289 439 3359 τῷ
467 3286 835 3357 θυσιαστηρίῳ
868 3286 936 3339 τὰ
974 3283 1200 3338 εἰωθότα
1238 3282 1601 3353 προσενήνοχε
1634 3280 1801 3351 δῶρα.

235 3384 348 3440 Καὶ
377 3380 512 3435 εἴσω
550 3380 609 3434 δὲ
651 3380 812 3434 αὑτὸν
855 3377 964 3431 τῶν
1008 3377 1170 3433 θείων
1190 3378 1233 3411 ⁸¹
1284 3375 1806 3448 παραπετασμάτων

239 3480 367 3534 ἔνθα
390 3473 628 3549 καθῆστο
654 3478 914 3541 κελεύσας
942 3476 1213 3545 γενέσθαι,
1243 3472 1468 3534 πολλοὺς
1488 3470 1624 3540 πρὸς
1649 3468 1808 3521 αὖτζν

238 3574 364 3643 περὶ
390 3572 503 3625 τῶν
540 3572 698 3624 θείων
721 3571 1005 3642 δογμάτων
1050 3569 1343 3639 ἐποιήσατο
1374 3566 1585 3634 λόγους,
1620 3562 1713 3613 καὶ
1745 3560 1808 3628 δὴ

236 3664 492 3733 λέγοντος
520 3666 705 3734 ἠκουε.
747 3665 933 3734 Παρῆν
966 3663 1022 3715 δέ
1049 3679 1133 3725 τις
1166 3660 1511 3729 Δημοσθένης
1543 3652 1810 3722 καλούμεο

240 3776 352 3822 νος,
381 3758 492 3811 τῶν
519 3756 812 3827 βασιλικῶν
844 3753 1295 3825 προμηθούμενος
1324 3751 1489 3820 ὄψων,
1529 3749 1583 3811 ὃς
1627 3747 1704 3815 τῷ
1738 3746 1813 3798 ὀι-

240 3847 497 3917 δασκάλῳ
530 3848 627 3917 τῆς
662 3847 985 3917 οἰκουμένης
1015 3844 1470 3915 ἐπιμεμψάμενος
1511 3839 1809 3909 ἐόαρόαρι-

244 3958 357 3994 σεν.
394 3940 453 3994 '0
475 3939 533 3991 δὲ
556 3939 697 4001 θεῖος
716 3937 993 3998 Βασίλειος
1017 3936 1298 4005 μειδιάσας
1314 3974 1328 3998 ,
1359 3954 1374 3984 ι
1418 3929 1810 4000 Ἐθεασάμεθα,

244 4029 373 4098 εφη,
429 4028 526 4081 καὶ
579 4026 927 4097 Δημοσθένην
982 4025 1365 4096 ἀγράμματον.
1407 4040 1424 4072 ι
1492 4020 1710 4087 Ἐπειδὴ
1758 4020 1813 4071 δὲ

245 4119 412 4172 πλέον
440 4119 645 4180 ἐκεῖνος
661 4116 991 4188 δυσχεράνας
1013 4116 1271 4185 ἠπείλησε
1292 4131 1305 4143 ·
1342 4131 1361 4165 ι
1390 4114 1489 4166 Σόν
1518 4114 1684 4176 ἐστιν,
1712 4111 1813 4179 ἔφη

246 4212 274 4263 ὁ
304 4210 481 4279 μέγας
510 4207 814 4272 Βασίλειος.
845 4208 943 4278 τῆς
970 4208 1081 4261 τῶν
1098 4206 1296 4277 ζωμῶν
1324 4204 1623 4275 καρυκείας
1654 4221 1815 4273 φρον-

246 4299 452 4364 τίζειν·
493 4299 780 4368 δογμάτων
832 4300 938 4367 γὰρ
978 4300 1136 4353 θείων
1193 4300 1401 4352 ἐπαΐειν
1452 4298 1512 4350 οὐ
1565 4296 1813 4360 δύνασαι,

250 4394 590 4464 βεδυσμένας
624 4392 761 4462 ἔχων
792 4392 891 4455 τὰς
934 4393 1120 4454 ἀκοάς.
1161 4411 1179 4443 ι
1221 4391 1401 4445 Ταῦτα
1435 4392 1532 4461 μὲν
1561 4387 1652 4445 οὖν
1684 4392 1816 4461 πρδς

247 4485 437 4539 τοῦτον
465 4484 589 4553 ἔφη.
633 4485 689 4536 ὐ
719 4484 775 4538 δὲ
797 4484 1047 4553 βασιλεὺς
1072 4484 1243 4546 οὕτως
1270 4482 1482 4553 ἠγάσθη
1510 4483 1601 4535 τὸν
1627 4484 1814 4552 ἄνδρα,

248 4575 321 4636 ὡς
373 4575 471 4627 καὶ
524 4575 696 4643 χωρία
744 4572 1006 4626 κάλλιστα
1054 4566 1129 4627 ὧν
1180 4569 1323 4642 εἶχεν
1350 4573 1537 4626 αὐτόθι
1585 4574 1695 4635 τοῖς
1727 4573 1817 4625 ὑπ’

1898 602 2171 661 exponere
2194 586 2413 655 (verbis
2445 596 2623 639 autem
2648 586 2812 639 etiam
2848 585 3009 640 minae
3025 585 3454 660 jungebantur),

1899 679 2106 734 dixisse
2138 676 2310 729 fertur
2339 675 2422 728 vir
2458 674 2905 729 laudatissimns:
2941 693 2959 727 ι
2990 674 3101 745 Ego
3129 676 3351 744 quidem
3382 679 3449 735 ad

1898 779 1952 826 te
1983 771 2123 825 idem
2154 782 2277 823 cras
2307 767 2521 823 veniam
2552 782 2565 819 :
2594 775 2650 820 tu
2686 765 2805 820 vide
2857 781 2922 821 ne
2953 774 3129 822 mutes
3166 769 3456 825 consilium

1898 871 1952 915 et
1988 867 2046 912 ιιι
2065 859 2240 913 tninas
2267 870 2589 924 exsequare.
2618 875 2637 908 ι
2659 853 2790 909 Post
2817 855 2919 909 hoc
2934 855 3289 925 colloquium,
3315 872 3452 928 prte-

1898 948 2075 1002 fectus
2103 947 2315 999 obviam
2375 944 2549 997 factns
2605 946 2941 1013 imperatori,
2998 944 3213 1000 nuntiat
3244 959 3305 1000 ea
3340 961 3459 1017 qua

1899 1040 2113 1092 dixerat
2131 1036 2388 1099 Basilius,
2417 1043 2471 1087 et
2496 1033 2653 1088 docet
2676 1051 2782 1103 qua
2813 1037 2883 1089 sit
2904 1036 2986 1090 vir
3005 1036 3094 1091 ille
3124 1038 3343 1102 virtute,
3366 1052 3458 1091 os-

1902 1124 2182 1193 tenditque
2222 1124 2386 1176 animi
2417 1122 2538 1189 ejus
2565 1124 2930 1176 constantiam
2966 1130 3020 1178 et
3050 1124 3454 1180 fortitudinem.

1900 1214 1977 1268 Ac
2012 1222 2124 1268 tum
2156 1212 2377 1282 quidem
2409 1213 2579 1267 tacuit
2604 1213 2904 1281 imperator
2936 1221 2992 1268 et
3018 1216 3205 1271 urbem
3237 1218 3456 1288 ingres-

1902 1318 1997 1358 sus
2022 1313 2127 1356 est.
2161 1301 2454 1369 Postquam
2484 1316 2613 1355 vero
2643 1300 2827 1356 domui
2876 1317 2989 1357 sua:
3012 1302 3274 1360 divinitus
3317 1306 3459 1360 inﬂi-

1900 1405 2019 1448 ctas
2040 1394 2227 1462 plagas
2253 1393 2382 1445 vidit
2407 1393 2564 1459 (nam
2597 1400 2649 1446 et
2672 1393 2814 1449 filius
2826 1408 2968 1463 aeger
2991 1397 3154 1448 morti
3177 1398 3461 1464 proximus

1900 1490 2040 1548 erat,
2104 1490 2157 1536 et
2206 1496 2343 1537 uxor
2410 1484 2576 1537 variis
2639 1483 2999 1540 incommodis
3054 1486 3458 1558 afﬂictabatur),

1900 1588 2265 1628 aerumnarum
2314 1574 2542 1627 istarum
2583 1586 2806 1627 causam
2839 1572 3169 1644 intelligens,
3213 1578 3459 1632 divinum

1901 1666 2098 1728 virum,
2123 1663 2214 1718 cui
2251 1662 2579 1732 supplicium
2615 1663 2933 1729 intentarat,
2974 1663 3196 1719 domum
3230 1675 3287 1720 ut
3319 1666 3466 1722 adse

1902 1756 2088 1809 veniat
2145 1755 2473 1809 obtestatur.
2524 1753 2718 1808 Parent
2767 1754 2935 1811 duces
2972 1757 3140 1827 regiis
3174 1759 3461 1815 mandatis.

1835 1856 1876 1909 Β
1907 1844 2042 1899 Tum
2076 1845 2129 1898 in
2155 1844 2414 1915 palatium
2445 1843 2669 1899 veniens
2723 1860 2951 1917 magnus
2984 1847 3242 1915 Basilius,
3295 1850 3467 1920 impe-

1906 1936 2216 2006 ratorisque
2255 1936 2447 2001 filium,
2474 1936 2566 2004 qui
2621 1937 2782 1990 morti
2820 1938 3034 1993 vicinus
3056 1948 3192 2007 erat,
3244 1945 3463 2012 conspi-

1903 2036 2080 2093 catus,
2123 2042 2473 2082 reversurum
2499 2026 2566 2079 ad
2591 2027 2755 2080 vitam
2784 2029 3038 2097 spondet,
3065 2032 3109 2085 si
3134 2046 3349 2085 sacrum
3374 2030 3469 2086 ba-

1905 2123 2104 2191 ptisma
2136 2121 2349 2189 piorum
2384 2133 2550 2188 opera
2583 2122 2887 2189 perceperit
2922 2138 2936 2175 :
2974 2132 3136 2192 atque
3179 2124 3343 2195 982
3367 2126 3470 2180 hoc

1906 2213 2058 2265 dicto
2093 2212 2241 2265 abiit.
2280 2211 2349 2264 At
2384 2211 2684 2280 imperator
2717 2212 3081 2283 jurisjnrandi
3110 2215 3251 2270 sicut
3280 2232 3469 2272 amens

1907 2301 2169 2368 llerodes,
2228 2301 2573 2363 recordatus,
2605 2300 2672 2354 ab
2726 2302 2944 2357 Arianis
2994 2304 3343 2372 quibusdam,
3376 2304 3470 2374 qui

1906 2392 2153 2456 aderant,
2184 2386 2416 2461 puerum
2439 2391 2702 2461 baptizari
2722 2390 2910 2461 jussit.
2938 2392 3040 2458 Qui
3063 2393 3246 2447 statim
3273 2394 3471 2451 deinde

1908 2493 2154 2540 mortuus
2184 2498 2285 2540 est.
2343 2484 2521 2550 Quare
2565 2484 2887 2552 pmnitentia
2925 2484 3128 2540 ductus
3163 2483 3381 2554 Valens,
3416 2495 3472 2542 et

1906 2591 2069 2646 quam
2090 2576 2244 2629 noxia
2274 2574 2466 2631 fuisset
2485 2574 2847 2643 jurisjurandi
2870 2576 3072 2631 veritas
3089 2578 3468 2643 considerans,

1908 2669 1975 2722 ad
2012 2668 2259 2721 divinum
2323 2668 2587 2739 templum
2619 2667 2787 2730 venit,
2845 2668 3134 2738 magnique
3162 2667 3352 2724 Basilii
3379 2669 3473 2724 do-

1907 2760 2139 2813 ctrinam
2177 2761 2436 2827 suscepit,
2469 2769 2522 2811 et
2564 2758 2723 2812 altari
2764 2772 3022 2814 consueta
3059 2775 3281 2814 munera
3318 2761 3475 2815 obtu-

1910 2852 1988 2904 lit.
2017 2850 2156 2915 Qnin
2185 2852 2349 2903 etiam
2379 2850 2520 2903 intra
2549 2866 2705 2904 sacra
2741 2851 2858 2903 vela
2891 2889 2905 2913 ,
2943 2851 3031 2904 ubi
3075 2851 3320 2913 sedebat.
3349 2868 3473 2906 eum

1910 2940 2204 3002 advocatis,
2236 2948 2289 2994 et
2318 2941 2486 2993 multa
2506 2941 2622 3010 ipse
2652 2940 2718 2995 de
2741 2940 2905 2995 rebus
2934 2939 3133 2995 divinis
3162 2941 3323 2995 verba
3348 2939 3475 2996 fecit

1910 3046 1961 3087 et
2002 3035 2152 3087 illum
2187 3031 2476 3086 facientem
2504 3032 2739 3089 audivit.
2763 3032 3113 3089 Aderattunc
3134 3033 3207 3089 ibi
3232 3034 3472 3104 quidam,

1914 3124 2131 3177 nomine
2164 3121 2580 3185 Demosthenes,
2644 3123 2842 3177 culinae
2872 3122 3238 3190 imperatoria:
3272 3136 3479 3191 prmpo-

1913 3219 2073 3277 situs.
2103 3218 2196 3287 qui
2232 3215 2381 3269 orbis
2418 3224 2688 3267 terrarum
2722 3214 3039 3283 magistrum
3072 3213 3479 3282 reprehendens

1910 3307 2140 3360 barbare
2165 3306 2378 3357 locutus
2396 3311 2498 3357 est.
2520 3303 2656 3355 Tum
2676 3302 2964 3356 subridens
2984 3301 3200 3355 divinus
3223 3300 3476 3363 Basilius;

1918 3419 1935 3450 ι
1993 3398 2167 3450 Etiam
2224 3396 2690 3457 Demosthenem,
2738 3394 2932 3462 inquit,
2996 3392 3306 3446 illiteratum
3352 3393 3479 3447 vidi-

1912 3505 2052 3543 mus.
2086 3508 2102 3539 ι
2132 3488 2187 3541 EI
2222 3504 2343 3541 cum
2380 3488 2469 3541 ille
2502 3488 2579 3539 ira
2608 3487 2845 3555 percitus
2880 3484 3180 3538 minaretur
3211 3499 3224 3535 :
3266 3501 3282 3533 ι
3305 3482 3479 3537 Tuum

1912 3590 2016 3639 est.
2062 3582 2138 3633 ait
2177 3595 2406 3649 magnus
2452 3577 2709 3640 Basilius,
2739 3574 3086 3644 juseulorum
3138 3572 3481 3627 condimenta

1915 3687 2108 3725 curare
2144 3688 2155 3723 :
2189 3668 2544 3723 divinaenim
2576 3665 2850 3734 dogmata,
2883 3677 3009 3716 cum
3036 3663 3354 3716 obstructas
3384 3674 3484 3715 au-

1910 3777 2000 3816 res
2032 3761 2255 3823 habeas,
2300 3759 2489 3813 audire
2522 3771 2629 3811 non
2677 3763 2851 3826 potes.
2875 3773 2894 3806 ι
2951 3752 3076 3808 Haec
3102 3753 3167 3806 ad
3200 3754 3388 3807 istum.
3415 3754 3485 3805 At

1915 3855 2212 3923 imperator
2268 3850 2525 3904 Basilinm
2584 3855 2867 3915 tantopere
2918 3854 3003 3900 est
3055 3844 3378 3906 admiratus,
3426 3850 3486 3896 ut

1916 3945 2115 4016 praedia
2148 3958 2268 4014 qua!
2292 3942 2363 3995 ibi
2396 3941 2625 3995 habebat
2651 3939 2855 4007 optima
2876 3936 3207 4006 pauperibus
3233 3935 3482 3999 donaret,

1916 4039 2007 4107 qui
2050 4035 2153 4089 sub
2182 4035 2303 4103 ejus
2325 4049 2455 4087 cura
2491 4039 2670 4097 erant,
2697 4038 2749 4083 et
2771 4037 2886 4083 toto
2921 4042 3151 4098 corpore
3172 4028 3291 4082 labe
3313 4026 3486 4081 aetati

1917 4128 2202 4181 curatione
2220 4125 2453 4178 maxima
2480 4121 2815 4191 indigebant.
2841 4118 2920 4172 Ad
2947 4119 3094 4172 hunc
3115 4133 3247 4188 ergo
3265 4118 3484 4173 modum

1919 4218 2153 4288 primum
2187 4213 2433 4268 Valentis
2466 4213 2725 4280 impetum
2758 4212 2773 4229 ‘
2804 4208 3042 4264 Basilius
3067 4207 3346 4263 devitavit.
3379 4207 3487 4263 lte-

1920 4324 2039 4362 rum
2070 4315 2250 4361 autem
2291 4317 2549 4358 reversus
2578 4302 2668 4355 ille
2700 4341 2712 4365 ,
2735 4298 3248 4369 praeteritorumque
3288 4298 3490 4354 oblitus

1921 4400 2163 4469 (quippe
2184 4412 2338 4451 mens
2388 4396 2534 4449 illius
2564 4408 2593 4446 a
2626 4391 3009 4448 seductoribus
3046 4390 3368 4462 quibusdam
3391 4392 3489 4447 ob-

1923 4505 2073 4546 sessa
2126 4487 2289 4558 983
2352 4485 2703 4553 tenebatur),
2735 4484 2994 4558 Basiliam
3026 4484 3273 4554 instigat,
3328 4494 3389 4538 ut
3434 4484 3491 4538 in

1928 4555 2219 4635 adversas,
2242 4555 2427 4648 partes
2469 4592 2527 4631 se
2559 4555 2904 4630 transferat':
2940 4573 3141 4628 deinde
3200 4588 3326 4628 cum
3388 4574 3493 4630 hoc

251 4668 414 4723 αὑτοῦ
471 4667 910 4737 φροντιζομένοις
968 4667 1318 4738 δωρήσασθαι
1366 4668 1615 4737 πένησιν.
1666 4668 1715 4719 oi
1760 4669 1821 4721 τὸ

1922 4690 2030 4730 non
2060 4672 2433 4742 persuaderet,
2450 4669 2599 4739 jubet
2622 4667 2863 4722 edictum
2886 4666 2949 4721 de
2972 4666 3167 4721 ersilio
3184 4667 3488 4722 conscribi.

253 4758 415 4828 σῶμα
462 4756 608 4809 ἅπαν
641 4757 1026 4827 λελωϐημένοι,
1078 4758 1317 4820 πλείονος
1350 4759 1431 4811 ὅτι
1467 4759 1698 4828 μάλιστα
1731 4759 1815 4810 θε-

255 4847 488 4919 ραπείας
516 4849 886 4920 προσδέονται.
935 4849 1045 4920 Τὴν
1077 4851 1175 4919 μὲν
1206 4846 1297 4904 οὖν
1330 4850 1553 4921 πρώτην
1591 4850 1683 4903 τοῦ
1718 4852 1820 4906 Βά-

252 4937 435 5000 λεντος
465 4939 771 5010 προσδολήν
796 4938 967 5003 οὕτως
994 4941 1247 5008 διέφυγεν
1266 4941 1294 4992 6
1325 4942 1497 5012 μέγας
1518 4941 1820 5004 Βασίλειος.

1922 4765 2081 4832 Quod
2138 4764 2254 4833 ipse
2302 4778 2422 4815 cum
2486 4775 2648 4813 inann
2702 4774 2802 4811 sua
2859 4757 3153 4827 obsignare
3202 4757 3492 4819 niteretur,

1923 4854 2127 4909 nullius
2160 4852 2353 4905 littera:
2382 4850 2587 4919 apicem
2619 4845 2881 4916 perﬁcere
2914 4846 3112 4913 potuit.
3164 4843 3300 4899 Nam
3351 4845 3497 4899 cala-

1928 4959 2051 4999 mus
2091 4942 2366 4996 contritus
2412 4948 2521 4998 est.
2553 4939 2805 5006 Cumque
2842 4936 3085 4990 secundo
3120 4950 3183 4990 ac
3219 4935 3381 4990 tertio
3406 4952 3497 4990 ca-

266 5029 486 5100 Ἐπειδή
506 5030 563 5083 δὲ
616 5030 777 5084 πάλιν
803 5027 939 5102 ἧκεν
978 5032 1139 5097 αὐτὸς
1159 5033 1229 5099 ⁸⁸,
1262 5033 1355 5087 καὶ
1386 5033 1494 5087 τῶν
1544 5034 1823 5104 προτέρων

1926 5038 2071 5089 lamo
2104 5033 2242 5088 idem
2290 5031 2600 5091 accidisset,
2622 5037 2676 5083 et
2725 5026 3016 5094 obsignare
3048 5037 3231 5082 tamen
3267 5026 3494 5098 impium

1521 5211 1753 5266 VABIIE
1796 5209 2196 5267 LECTIONES.

344 5370 388 5400 "
429 5367 569 5438 μετὰ
599 5367 662 5441 δέ
684 5367 904 5441 τούτους
960 5373 1085 5432 τοὺς
1131 5372 1319 5439 λόγους
1381 5373 1543 5427 Basil.
1594 5372 1688 5427 Gr.
1734 5384 1790 5429 et
1845 5374 2033 5441 Steph.

2129 5373 2176 5404 ὀ
2204 5369 2345 5423 κατὰ
2405 5369 2501 5437 τὴν
2540 5369 2714 5422 οἰκίαν
2769 5367 2931 5421 αὑτοῦ
2979 5367 3128 5434 θεηλ.
3174 5360 3281 5418 εἶδε
3311 5363 3500 5437 iidem.

260 5434 512 5500 ’ίτὰς’π.
549 5454 599 5491 τ.
641 5437 759 5492 θαν.
804 5440 987 5492 iidem.
1059 5434 1299 5495 ’τίδὲάῠ
1348 5443 1536 5497 iisdem
1572 5444 1747 5497 abest.
1808 5434 1973 5496 "xui.
2020 5443 2173 5496 abest
2220 5456 2247 5491 a
2306 5434 2468 5490 liasil.
2497 5439 2588 5492 Gr.
2667 5440 2710 5469 ⁷⁸
2739 5438 2918 5490 τοίνυν
2962 5436 3101 5490 idem
3147 5449 3271 5488 cum
3311 5434 3500 5501 Steph.

260 5512 353 5562 "6
390 5508 565 5581 μέγας
587 5508 793 5581 abesta
817 5508 984 5564 Basil.
1020 5509 1113 5564 Gr.
1186 5512 1232 5541 "
1266 5512 1623 5581 ἀναστρέψειν
1666 5514 1783 5567 Pini
1828 5514 2021 5570 codex.
2068 5508 2607 5581 ἀναστρέψαιμΒιιεὶΙ.
2644 5505 2738 5581 ρι’.
2763 5516 2830 5581 et
2858 5506 3062 5581 §avilii,

3105 5518 3267 5574 quam
3318 5505 3508 5574 lectio-

262 5573 639 5654 nrm—prtefer‘t
670 5576 942 5654 Valesius.
976 5650 986 5654 _
1017 5581 1060 5611 "
1092 5581 1163 5634 lta
1188 5581 1303 5654 jam
1341 5573 1683 5654 _Cli'rist0ph.
1710 5595 1759 5637 et
1786 5584 1985 5654 Sealig.
2018 5584 2118 5633 Τὸν
2153 5573 2619 5654 apiovdtabehant
2640 5577 2816 5654 llas“.
2850 5577 2941 5654 Gr.
2978 5584 3032 5629 et
3064 5573 3276 5654 Stfphz
3330 5573 3509 5654 "hut-:-

265 5646 544 5723 μυημένος
588 5646 747 5723 Basil.
776 5648 869 5723 Gr.
898 5650 1105 5723 vitiose.
1183 5653 1226 5723 '_’
1255 5653 1281 5703 6
1324 5652 1388 5723 δὲ
1426 5646 1731 5723 idem-cum
1776 5646 1958 5723 Steplt‘.

2045 5654 2087 5683 ⁸ο
2127 5642 2405 5703 Articulus
2451 5663 2479 5699 a
2529 5647 2693 5700 Basili
2725 5648 2818 5701 Gr.
2874 5647 3046 5699 abest.
3123 5645 3165 5675 “
3196 5644 3354 5695 θείων
3383 5642 3510 5695 item

262 5711 415 5791 abest
469 5718 536 5769 ab
562 5716 685 5791 __ill_o
724 5721 841 5772 cod.
878 5727 952 5774 et.
1004 5733 1060 5773 ut
1094 5722 1146 5773 in
1190 5720 1403 5791 Stcph.,
1436 5721 1697 5785 κελεύσας
1743 5711 1887 5785 post'
1918 5740 2025 5790 γεν.
2100 5722 2144 5752 ⁸³
2184 5720 2383 5772 αὐτόσε
2434 5716 2552 5771 Pini
2597 5718 2787 5781 codex,
2843 5716 3135 5785 Epiphan.,
3164 5711 3508 5780 Christoph.,

263 5788 460 5857 Scalig.
483 5794 536 5837 et
562 5785 737 5839 Vales.

509 5879 780 5938 ΡΑτιιοι..
828 5881 945 5938 Gn.
996 5880 1316 5944 LXXXII.

2992 5876 3066 5897 n-

2990 5899 3058 5932 ῡι
