4218 6456
781 381 916 445 1159

1768 380 2257 440 'I'HEODORETI
2298 382 2631 466 EPISCOPi
2678 382 3040 440 (IYliENSIS

3900 382 4043 446 1160

777 493 1111 565 cognitionis
1155 496 1335 546 lumen
1394 503 1502 545 tam
1538 492 1723 545 multis
1752 494 2083 556 iniundcret,
2124 492 2353 563 Eulogio

2468 513 2545 556 :0;
2577 495 2761 562 ἔλεγεν
2786 494 3220 563 ἀναγκαιοτέραν
3237 488 3377 546 εἶναι
3406 495 3511 546 τῶν
3548 495 3911 564 πλανωμένων
3944 496 4046 564 τὴν

775 598 957 641 tamen
1014 588 1216 656 primas
1253 588 1466 650 cedere,
1529 595 1583 641 et
1619 602 1759 657 quos
1808 588 2043 654 cepisset
2088 590 2153 639 ad
2200 588 2350 640 illum

776 677 1067 732 deducere.
1127 676 1318 733 Merito
1353 681 1541 747 itaque
1572 679 1741 730 multo
1784 678 2045 746 majorem
2089 688 2355 747 praestan-

776 770 1087 837 tioremque
1135 770 1286 823 illius
1340 771 1596 823 virtutem
1634 784 1756 823 esse
1806 769 2195 837 conjiciebant.
2232 768 2352 822 Jam

776 876 924 921 vero.
964 876 1115 925 cum,
1160 864 1349 916 sedata
1371 869 1695 929 tempestate
1718 862 2121 930 tranquillaque
2148 862 2355 915 sereni-

771 962 887 1004 tate
914 952 1187 1017 restituta,
1229 953 1404 1006 redire
1438 952 1506 1006 ab
1568 954 1767 1007 exsilio
1804 953 1946 1021 jussi
1997 962 2207 1016 essent,
2258 954 2355 1006 dc-

776 1045 983 1098 duxere
1016 1046 1143 1098 iilos
1184 1045 1424 1098 universi
1462 1059 1587 1097 cum
1639 1046 1924 1113 questibus
1971 1052 2025 1097 et
2073 1045 2354 1114 lacrymis,

779 1135 1155 1203 imprimisque
1175 1135 1408 1189 antistes
1431 1134 1703 1198 Ecclesiae,
1729 1134 1816 1186 cui
1847 1133 2107 1203 deinceps
2137 1135 2354 1187 illorum

780 1225 1116 1293 agricultura
1145 1225 1443 1279 carendum
1477 1233 1643 1278 esset.
1684 1226 1986 1294 Pastquam
2019 1240 2153 1294 ergo
2180 1226 2232 1278 in
2262 1241 2359 1293 pa-

778 1317 939 1368 triam
974 1330 1290 1385 pervenere,
1330 1315 1550 1368 divinus
1587 1315 1806 1384 quidem
1837 1316 2124 1385 Eulogius,
2166 1330 2359 1382 magum

780 1406 947 1460 Bai-se
978 1408 1043 1460 ad
1075 1408 1282 1460 doloris
1312 1416 1594 1475 expertem
1634 1406 1798 1458 vitam
1837 1414 2208 1476 transgresso,
2254 1405 2357 1456 Ee-

780 1498 960 1551 rlesiae
988 1512 1151 1564 quam
1193 1507 1412 1551 rexerat
1433 1498 1800 1567 gubernat-uia
1835 1497 2073 1565 suscepit
2106 1515 2119 1560 ;
2158 1495 2356 1548 Proto-

781 1589 900 1656 ενιιί
930 1598 1110 1642 autem
1132 1590 1453 1643 admirando
1474 1588 1818 1642 excolerrdm‘
1842 1589 1980 1641 data:
2009 1588 2357 1654 suntCarrm,

782 1683 976 1736 civitas
1015 1682 1238 1746 inculta,
1275 1682 1523 1750 etspinis
1562 1682 1848 1751 gentilium
1895 1681 2116 1745 referta,
2164 1682 2362 1735 multo-

783 1789 889 1839 que
919 1789 1086 1843 egens
1117 1774 1302 1826 labore
1355 1788 1416 1826 ac
1445 1776 1653 1826 studio.
1685 1772 1791 1826 Sed
1852 1772 1965 1825 haec
1996 1780 2121 1840 post
2171 1787 2357 1841 pacem

784 1863 1045 1919 Ecclesiis
1077 1863 1341 1917 redditam
1369 1875 1518 1933 gesta
1554 1874 1698 1917 sunt.

782 1956 1006 2027 τογένης
1046 1956 1308 2026 γεωργεῖν
1353 1955 1697 2025 προσετάχθη
1735 1954 1835 2017 τὰς
1882 1954 2072 2022 Κάρας
2131 1953 2203 2015 θ’,

2461 586 2756 654 σωτηρίαν.
2806 584 3145 655 Ἐθαύμαζον
3186 584 3244 637 δὲ
3276 584 3515 647 ἅπαντες
3547 584 3639 636 τὸν
3679 585 4046 654 Πρωτογένην

2458 675 2744 745 θεώμενοι,
2778 673 3001 728 τοιαῦτα
3043 675 3140 745 μὲν
3182 675 3723 745 θαυματουργοῦντα,
3765 676 4046 737 τοσούτοις

2456 766 2513 819 δὲ
2569 766 2652 819 τοῦ
2696 767 2797 835 τῆς
2832 766 3163 833 θεογνωσίας
3197 766 3546 834 μεταδιδόντα
3576 768 3773 834 φωτὸς,
3821 768 3919 818 καὶ
3967 767 4049 835 τῷ

2464 860 2708 931 Εὑλογίῳ
2756 861 2862 913 τῶν
2904 862 3188 931 πρωτείων
3256 863 3722 933 παραχωροῦντα,
3776 863 3870 916 καὶ
3916 863 4051 923 τοὺς

2458 952 2860 1021 ἀγρευομένους
2907 952 3102 1021 ἐκείνῳ
3139 954 3505 1022 προσάγοντα.
3548 953 3840 1018 Ἐτόπαζον
3863 952 3928 1021 δὴ
3954 948 4052 1004 οὖν

2460 1041 2704 1103 εἰκότως,
2739 1040 2917 1110 πολλῷ
2966 1043 3187 1095 πλείονα
3220 1037 3360 1094 εἶναι
3385 1042 3483 1111 τὴν
3514 1043 3724 1096 ἐκείνου
3755 1045 3849 1095 καὶ
3875 1044 4050 1111 ὑπερ-

2460 1132 2622 1201 τέραν
2652 1132 2871 1201 ἀρετήν.
2922 1132 3139 1203 Ἐπειδὴ
3166 1132 3224 1186 δὲ
3244 1132 3339 1186 τοῦ
3366 1132 3634 1196 κλύδωνος
3666 1134 4050 1205 παυσαμένου.

2460 1222 2555 1273 καὶ
2584 1221 2831 1291 καθαρᾶς
2858 1223 3160 1292 γενομένης
3208 1224 3471 1295 γαλήνης,
3514 1225 3829 1277 ἐπανελθεῖν
3878 1240 4054 1292 προσ-

2460 1311 2785 1381 ετάχθησαν,
2819 1311 3189 1384 προύπεμψαν
3219 1316 3417 1378 αὐτοὺς
3448 1316 3684 1377 ἅπαντες
3710 1315 4053 1384 ὀλοφυρόμε-

2461 1417 2542 1452 νοι
2564 1403 2657 1454 καὶ
2686 1402 3033 1472 δακρύοντες,
3065 1405 3163 1473 οὐχ
3188 1406 3386 1473 ἥκιστα
3420 1405 3476 1457 δέ
3515 1408 3543 1457 6
3575 1406 3672 1473 τῆς
3713 1406 4054 1474 Ἑκκλησίας

2460 1492 2797 1561 ἡγούμενος,
2857 1494 2956 1564 τῆς
3028 1496 3250 1549 ἐκείνων
3320 1498 3596 1567 γεωργίας
3656 1499 4049 1569 ἐστερημένος.

2476 1584 2693 1655 Ἐπειδὴ
2741 1585 2796 1637 δέ
2846 1587 2944 1655 τὴν
2980 1586 3309 1653 ἐνεγκοῦσαν
3338 1588 3661 1648 κατέλαϐον,
3706 1591 3734 1641 6
3777 1590 3879 1659 μὲν
3908 1588 4053 1650 θεῖος

2464 1677 2739 1745 Εὑλόγιος,
2774 1679 2985 1749 Βάρσου
3016 1680 3110 1732 τοῦ
3145 1680 3379 1749 μεγάλου
3419 1682 3781 1752 μεταστάντος
3834 1684 3917 1742 εἰς
3959 1681 4053 1732 τὶν

2466 1770 2671 1824 ἄλυπον
2700 1772 2835 1841 βίον,
2869 1774 2967 1840 τῆς
2997 1774 3090 1827 ὑπ’
3122 1774 3331 1825 ἐκείνου
3360 1773 3779 1845 κυϐερνωμένης
3815 1772 4052 1840 Ἐκκλη-

2400 1856 2440 1909 Β
2472 1864 2593 1925 σίας
2619 1863 2909 1934 ἐπιστεύθη
2944 1867 3068 1929 τοὺς
3112 1866 3306 1929 οἴακας
3329 1881 3345 1897 ⁸
3376 1868 3404 1919 ὁ
3446 1867 3503 1919 δὲ
3535 1868 3865 1935 ἀξιάγαστος
3894 1866 4054 1935 Πρω-

2279 1950 2433 2004 πόλιν
2471 1954 2912 2026 κεχερσωμένην,
2960 1958 3052 2010 καὶ
3084 1956 3336 2011 ἀκανθῶν
3381 1958 3707 2029 Ἑλληνικῶν
3754 1958 4053 2027 πεπληρω-

783 2049 988 2120 μένην,
1042 2048 1136 2101 καὶ
1190 2045 1389 2115 πολλῆς
1439 2047 1697 2118 δεομένην
1752 2047 2085 2115 φιλοπονίας.
2118 2044 2304 2099 Ταῦτα
2347 2046 2449 2115 μὲν
2478 2044 2572 2100 οὖν
2624 2048 2763 2120 μετά
2809 2047 2907 2121 τὴν
2952 2049 3060 2103 τῶν
3139 2050 3473 2123 Ἐκκλησιῶν
3519 2053 3739 2122 εἰρήνην
3777 2052 4032 2119 ἐγένοντδ

922 2235 1090 2305 930
1138 2234 1289 2288 car.
1325 2232 1463 2286 XVI.
1498 2232 1581 2304 [Β.
1617 2231 1698 2287 St.
1730 2231 1797 2285 ν.
1831 2232 1913 2285 tu.
1945 2230 2046 2284 cn.
2092 2229 2204 2301 ιη

791 2328 863 2381 De
917 2338 1101 2381 sancta
1152 2326 1353 2378 Basilio
1405 2324 1726 2379 Caesariensi
1791 2326 2055 2390 episcopo,
2116 2323 2368 2390 rebusque

857 2408 1037 2448 rerum
1086 2413 1201 2448 eum
1235 2397 1394 2464 gestis
1460 2414 1491 2448 (ι
1552 2394 1790 2459 Valente,
1837 2405 1884 2447 et
1926 2395 2168 2447 Modesto
2225 2409 2359 2461 pra:-

856 2471 1011 2536 ferto.

859 2560 925 2607 At
959 2556 1172 2616 Valens,
1209 2569 1331 2608 cum
1370 2568 1561 2607 omnes
1611 2567 1778 2624 pr0pe
1808 2553 2042 2606 dixerim
2091 2552 2365 2606 Ecclesias

788 2647 1102 2717 pastoribus
1125 2647 1437 2715 spoliasset,
1469 2644 1773 2700 Caesaream
1823 2647 1981 2714 petiit
2024 2658 2185 2713 quam
2215 2643 2368 2698 ineo-

792 2744 911 2794 luut
981 2738 1358 2808 Cappadoces.
1400 2739 1477 2792 Ibi
1534 2726 1648 2792 tum
1688 2744 1921 2807 pra-erat
1961 2736 2201 2791 Basilius
2252 2751 2366 2788 ma-

793 2848 954 2901 gnus,
985 2829 1329 2900 splendidum
1351 2829 1533 2882 lumen
1565 2827 1714 2882 orbis
1740 2837 2033 2881 terrarum.
2067 2825 2357 2880 Praemise-

791 2936 871 2977 rat
900 2931 1080 2976 autem
1114 2920 1456 2991 praefectum,
1484 2936 1607 2975 cum
1656 2919 1951 2983 mandatis,
1991 2927 2049 2972 ut
2107 2918 2369 2973 Basilium

793 3016 877 3067 vel
910 3013 974 3067 ad
1017 3013 1242 3067 Eudoxii
1268 3013 1711 3067 communionem
1737 3011 2165 3082 amplectendam
2199 3011 2372 3064 addu-

793 3115 960 3169 ceret,
996 3105 1077 3159 vel
1106 3113 1446 3158 recusantem
1484 3104 1541 3156 in
1579 3104 1833 3158 exsilium
1871 3102 2186 3172 expelleret.
2232 3099 2367 3153 Nam

2960 2228 3107 2301 [ηδ]
3151 2232 3399 2285 ΚΕΦΛΛ.
3450 2235 3563 2300 1.7.

2469 2318 2611 2386 Περὶ
2655 2317 2772 2391 τοῦ
2824 2320 2995 2391 ἁγίου
3019 2322 3351 2391 βασιλείου
3386 2322 3491 2374 τοῦ
3530 2325 3892 2391 Καισαρείας
3924 2326 4055 2380 ἑπι-

2545 2390 2804 2463 ᾳκίξπιου,
2840 2390 2937 2441 καὶ
2970 2388 3087 2463 τῶν
3113 2392 3237 2463 κατ’
3276 2392 3462 2444 αὑτοῦ
3484 2388 3913 2463 γεγενημένωὲ
3937 2400 4056 2451 ὑπὸ

2536 2457 2873 2523 Οὐάλεντος
2901 2458 3000 2513 καί
3032 2460 3342 2515 Μοδέστου
3372 2457 3669 2530 ὑπάρχου.

2554 2547 2614 2599 '0
2648 2547 2704 2600 δὲ
2734 2548 2910 2620 Βάλης
2974 2552 3173 2616 πᾶσαν,
3202 2550 3277 2614 ὡς
3310 2551 3442 2615 ἔπος
3480 2554 3673 2618 εἰπεῖν,
3719 2556 4058 2627 ’Ἐκκλησίαν

2468 2646 2561 2699 τοῦ
2596 2647 2847 2716 ποιμένος
2871 2649 3152 2719 ἐστέρησε,
3180 2649 3271 2702 καὶ
3300 2652 3379 2713 είς
3398 2649 3443 2682 ⁸³
3471 2667 3565 2721 τη.
3586 2652 3925 2723 ’(αισάρειαν
3946 2654 4056 2725 ὧρ-

2472 2753 2663 2807 μησεν,
2696 2732 2767 2808 ἧς
2797 2739 3078 2809 οἰκήτορες
3111 2740 3508 2793 Καππαδόκαιο
3555 2744 3740 2811 ἠγειεο
3764 2743 3825 2798 δέ
3849 2745 4061 2815 ταύτης

2468 2827 2770 2898 τηνικαῦτα
2803 2828 3082 2893 Βασίλειος
3114 2830 3143 2881 6
3191 2832 3361 2900 μέγας
3388 2831 3453 2896 ⁸⁸,
3505 2833 3535 2885 6
3578 2834 3679 2904 τῆς
3725 2836 4059 2906 οἰκουμένης

2472 2922 2715 2991 φωστὴρ.
2757 2920 3090 2991 Προῦπεμψε
3130 2922 3189 2975 δὲ
3235 2924 3325 2977 τὸν
3372 2923 3636 2995 ὕπαρχον,
3674 2927 4059 2997 ἐντειλάμενος

2472 3014 2504 3083 ἢ
2543 3016 2727 3066 πείσαι
2761 3012 2850 3066 τδν
2874 3013 3154 3067 Βασίλειον
3194 3016 3291 3085 τὴν
3338 3014 3474 3089 πρὸς
3514 3017 3763 3082 Εὐδόξιον
3796 3018 4058 3073 ἀσπάσα-

2474 3105 2594 3158 σθαι
2620 3102 2921 3169 κοινωνίαν,
2952 3104 2985 3175 ἢ
3023 3105 3099 3177 μὴ
3135 3106 3457 3176 πειθόμενον
3498 3107 3769 3173 ἐξελάσαι.
3801 3109 3915 3163 Τοῦ
3948 3111 4060 3180 γὰρ

793 3215 919 3253 cum
954 3197 1019 3251 de
1041 3195 1181 3250 fama
1211 3196 1312 3249 viri
1348 3194 1553 3249 dudum
1590 3196 1915 3264 accepisset,
1951 3194 2181 3264 primum
2215 3193 2355 3248 illum

2473 3196 2662 3266 ἀνδρὸς
2688 3196 2748 3247 τῦ
2782 3163 2937 3259 κλέος
2974 3163 3451 3267 προπεπυσμένος,
3487 3163 3686 3269 πρώτῳ
3720 3163 4060 3271 προσϐαλεῖν

797 3290 1003 3342 adoriri
1038 3287 1233 3351 noluit,
1265 3302 1332 3339 ne
1363 3287 1408 3340 si
1447 3286 1574 3339 forti
1605 3288 1789 3338 animo
1814 3285 2072 3353 impetum
2121 3285 2372 3353 excepis-

796 3390 901 3439 set,
950 3388 1114 3448 atqne
1152 3378 1293 3430 hunc
1329 3378 1645 3445 repulisset,
1692 3377 2004 3445 exemplum
2055 3376 2178 3428 aliis
2214 3376 2373 3428 l'otti-

798 3472 1003 3525 tudiuis
1042 3470 1330 3540 praeberet.
1362 3468 1468 3522 Sed
1503 3469 1619 3523 haec
1652 3469 1863 3521 molitio
1903 3468 2023 3521 tela:
2047 3482 2262 3521 araneae
2297 3467 2374 3521 si-

801 3561 948 3613 milis
986 3560 1257 3627 apparuit.
1295 3556 1434 3612 Aliis
1454 3558 1598 3610 enim
1647 3556 1923 3625 episcopis
1966 3556 2031 3608 ad
2084 3557 2372 3610 utilitatem

801 3662 980 3704 vetera
1030 3650 1277 3717 eumpla
1340 3657 1424 3703 sat
1467 3648 1708 3713 fuerunt,
1756 3649 1848 3717 qui
1910 3648 2146 3701 turrium
2202 3649 2377 3703 instar

802 3760 1015 3798 murum
1045 3743 1164 3795 ﬁdei
1190 3744 1401 3797 ﬁrmum
1430 3754 1674 3797 tenuere.
1701 3741 1838 3796 Cum
1869 3750 2047 3795 autem
2069 3740 2375 3796 Caesaream

802 3834 1091 3905 praefectus
1115 3835 1371 3896 venisset,
1406 3837 1638 3888 accitum
1665 3833 1732 3887 ad
1757 3848 1817 3887 se
1836 3847 2090 3901 magnum
2116 3829 2375 3885 Basilium

806 3928 1104 3981 honoriﬁce
1159 3927 1435 3992 tractavit,
1489 3926 1798 3994 blandaque
1837 3926 2084 3978 oratione
2130 3923 2374 3992 compel-

804 4021 924 4074 lans
973 4020 1227 4073 hortatus
1279 4026 1399 4081 est,
1454 4028 1512 4070 ut
1557 4017 1789 4086 tempori
1842 4016 2091 4079 cederet,
2136 4030 2235 4070 nec:
2296 4022 2377 4069 tot

810 4109 1080 4163 Ecclesias
1131 4109 1202 4161 ob
1251 4107 1513 4159 minutam
1570 4104 1885 4175 dogmatum
1936 4104 2270 4173 diligentiam
2323 4104 2377 4156 in

808 4200 1113 4253 discrimen
1167 4197 1483 4265 conjiceret.
1527 4194 1883 4250 Promittebat
1931 4203 1985 4248 et
2034 4195 2378 4264 imperatoris

808 4290 1129 4352 amicitiam,
1174 4300 1227 4342 et
1259 4288 1428 4340 multa
1470 4301 1564 4356 per
1600 4286 1745 4338 illam
1792 4286 1845 4338 in
1895 4285 2031 4339 alios
2078 4285 2377 4340 derivanda

811 4378 1094 4434 beneﬁcia.
1136 4378 1235 4431 Cui
1267 4378 1490 4430 divinus
1530 4375 1620 4429 ille
1650 4376 1731 4429 vir
1766 4374 2196 4429 adolescentulis
2244 4390 2377 4428 con-

2474 3288 2574 3339 ούκ
2606 3287 2901 3357 ἠθέλησεν*
2938 3288 3023 3340 ἵνα
3055 3288 3129 3358 μὴ
3162 3290 3422 3356 γενναίως
3449 3290 3545 3361 τὴν
3566 3291 3873 3362 προσϐολὴν
3900 3294 4061 3359 δεξά-

2478 3392 2658 3445 μενος,
2718 3378 2811 3429 καὶ
2859 3376 3061 3446 ταύτην
3092 3378 3596 3449 ἀποκρουσάμενος,
3642 3379 3895 3453 ἀνδρείας
3947 3387 4062 3443 τοῖς

2475 3468 2656 3530 ἀλλοις
2679 3470 2981 3538 ἀρχέτυπον
3007 3470 3051 3501 ⁸³
3084 3470 3328 3539 γένηται.
3369 3472 3526 3525 Ἀλλά
3554 3474 3795 3543 ἀράχνης
3825 3476 3966 3545 ἱστῷ
3994 3478 4060 3527 τὸ

2479 3562 2773 3632 μηχάνημα
2828 3561 3210 3633 παραπλήσιον
3259 3562 3434 3633 ὤφθη.
3496 3566 3735 3635 Ἤρκεσε
3783 3566 3896 3636 γάρ
3946 3570 4058 3628 τοῖς

2476 3652 2656 3715 ἄλλοις
2690 3651 3039 3722 ἀρχιερεῦσιν
3085 3653 3164 3715 είς
3194 3652 3461 3721 ὠφέλειαν
3490 3655 3557 3706 τά
3608 3656 3812 3708 παλαιά
3859 3656 4059 3725 διηγήο

2480 3758 2643 3810 ματα,
2682 3741 2775 3793 καὶ
2799 3737 2909 3793 οἷόν
2954 3759 3100 3805 τινες
3139 3742 3338 3813 πύργοι
3385 3746 3475 3796 τὸν
3514 3745 3613 3814 τῆς
3641 3746 3875 3811 πίστεως
3903 3749 4064 3818 περί-

2477 3831 2631 3883 ϐολον
2658 3831 2849 3901 ἀκλινῆ
2870 3832 2916 3861 ⁸⁸
2945 3831 3295 3903 διετήρησαν.
3341 3834 3397 3888 '0
3428 3837 3610 3905 μέντοι
3651 3838 3919 3908 ὕπαρχος,
3979 3843 4060 3903 εἰς

2476 3924 2573 3994 τὴν
2600 3923 2937 3992 Καισάρειαν
2964 3925 3311 3995 ἀφικόμενος,
3337 3927 3431 3979 καὶ
3464 3928 3739 3983 Βασίλειον
3766 3930 3857 3983 τὸν
3881 3932 4062 4001 μέγαν

2482 4014 2993 4085 μεταπεμψάμενος.
3023 4019 3187 4086 τιμῆς
3216 4036 3273 4069 τε
3319 4019 3541 4088 ἠξίωσε,
3577 4023 3670 4074 καὶ
3712 4022 3891 4090 λόγοις
3925 4026 4062 4092 πρὸς

2479 4106 2639 4159 αὑτὸν
2664 4107 2847 4175 ἠπίοις
2870 4108 3159 4176 ἐχρήσατο,
3190 4106 3329 4175 είξαί
3351 4128 3409 4164 τε
3434 4112 3513 4180 τῷ
3542 4113 3719 4183 καιρῷ
3748 4115 4059 4184 παραινῶν,

2479 4198 2571 4251 καὶ
2620 4196 2694 4267 μὴ
2752 4198 3012 4267 προέσθαι
3075 4200 3341 4265 τοσαύτας
3402 4204 3697 4273 ἐκκλησίας
3750 4204 3818 4257 δι’
3867 4206 4063 4275 ὀλίγην

2478 4289 2762 4358 δογμάτων
2816 4290 3118 4360 ἀκρίϐειαν.
3166 4292 3510 4362 ’Υπισχνεῖτο
3544 4295 3598 4348 δὲ
3640 4297 3731 4348 καὶ
3767 4296 3865 4366 τὴν
3916 4298 4065 4367 βασι-

2479 4380 2614 4442 λέως
2660 4380 2862 4447 φιλίαν,
2898 4383 2991 4434 καὶ
3022 4382 3119 4445 τάς
3162 4384 3225 4435 ἐκ
3260 4384 3465 4454 ταύτης
3511 4386 3577 4438 δι’
3625 4386 3791 4439 αὑτοῦ
3845 4390 4063 4451 πολλοῖς

809 4488 1002 4542 grai-re
1058 4472 1195 4525 tales
1243 4484 1529 4523 sermones
1570 4466 1855 4536 respondit
1890 4482 1903 4517 :
1955 4484 1974 4517 ι
2012 4466 2078 4520 Hi
2124 4468 2291 4527 enim,
2322 4482 2352 4520 c

2480 4470 2741 4540 ἐσομένας
2774 4472 3109 4542 εὐεργεσίας.
3140 4475 3195 4527 Ὀ
3214 4475 3270 4527 δέ
3297 4475 3437 4539 θεῖος
3462 4478 3665 4541 ἐκεῖνος
3698 4480 3836 4550 ἀνὴρ
3858 4482 3902 4512 ⁸⁷
3938 4500 4029 4550 μει
4047 4511 4064 4522 ο

814 4564 901 4625 qui
961 4576 1154 4615 eorum
1212 4568 1339 4613 sunt
1386 4559 1616 4624 similes,
1657 4558 1869 4611 inhiant
1914 4556 2229 4626 huiusmodi
2287 4573 2376 4611 re-

810 4652 912 4705 bus
977 4670 991 4704 :
1053 4658 1109 4703 at
1153 4651 1247 4719 qui
1298 4650 1474 4703 sacris
1510 4648 1732 4704 Litteris
1789 4655 1920 4703 sunt
1968 4648 2252 4711 innutriti,
2312 4664 2379 4702 ne

815 4757 980 4795 unam
1013 4741 1232 4810 quidem
1258 4742 1523 4810 syllabam
1545 4740 1854 4794 divinorum
1883 4739 2195 4809 dogmatum
2213 4738 2373 4809 981

811 4832 999 4904 sperni
1030 4832 1251 4895 sinunt;
1284 4846 1383 4901 pro
1416 4832 1503 4887 bis
1532 4847 1682 4895 vero,
1712 4833 1755 4886 si
1790 4848 1876 4887 res
1907 4841 2131 4901 poscat,
2166 4833 2377 4884 nullum

811 4939 982 4993 genus
1013 4923 1206 4977 mortis
1237 4923 1535 4993 refugiunt.
1587 4924 1939 4991 Imperatoris
1972 4937 2136 4991 porro
2188 4924 2379 4975 amici-

811 5020 941 5070 tiam
972 5033 1095 5070 cum
1128 5018 1328 5087 pietate
1359 5019 1714 5087 eonjunctam
1750 5017 1931 5088 magni
1969 5016 2107 5070 facio
2132 5036 2144 5069 :
2168 5018 2379 5084 absque

811 5109 936 5167 hac,
982 5108 1345 5176 perniciosam
1396 5110 1604 5163 dixero.
1637 5129 1654 5160 ι
1718 5108 1785 5163 Ει
1831 5125 1955 5163 cum
2005 5108 2381 5178 indignaretur

813 5200 1125 5269 praefectus,
1155 5209 1207 5253 et
1240 5201 1481 5254 insanire
1516 5202 1665 5253 illum
1696 5201 1901 5254 diceret
1933 5215 1946 5251 :
1986 5218 2003 5251 ι
2029 5198 2140 5267 Ego
2177 5214 2323 5261 vero,
2356 5218 2373 5250 ι

813 5291 1035 5345 divinus
1058 5292 1133 5345 ait
1168 5290 1423 5356 Basilius,
1449 5310 1467 5342 ι
1504 5294 1605 5345 hac
1639 5292 1855 5345 insania
1892 5292 2135 5345 insanire
2167 5305 2383 5359 semper

814 5384 997 5437 velim.
1029 5403 1046 5435 ι
1107 5383 1306 5439 Jussus
1355 5394 1535 5439 autem
1568 5386 1739 5449 exire,
1797 5392 1850 5438 et
1893 5383 2023 5453 quid
2059 5384 2203 5437 facto
2233 5391 2382 5437 esset

2486 4562 2692 4631 ρακίοις
2715 4562 2817 4633 ἔφη
2842 4564 3062 4628 τούτους
3093 4566 3385 4636 ἁρμόττειν
3410 4571 3536 4633 τοὺς
3568 4571 3787 4641 λόγους.
3828 4591 3847 4625 ι
3879 4574 4073 4627 Ἐκείο⁶

2484 4652 2563 4705 νοί
2597 4670 2653 4705 τε
2678 4654 2805 4723 γὰρ,
2834 4656 2927 4706 καὶ
2950 4657 2996 4707 oi
3026 4656 3250 4719 ἐκείνοις
3272 4660 3609 4728 προσόμοιοι,
3639 4663 3765 4733 περὶ
3786 4666 3857 4717 τά
3875 4664 4063 4716 τοιαῦ-

2480 4762 2548 4798 τα
2571 4747 2882 4815 κεχήνασιν.
2914 4748 2977 4798 Οἱ
3001 4748 3055 4799 δὲ
3075 4752 3185 4811 τοῖς
3213 4749 3377 4813 θείοις
3404 4752 3581 4819 λόγοις
3604 4756 4062 4827 ἐντεθραμμένοι,

2482 4836 2746 4907 προέσθαι
2775 4836 2872 4905 μὲν
2896 4836 3005 4888 τῶν
3037 4837 3193 4890 θείων
3221 4839 3505 4911 δογμάτων
3538 4844 3794 4915 οὐδεμίαν
3832 4848 4061 4917 ἀνέχον-

2483 4945 2572 4979 ται
2605 4926 2891 4999 συλλαϐὴν,
2916 4928 3056 4999 ὑπὲρ
3075 4928 3128 4982 δὲ
3146 4931 3347 4985 τούτων
3376 4935 3684 5002 καὶπάσας,
3720 4941 3767 4990 εί
3799 4938 3934 5003 δέοι,
3968 4942 4063 4993 τοῦ

2486 5018 2716 5071 θανάτου
2743 5019 2841 5082 τὰς
2872 5020 3016 5083 ἰδέας
3052 5016 3407 5086 ἀσπάζονταιξ
3436 5025 3547 5097 Τὴν
3576 5027 3629 5079 δὲ
3666 5028 3937 5098 βασιλέως
3979 5050 4066 5100 gz-

2484 5110 2605 5162 λίαν
2656 5111 2794 5180 μέγα
2853 5112 2950 5181 μὲν
2983 5112 3220 5183 ἠγοῦμαι
3271 5116 3386 5184 μετ’
3433 5118 3731 5183 εὐσεϐείας,
3779 5122 3976 5192 δίχα⁶³
4009 5126 4067 5177 δὲ

2484 5202 2706 5271 ταύτης,
2752 5203 2998 5272 ὀλεθρίαν
3032 5205 3311 5259 άποκαλῶ.
3352 5226 3370 5258 ι
3408 5209 3514 5261 Τοῦ
3552 5210 3609 5262 δὲ
3632 5212 3882 5283 ὑπάρχου
3905 5215 4070 5284 χαλε-

2488 5294 2776 5364 πήναντος,
2836 5296 2929 5347 καὶ
2982 5296 3315 5367 ἀνοηταίνειν
3349 5301 3643 5369 φήσαντος,
3689 5304 3718 5353 6
3767 5304 3913 5365 θεῖος
3964 5307 4070 5376 ἔφη

2489 5387 2792 5448 Βασίλειος·
2830 5405 2847 5437 ι
2881 5387 3098 5459 Ταύτην
3135 5390 3275 5459 ἔχειν
3316 5394 3393 5453 εἰς
3430 5394 3515 5445 ἀεὶ
3542 5397 3638 5466 τὴν
3675 5396 3863 5449 ἄνθην
3911 5398 4069 5468 εςχε,

2111 5501 2342 5557 VARIAE
2390 5503 2796 5561 LECTiONES.

894 5613 936 5649 ⁶²
965 5616 1211 5739 Κάὲρας.
1253 5619 1434 5674 iidem.

894 5687 1036 5739 nico
1078 5690 1179 5739 ice.
1236 5689 1434 5739 Droban

821 5683 1179 5758 ξὶιρίοοάίεε,
1236 5689 1499 5758 probante
1555 5683 1795 5743 Vales'io.

1538 5621 1772 5692 ⁸1ποιμ.
1806 5621 2119 5691 γυμνώσας,
2164 5623 2261 5681 εἰς,
2326 5620 2489 5692 Basil.
2544 5622 2638 5692 Gr.
2697 5632 2746 5676 ct
2802 5623 2997 5692 Steph.
3081 5626 3178 5679 ⁸δό

1909 5693 1952 5721 ’⁵⁵
1999 5693 2323 5763 ἀρχέτυπος.
2368 5691 2538 5763 Basil.
2571 5691 2665 5747 Gr.
2695 5704 2747 5744 et
2789 5691 2977 5763 Steph,

820 5755 862 5785 ⁸⁷
900 5755 1016 5810 l’ini
1041 5758 1207 5812 codex
1237 5755 1390 5813 addit
1419 5778 1431 5813 :
1465 5763 1491 5812 6
1518 5764 1615 5831 τῆς
1646 5762 1967 5832 οίκουμένης
2000 5755 2413 5831 παμφαίστατος
2444 5762 2612 5833 ἥλιος.
2690 5765 2733 5794 θ’*
2762 5755 2910 5819 ἄνευ.
2940 5766 3123 5822 iidem.

3220 5630 3390 5697 μέγας
3436 5630 3587 5684 abest
3616 5646 3642 5681 π
3670 5630 3843 5687 Basil.
3871 5633 3972 5687 Gr.
4017 5645 4072 5688 et

3091 5698 3137 5727 “
3165 5700 3400 5762 ἀκλινιίς
3431 5700 3595 5757 Basil.
3621 5700 3713 5755 Gr.
3760 5712 3811 5757 et
3865 5703 4065 5776 Steph.
