4218 6456
775 388 904 451 1171

1754 390 2242 452 THEODORETI
2284 393 2621 456 EPISCOPI
2654 395 3022 457 CYRENSIS

3897 394 4039 455 1172

768 497 1099 570 presbyteri,
1136 511 1243 551 non
1274 494 1535 562 diaconi,
1590 508 1700 550 non
1756 496 1939 565 populi
2007 498 2342 553 multitudo:

2452 501 2542 571 Τῷ
2569 502 2633 573 δὴ
2666 506 2893 575 τοιούτῳ
2934 507 3174 574 συνῆσαν
3221 503 3387 573 (ἁπλῇ
3423 501 3531 573 γὰρ
3578 503 3765 574 είσόδῳ
3800 505 3902 573 τῆς
3930 506 4039 559 πά-

768 606 878 645 non
902 591 1051 644 illum
1079 586 1345 658 praeibam
1366 586 1599 658 hymnos
1630 602 1697 641 es
1743 583 2047 657 Scripturis
2088 588 2348 658 deprom-

769 693 894 753 ptos
939 688 1225 736 cantantes
1252 679 1537 735 monachi:
1573 678 1666 735 sed
1694 694 1819 734 cum
1855 695 1923 735 eo
1952 680 2191 737 Euzoius
2207 691 2347 747 erat,

767 774 858 828 ille
875 770 1236 843 jampridem,
1271 785 1398 825 cum
1449 769 1792 826 Alexandria:
1842 780 2043 826 nostra
2079 771 2348 827 diaconus

765 871 932 927 esset,
966 876 1071 916 una
1112 876 1237 916 cum
1269 861 1403 915 Ario
1425 861 1477 914 in
1541 874 1701 915 sacra
1765 868 1820 915 et
1881 875 2077 931 magna
2137 860 2349 933 synodo

763 952 982 1009 Nicana
1004 953 1311 1024 depositus,
1354 966 1503 1007 nunc
1536 959 1718 1007 autem
1776 954 2128 1021 praesulatum
2182 953 2349 1007 deva-

766 1056 920 1100 stans
956 1047 1374 1100 Antiochenum.
1404 1042 1469 1097 Et
1514 1044 1963 1097 comitatensium
1997 1043 2347 1114 largitionum

765 1152 973 1201 comes,
995 1153 1123 1192 eum
1145 1135 1354 1206 ingenti
1388 1135 1623 1190 militum
1651 1150 1841 1201 manu,
1873 1136 1928 1189 in
1954 1137 2103 1190 omni
2134 1150 2349 1205 semper

767 1232 1042 1302 impietate
1063 1230 1287 1294 nobilis,
1318 1228 1535 1284 nomine
1566 1226 1819 1299 Magnus.
1842 1228 1949 1295 Qui
1999 1245 2124 1284 cum
2178 1230 2350 1285 ecclao

765 1323 902 1376 siam
924 1322 1285 1394 Berytiorum,
1317 1335 1438 1392 qua
1462 1318 1784 1377 thnicum
1821 1324 1953 1379 urbs
1982 1332 2065 1378 est
2094 1322 2345 1389 illustris,

761 1411 967 1469 Juliani
1023 1415 1359 1485 temporibus
1404 1412 1773 1480 incendisset,
1813 1414 1954 1468 hanc
1999 1422 2186 1484 postea
2240 1413 2348 1468 sub

765 1506 1230 1562 beatamemoriae
1269 1504 1499 1561 Joviano
1565 1505 1681 1561 suis
1738 1506 2002 1576 impensis
2055 1508 2349 1563 restituere

763 1607 990 1653 coactus
1019 1606 1122 1664 est,
1159 1614 1460 1669 parumque
1478 1597 1653 1653 abfuit
1682 1598 1817 1667 quin
1845 1598 2025 1669 capite
2056 1607 2347 1653 truncare-

766 1700 875 1755 tur,
905 1691 1014 1747 nisi
1043 1693 1343 1745 multorum
1379 1691 1779 1746 intercessione
1831 1690 2178 1760 imperatoris
2232 1690 2345 1745 cle-

765 1781 1024 1836 mentiam
1056 1780 1405 1837 obtinuisset.
1442 1779 1600 1836 Nunc
1648 1794 1782 1852 ergo
1814 1780 1943 1835 hinc
1994 1780 2346 1835 considerare

2452 595 2588 658 λεως
2613 598 2913 650 ἐπιϐαίνειν
2939 599 3039 651 οὑκ
3067 596 3318 666 ἠδύνατο,
3342 595 3444 649 οὑκ
3482 595 3795 649 ἐπισκόπων
3838 596 4037 667 τινὲς),

2456 683 2602 757 [180]
2625 688 2686 739 οὐ
2714 686 3124 758 πρεσϐυτέρων,
3153 687 3214 741 οὐ
3243 687 3527 749 διακόνων,
3561 685 3621 738 οὐ
3650 684 3794 739 λαῶν
3822 685 4035 757 πλήθηο

2450 781 2514 832 οὐ
2554 780 2795 850 προῆγον
2842 778 3031 833 τοῦτον
3067 776 3415 849 μονάζοντες,
3448 776 3653 848 ὕμνους
3686 778 3751 829 ἐκ
3791 775 4039 847 Γραφῶν

2450 870 2886 942 ἀναμέλποντεψ
2921 870 3037 925 ἀλλ’
3078 869 3314 935 Εὑζώῖος
3352 865 3441 941 ἦν,
3491 870 3520 921 6
3560 866 3751 939 πρώην
3780 869 3880 929 μὲν
3933 868 4037 923 σὺν

2464 963 2659 1034 Ἀρείῳ
2706 962 3075 1034 καθαιρεθεὶς,
3131 962 3377 1025 διάκονος
3429 962 3506 1014 ὢν
3554 960 3657 1029 τῆς
3702 960 3823 1013 καθ’
3881 961 4037 1030 ἡμᾶς

2461 1054 2887 1127 Ἀλεξανδρείας,
2919 1058 2977 1110 ἐν
3000 1058 3067 1126 τῇ
3105 1055 3246 1109 κατά
3269 1055 3502 1107 Νίκαιαν
3526 1051 3657 1123 ἁγίᾳ
3687 1054 3779 1105 καὶ
3815 1050 4036 1121 μεγάλῃ

2451 1148 2673 1217 συνόδῳ,
2697 1148 2821 1217 ἄρτι
2850 1147 2908 1201 δέ
2945 1146 3253 1219 προστασίᾳ
3279 1146 3378 1217 τὴν
3425 1145 3742 1213 Ἀντιοχέων
3764 1143 4037 1213 λυμαινόο

2452 1257 2631 1311 μενος.
2666 1240 2777 1293 Καὶ
2809 1240 2839 1292 6
2864 1240 2972 1294 τῶν
3015 1238 3435 1312 κομητατησίων
3458 1236 3513 1290 δέ
3542 1236 3894 1306 λαργιτιόνων
3939 1234 4038 1289 κό-

2451 1348 2581 1403 μης,
2607 1330 2955 1401 στρατιωτῶν
2981 1331 3326 1402 ἐπαγόμενος
3370 1330 3609 1399 ἄμετρον
3649 1325 3881 1397 πληθὺν,
3909 1328 3941 1379 ό
3974 1327 4036 1381 ἐν

2448 1424 2600 1494 πάσῃ
2629 1421 2855 1491 ἀσεϐείᾳ.
2900 1421 2989 1474 ἀεὶ
3033 1421 3459 1492 γνωριζόμενος,
3500 1419 3721 1486 Μάγνος
3766 1416 4030 1486 τοῦνομα.

2454 1515 2550 1572 ’ος
2580 1514 2637 1564 ἐν
2672 1513 2785 1574 τοῖς
2822 1510 3112 1566 Ἰουλιανοῦ
3151 1511 3363 1581 καιροῖς
3392 1510 3489 1579 τὴν
3519 1507 3801 1578 Βηρυτίων
3832 1506 4039 1576 ἐκκληο

2450 1605 2570 1658 σίαν
2602 1605 2892 1674 ἐμπρήσας
2944 1604 3228 1672 (Φοινίκων
3264 1604 3310 1655 δ’
3348 1602 3487 1672 αὕτη
3521 1602 3673 1663 πόλις
3713 1600 4033 1669 ἐπιφανὴς),

2449 1696 2540 1748 ἐπὶ
2560 1693 2655 1747 τοῦ
2681 1693 2782 1763 τῆς
2812 1694 2857 1727 ³⁸
2886 1694 3163 1764 μακαρίας
3192 1694 3411 1763 μνήμης
3443 1691 3699 1745 ’Ῑοϐιανοῦ
3726 1694 3766 1722 ²¹
3796 1691 4035 1761 χρόνοις,

2449 1785 2507 1850 ἐξ
2538 1786 2753 1839 οἰκείων
2776 1786 2979 1853 ταύτην
3010 1784 3317 1855 ἀνορθῶσαι
3346 1784 3820 1853 κατηνάγκασται,
3847 1781 4036 1848 ὀλίγου

762 1875 1023 1929 convenit
1065 1874 1240 1929 zelum
1282 1882 1525 1928 vestrum
1564 1875 1764 1944 (quem
1792 1880 1849 1925 ut
1903 1871 1968 1925 ad
2001 1872 2116 1927 haec
2169 1872 2349 1927 vindi-

2453 1877 2544 1929 καὶ
2588 1876 2687 1946 τὴν
2740 1875 2979 1945 κεφαλὴν
3016 1874 3268 1945 τμηθεὶς,
3316 1875 3364 1926 εί
3419 1874 3493 1943 μὴ
3526 1872 3934 1941 φιλανθρωπίας
3970 1873 4035 1922 ἐκ

764 1966 938 2020 canda
966 1965 1219 2020 excitetis
1256 1965 1575 2036 obsecro),
1618 1981 1743 2035 qua:
1786 1971 1841 2017 et
1885 1974 2092 2034 quanta
2147 1965 2203 2019 in
2256 1964 2349 2021 Dei

763 2057 1066 2112 Ecelesiam
1120 2058 1362 2113 admissa
1424 2059 1555 2122 sint,
1593 2074 1656 2111 ex
1702 2057 1862 2128 991
1935 2074 2045 2128 quo
2082 2066 2349 2129 tyrannus

762 2150 891 2214 iste,
926 2165 1087 2220 quem
1121 2150 1256 2213 dixi,
1281 2159 1472 2202 contra
1506 2164 1604 2203 nos
1638 2149 1960 2203 iusurrcxit.
2001 2148 2174 2202 Simul
2202 2149 2348 2203 enim

765 2242 853 2297 ille
885 2256 915 2295 a
950 2242 1151 2311 pietate
1173 2249 1377 2305 vestra,
1410 2248 1463 2294 et
1491 2240 1560 2294 ab
1588 2241 1844 2295 omnibus
1875 2241 2076 2310 ubique
2098 2241 2351 2295 orthodo-

762 2336 847 2388 xis
880 2349 1256 2403 szepenumero
1281 2334 1571 2388 abdicatus
1594 2332 1798 2387 Lucius
1819 2335 2009 2388 urbem
2044 2334 2149 2389 sibi
2177 2334 2349 2403 justis

760 2430 829 2481 de
861 2426 1047 2481 causis
1075 2425 1345 2481 infensam
1394 2428 1705 2496 occupavit.
1760 2425 1880 2479 Non
1944 2428 2123 2481 solum
2176 2428 2347 2491 enim,

762 2519 906 2573 sicut
932 2518 1285 2588 blasphemus
1327 2518 1417 2573 ille
1453 2518 1507 2571 in
1565 2517 1798 2573 Psalmis
1839 2519 2122 2589 insipiens,
2182 2519 2346 2573 dicit:

762 2608 879 2664 Non
924 2618 1010 2665 est
1056 2609 1197 2665 Deus
1248 2627 1372 2667 vere
1433 2610 1695 2665 Christus
1739 2629 1752 2665 :
1816 2612 1909 2665 sed
1966 2613 2211 2666 moribus
2265 2622 2350 2667 est

761 2704 927 2756 etiam
955 2703 1234 2772 corruptis
1269 2714 1322 2757 et
1355 2704 1704 2773 perniciosis,
1742 2702 2050 2757 maledictis
2081 2703 2345 2774 gaudens,

763 2811 883 2863 qua:
907 2795 1173 2849 adversus
1196 2794 1781 2863 Servatoremjactaut
1841 2795 1898 2857 ii,
1952 2796 2044 2864 qui
2105 2797 2349 2865 neglecto

761 2886 1023 2940 Creatore
1041 2895 1350 2940 creaturam
1376 2888 1584 2940 colunt.
1619 2886 1821 2952 Quidni
1853 2888 2019 2951 enim,
2073 2902 2197 2940 cum
2234 2888 2348 2941 alli-

765 2993 888 3032 nem
941 2978 1243 3047 gcnlilibus
1286 2994 1510 3034 sensum
1570 2979 1798 3043 Itahens,
1862 2978 2031 3032 Deuut
2072 2988 2345 3035 recentem

763 3070 1063 3126 sceleratus
1107 3072 1288 3127 colere
1322 3070 1557 3125 audeat?
1594 3069 1751 3124 Unde
1796 3078 1851 3125 et
1905 3071 2002 3125 has
2057 3072 2105 3125 ei
2158 3072 2347 3127 laude-5

2455 1967 2652 2038 πολλῆς
2684 1966 3017 2039 περιδρομῆς
3045 1966 3203 2035 ἐτυχε
3233 1963 3541 2034 βασιλικῆς.
3584 1959 4033 2028 Ἀναλογίσασθαι

2450 2062 2631 2115 τοίνυν
2675 2063 2740 2113 ἐκ
2778 2059 2970 2113 τούτου
3020 2058 3112 2111 τὸν
3142 2058 3406 2127 ὑμέτερον
3436 2055 3595 2125 ζῆλον
3647 2054 3937 2123 προσήκει,
3974 2051 4035 2103 ὃν

2450 2151 2795 2222 διεγερθῆναι
2818 2151 2954 2223 πρὸς
2982 2150 3225 2203 ἐκδικίαν
3248 2148 3354 2201 τῶν
3378 2147 3684 2218 γενομένων
3703 2142 4033 2217 παρακαλῶ,

2451 2237 2540 2295 οἷα
2582 2243 2672 2295 καὶ
2699 2242 2860 2312 ἡλίκα
2907 2242 2975 2294 τὰ
3002 2240 3459 2312 πλημμεληθέντα
3492 2240 3631 2293 κατὰ
3659 2238 3755 2307 τῆς
3779 2237 3870 2289 τοῦ
3894 2235 4033 2288 Θεοῦ

2463 2336 2813 2405 Ἐκκλησίας,
2860 2334 3103 2387 τοιούτου
3156 2336 3416 2404 τυράννου
3483 2331 3577 2384 τοῦ
3628 2329 4034 2398 προειρημένου

2453 2430 2571 2480 καθ’
2626 2427 2783 2497 ἡμῶν
2831 2427 3253 2489 ἐπαναστάντος.
3306 2426 3458 2493 ’Ἅμα
3500 2424 3608 2495 γὰρ
3662 2425 3691 2475 6
3742 2423 3895 2492 παρά
3934 2420 4035 2489 τῆς

2453 2522 2722 2591 ὑμετέρας
2752 2519 3085 2581 θεοσεϐείας,
3120 2520 3211 2571 καὶ
3254 2519 3363 2570 τῶν
3389 2516 3705 2586 ἁπανταχοῦ
3733 2514 4036 2582 όρθοδόξων

2451 2614 2784 2675 ἐπισκόπων,
2812 2612 3073 2675 πολλάκις
3094 2611 3493 2682 ἀπαγορευθεὶς
3517 2611 3744 2671 Λούκιος
3771 2612 3867 2679 τῆς
3898 2609 4037 2679 πρὸς

2452 2704 2609 2757 αὑτὸν
2640 2704 2892 2773 ἀπεχθῶς
2940 2703 3293 2773 διακειμένης
3344 2704 3428 2754 ἐπ’
3462 2701 3701 2767 εὐλόγοις
3723 2702 3841 2761 ταῖς
3898 2716 4036 2767 προ-

2453 2804 2681 2870 φάσεσιν
2718 2804 2919 2872 ἐπέστη
2962 2801 3189 2862 πόλεως.
3226 2799 3302 2851 υὺ
3337 2799 3444 2867 γὰρ
3479 2798 3657 2866 μόνον,
3692 2797 3766 2857 ὡς
3826 2797 3853 2847 6
3904 2794 4035 2846 δύσο

2452 2912 2630 2962 φημος
2658 2896 2715 2945 ἐν
2731 2893 2977 2957 Ψαλμοῖς
3007 2892 3217 2961 ἄφρων,
3251 2890 3421 2956 λέγει,
3454 2890 3565 2939 (ὶὺκ
3591 2887 3704 2938 ἔστι
3735 2885 3867 2947 Θεὸς
3897 2886 4035 2953 ἀλη-

2451 2983 2650 3045 θινδς¹¹
2710 2985 2737 3035 ό
2804 2981 3059 3052 Χριστδς,
3112 2980 3251 3032 ἀλλὰ
3308 2980 3401 3032 καὶ
3461 2981 3569 3039 τοῖς
3635 2976 4037 3046 ἐπιτηδεύμασι

2449 3075 2712 3145 διεφθάρη
2749 3076 2842 3126 καὶ
2876 3072 3181 3143 διέφθειρε,
3235 3071 3440 3140 χαίρων
3487 3070 3578 3120 ἐπὶ
3636 3072 3755 3131 ταῖς
3791 3068 4039 3137 βλασφη-

764 3177 952 3216 coram
973 3162 1188 3217 civibus
1211 3163 1540 3217 accinebaut
1565 3184 1575 3216 :
1601 3161 1842 3217 Faustus
1868 3164 2138 3220 adventus
2195 3176 2346 3227 tuus,

2464 3167 2636 3236 μίαις,
2676 3168 2793 3227 ταῖς
2827 3166 2967 3219 κατά
2998 3165 3089 3217 τοῦ
3112 3165 3364 3235 Σωτῆρος
3392 3162 3774 3233 πεμπομέναις
3804 3162 3847 3191 ⁸³
3882 3158 4042 3231 παρὰ

765 3254 1046 3324 cpiscOpe,
1072 3255 1162 3324 qui
1192 3254 1387 3309 Filium
1417 3269 1580 3323 negas
1608 3272 1620 3307 :
1656 3270 1847 3310 amans
1877 3256 1951 3309 tui
1995 3254 2217 3326 Serapis
2242 3257 2349 3311 huc

765 3354 819 3400 to
844 3345 1101 3403 deduxit:
1130 3347 1363 3417 patrium
1384 3346 1588 3400 idolum
1612 3362 1770 3401 suum
1820 3351 2184 3404 nominantes.
2205 3348 2351 3403 Con-

769 3439 926 3492 tinuo
960 3438 1127 3504 enim,
1181 3446 1459 3493 momento
1510 3439 1663 3493 nullo
1727 3440 2013 3509 interjecto
2050 3480 2063 3500 ,
2126 3440 2351 3511 Magnus

769 3531 1143 3601 supradictus,
1205 3531 1505 3601 impietatis
1560 3530 1682 3599 ejus
1748 3547 1931 3587 comes
1998 3532 2347 3597 individuus,

770 3623 1005 3676 acerbus
1038 3621 1282 3685 satelles,
1308 3629 1361 3676 et
1390 3632 1613 3692 satrapa
1646 3622 2083 3687 crudelissimus,
2104 3624 2349 3679 collectis

768 3716 822 3768 in
871 3730 1039 3767 unum
1104 3729 1252 3768 curze
1320 3730 1432 3769 sua:
1492 3715 1844 3782 commissis,
1902 3716 2250 3785 presbyteros
2296 3724 2351 3770 et

766 3807 1033 3861 diaconos
1110 3821 1342 3860 numero
1422 3806 1808 3875 undeviginti,
1874 3823 2106 3876 quorum
2179 3807 2347 3877 aliqui

767 3894 1162 3965 octogesimum
1221 3895 1400 3950 aetatis
1431 3897 1447 3916 ⁴
1497 3911 1701 3949 annum
1744 3904 2094 3951 excesserant
2123 3936 2137 3960 ,
2192 3899 2351 3967 quasi

769 3987 892 4042 tetri
928 3995 980 4041 et
1005 3985 1281 4042 Romanis
1338 3987 1547 4058 legibus
1609 3988 1869 4042 contrarii
1927 3990 2175 4043 criminis
2231 4006 2351 4046 reos

769 4078 1210 4147 comprehendit,
1246 4079 1573 4148 publicoque
1610 4078 1821 4147 judicio
1851 4081 2191 4148 constituto,
2229 4082 2352 4138 illos

769 4172 1214 4227 Christianarum
1238 4188 1335 4243 pro
1363 4174 1560 4226 virtute
1583 4172 1747 4242 992
1772 4172 1949 4243 legum
1984 4173 2207 4243 ignarus
2235 4176 2353 4229 adi-

771 4262 953 4331 gebat,
988 4270 1045 4314 ut
1074 4272 1355 4332 paternam
1380 4263 1449 4317 ab
1471 4266 1737 4333 apostolis
1766 4280 1863 4332 per
1885 4274 2068 4333 patres
2092 4266 2349 4320 traditam

774 4355 931 4409 nobis
972 4355 1127 4409 [idem
1154 4356 1467 4424 proderent,
1498 4364 1711 4426 gratum
1734 4356 1898 4410 etiam
1924 4358 2352 4413 clementissimo

780 4448 995 4503 Valenti
1017 4454 1263 4519 Augusto
1296 4449 1346 4503 id
1410 4450 1525 4503 fore
1581 4448 1938 4504 conﬁrmans.
1983 4469 2001 4502 ι
2078 4450 2350 4520 Obsequi-

2452 3259 2560 3311 τῶν
2620 3261 2683 3329 τῇ
2739 3259 2917 3310 κτίσει
2977 3257 3347 3326 λατρευόντων
3402 3256 3551 3325 παρά
3603 3254 3694 3307 τὸν
3742 3254 4035 3307 κτίσαντα.

2453 3350 2576 3413 Πῶς
2596 3350 2705 3418 γὰρ
2720 3350 2840 3420 οὐχὶ
2857 3350 2920 3413 ’⁵,
2952 3350 3086 3401 ὅπου
3118 3366 3181 3417 γε
3206 3348 3586 3418 παραπλήσιον
3604 3346 3861 3415 Ἕλλησιν
3894 3346 4040 3415 ἔχων

2452 3443 2511 3497 τὸ
2536 3443 2808 3513 φρόνημα,
2861 3443 3173 3513 πρόσφατον
3198 3444 3241 3473 ’⁸
3271 3441 3446 3511 τολμᾷ
3474 3443 3523 3474 ²⁶
3555 3444 3583 3494 6
3636 3441 3789 3509 ἀλιτή
3802 3457 3913 3509 ριος
3950 3440 4040 3492 σέ-

2453 3536 2567 3588 ϐειν
2607 3536 2739 3588 Θεόν
2760 3554 2774 3602 ;
2822 3535 2938 3589 Ἐπ’
2964 3534 3119 3603 ὄψεσι
3144 3535 3252 3604 γὰρ
3286 3535 3464 3587 αὐτῶν
3487 3535 3707 3597 τούτους
3730 3535 3854 3595 τοὺς
3877 3533 4041 3585 ἐπαί-

2601 3609 2620 3631 $
3084 3625 3107 3636 σο
3202 3621 3225 3641 τ
3507 3626 3517 3641 ο
3800 3626 3833 3639 ac
4011 3625 4022 3640 ν

2452 3644 2576 3688 νους
2628 3625 2909 3693 ἔπεμπον·
2952 3625 3147 3687 Καλως
3199 3624 3383 3694 ηλθες,
3427 3627 3714 3688 ἐπισκοπε,
3773 3626 3903 3677 ἱιδν
3961 3642 4039 3696 μη

2452 3716 2655 3783 λέγων·
2688 3716 2714 3766 6
2740 3714 2981 3783 Σάραπίς
3001 3716 3045 3745 ³⁷
3078 3731 3136 3767 σε
3164 3714 3334 3783 φιλῶν
3356 3716 3662 3784 εἰσήνεγκε·
3707 3715 3767 3767 τὸ
3799 3716 4037 3787 πάτριον

2453 3806 2670 3861 εἰδώλου
2692 3806 2737 3837 ¹⁸
2778 3806 2983 3858 ἑαυτῶν
3022 3806 3398 3875 ὀνομάζοντες.
3448 3806 3657 3859 Αὐτίκα
3685 3806 3822 3877 γὰρ,
3860 3810 4038 3877 ῥοπῆς

2454 3898 2577 3950 οὐδὲ
2617 3897 2745 3966 μιᾶς
2796 3895 3193 3966 παρελθούσης,
3225 3898 3252 3948 6
3300 3897 3698 3965 προειρημένος
3732 3898 3978 3963 Μάγνος,
4010 3901 4040 3951 6

2453 3986 2552 4055 τῆς
2605 3985 2859 4048 ἀσεϐείας
2906 3984 3071 4037 αὑτοῦ
3117 3985 3374 4047 κοινωνδς
3407 3984 3730 4054 ἀδιαίρετος,
3762 3987 3855 4036 καὶ
3877 3985 4042 4054 δορυ-

2455 4081 2619 4147 φόρος
2649 4076 2862 4145 πικρὸς,
2898 4075 2993 4128 καὶ
3024 4076 3308 4145 σατράπης
3332 4074 3635 4144 ὠμότατος,
3670 4074 4037 4144 συναθροίσας

2458 4170 2547 4222 καὶ
2574 4168 2640 4219 τά
2660 4167 2763 4219 ὑπὸ
2784 4166 2880 4237 τὴν
2898 4165 3092 4219 ἑαυτοῦ
3119 4166 3374 4235 φροντίδα
3395 4166 3803 4236 ἐπανακεέμενα
3827 4168 4035 4237 πλήθη,

2455 4257 2855 4328 πρεσϐυτέρους
2909 4258 3000 4309 καὶ
3035 4256 3312 4320 διακόνους
3367 4256 3457 4308 τὸν
3488 4256 3717 4327 ἀριθμὸν
3746 4258 4035 4310 ἐννεακαξ·

2454 4350 2582 4401 δεκα
2611 4346 3024 4417 συλλαϐόμενος,
3064 4340 3138 4399 ὧν
3169 4363 3311 4406 τινες
3344 4346 3404 4399 τὸ
3451 4348 3767 4416 ὀγδοηκοστί
3782 4367 3809 4398 ν
3864 4351 4039 4420 ὑπερ-

2456 4442 2751 4512 ϐεϐήκασιν
2791 4440 2929 4504 ἔτος,
2960 4440 3033 4501 ὡς
3067 4439 3318 4501 ἐαλόντας
3342 4441 3384 4471 ’³
3418 4442 3509 4492 ἐπὶ
3536 4441 3767 4509 μυσαρῷ
3802 4458 3908 4493 τινι
3944 4444 4041 4494 καὶ

776 4540 933 4604 mini,
974 4556 1169 4610 magna
1225 4555 1357 4595 voce
1394 4541 1608 4605 aiebat,
1668 4540 1919 4595 infelices
1951 4582 1965 4605 ,
2019 4543 2348 4597 Arianorum

2457 4536 2606 4603 νόμῳ
2646 4532 2931 4601 Ῥωμαίων
2960 4530 3158 4601 ἐχθρῷ,
3193 4532 3450 4600 δημόσιον
3494 4533 3680 4601 ὁρίσας
3726 4536 4037 4602 κριτήριον,

774 4633 1059 4685 sententia:
1086 4632 1474 4701 obsequimini.
1506 4631 1755 4701 Ignoscet
1805 4636 2005 4703 quippe
2056 4636 2209 4689 vobis
2242 4636 2350 4689 Nu-

776 4739 918 4787 men,
950 4724 1163 4777 etiamsi
1199 4739 1321 4777 vera
1360 4725 1431 4779 sit
1463 4724 1654 4794 religio
1685 4741 1849 4794 quam
1875 4728 2085 4790 colitis,
2123 4728 2213 4794 qui
2240 4746 2348 4783 non

777 4826 952 4870 vestra
984 4824 1199 4884 sponte,
1235 4817 1329 4870 sed
1384 4820 1705 4873 necessitate
1738 4819 1840 4872 hoc
1870 4821 2113 4887 egeritis.
2153 4821 2352 4877 Neces-

779 4907 927 4960 sitati
952 4910 1096 4961 enim
1161 4909 1411 4963 defensio
1461 4925 1673 4981 semper
1738 4912 2111 4981 relinquitur:
2170 4914 2351 4967 liberae

778 5006 956 5051 autem
1012 4999 1310 5053 voluntatis
1368 5014 1555 5053 comes
1614 5001 1916 5054 accusatio.
1977 5001 2209 5055 Proinde
2268 5004 2350 5057 his

781 5089 1086 5145 rationibus
1113 5090 1185 5145 ob
1211 5091 1403 5147 oculos
1434 5090 1653 5162 positis,
1691 5092 1902 5157 abiecta
1932 5094 2078 5145 onmi
2123 5106 2351 5148 cuncta-

2460 4624 2609 4697 [l8l]
2645 4624 3083 4693 κατηνάγκαξεν,
3113 4624 3212 4676 οὐκ
3240 4623 3395 4686 εἰδὼς
3436 4624 3559 4686 τοὺς
3595 4626 3734 4694 ὑπὲρ
3763 4627 3970 4693 ἀρετῆς
3993 4628 4038 4656 ³ο

2460 4715 2803 4787 Χριστιανῶν
2830 4715 3051 4783 νόμους,
3084 4714 3181 4784 τὴν
3208 4714 3469 4785 πατρῴαν
3498 4716 3650 4785 παρά
3674 4717 3779 4767 τῶν
3803 4717 4041 4768 ἀποστό-

2458 4810 2565 4861 λων
2600 4808 2686 4860 διά
2728 4806 2836 4859 τῶν
2872 4808 3121 4875 πατέρων
3154 4806 3508 4858 ἀποδοθεῖσαν
3545 4808 3674 4875 ἡμῖν
3728 4808 4039 4874 προδιδόναι

2460 4906 2665 4966 πίστιν,
2691 4901 2948 4972 ἡδόμενον
2978 4900 3068 4950 ἐπὶ
3093 4898 3267 4967 τούτῳ
3297 4899 3387 4949 καὶ
3415 4900 3504 4949 τὸν
3526 4897 4039 4966 φιλανθρωπότατον

2462 4999 2767 5065 Αΰγονστον
2818 4994 3056 5046 Βάλεντα
3125 4991 3621 5061 διισχυριζόμενος,
3685 5008 3704 5040 ι
3747 4991 4036 5061 Πείσθητε,

2467 5090 2717 5151 τάλανες,
2749 5086 2921 5152 λέγων
2964 5083 3172 5154 μεγάλῃ
3229 5084 3294 5152 τῇ
3325 5083 3441 5152 βοῇ,
3479 5082 3555 5152 τῷ
3593 5082 3701 5133 τῶν
3741 5082 4038 5152 Ἀρειανῶν

2064 5286 2296 5341 νΑΙῖΙίΕ
2355 5287 2753 5343 LECTIONES.

848 5381 1016 5453 "iul.
1043 5385 1169 5453 50!;
1196 5380 1291 5433 τοῦ
1319 5382 1439 5451 τῆς,
1470 5388 1581 5453 etc.
1637 5380 1773 5453 Pini
1814 5380 1966 5453 liber.
2045 5385 2086 5414 ²¹
2133 5381 2404 5453 Ἰωϐιανοῦ
2436 5382 2561 5435 Bas.
2598 5394 2650 5435 et
2676 5381 2908 5453 Stcpli._
2961 5381 3004 5411 “
3041 5380 3308 5453 ἀληθινῶς
3361 5380 3477 5453 ἱίιξς]

2396 5453 2440 5483 ’³
2470 5453 2545 5505 lla
2580 5460 2634 5505 et
2684 5442 2801 5507 Pin'i
2858 5451 3011 5514 liber,
3044 5442 3211 5519 Steph
3273 5446 3390 5519 εει
3420 5442 3672 5519 Niceplt.,
3715 5452 3864 5495 reete
3914 5456 4040 5519 pro:

784 5450 924 5505 κατά
976 5451 1067 5503 τοῦ
1095 5453 1230 5507 Σωτ.
1269 5449 1445 5519 πεμπ.
1484 5449 1886 5519 βλασφημίαις.
1916 5451 2032 5506 Pini
2086 5452 2277 5506 codex.

786 5524 945 5575 hante
992 5519 1229 5574 Valesio.
1288 5520 1392 5573 Sed
1447 5536 1509 5573 π.
1562 5520 1671 5588 γὰρ
1728 5522 1824 5589 οὐχ
1856 5523 2070 5583 ,ΙιιιΙιριιι
2123 5522 2243 5576 Bas.
2283 5538 2405 5575 cum
2462 5524 2648 5589 Steph.

790 5591 980 5644 Sleuh.
1013 5591 1049 5644 2
1076 5592 1379 5644 exceberis.
1412 5604 1538 5643 cum
1571 5588 1798 5644 Nit'enh.
1882 5594 1927 5623 “
1953 5594 2146 5644 τολιιῆ.
2180 5595 2207 5644 ὀ
2232 5594 2444 5644 ἀλιτῆο.
2472 5594 2648 5644 σέϐειν

2134 5634 2146 5653 ,
2180 5610 2207 5645 Ο
2232 5610 2383 5653 αλιτη

790 5591 980 5662 Steph.
1013 5591 1049 5645 2
1076 5592 1379 5659 exceperis,
1412 5604 1538 5643 cum
1571 5588 1823 5658 Nireph.”
1882 5594 1927 5623 "
1953 5594 2123 5662 τολμῇ

790 5661 894 5713 nisi
917 5662 1061 5730 quod
1088 5662 1176 5716 hic
1210 5662 1409 5714 habeat
1439 5676 1563 5714 cum
1593 5662 1811 5714 czeteris
1838 5662 1997 5717 codd.
2027 5661 2080 5719 et
2109 5662 2339 5733 Niceph.

788 5730 1043 5794 Σεράπις.
1124 5732 1169 5763 ³⁸
1190 5730 1405 5785 εἴδωλον
1438 5730 1639 5783 habent
1666 5731 1851 5794 codd.,
1887 5733 2031 5794 quod
2066 5736 2201 5794 scio,
2231 5749 2339 5789 omt

787 5815 1025 5871 unoque.
1136 5801 1179 5831 ⁸⁸
1204 5800 1302 5860 τῖες
1332 5800 1535 5868 ἀρετῆς
1564 5798 1751 5855 iidem.

1124 5730 1405 5802 f‘eidm).ov
1438 5730 1639 5802 habent
1666 5731 1851 5799 eodd.,
1887 5733 2031 5802 quod
2066 5736 2201 5799 scio,
2231 5730 2419 5789 omnes
2455 5730 2507 5790 et
2534 5732 2763 5802 Nicrph.

2961 5381 3004 5411 “
3041 5376 3308 5447 ἀληθινῶς
3361 5374 3543 5447 iidem.
3594 5372 3665 5447 _”
3699 5390 3752 5442 χ.
3794 5370 3892 5423 ἐπὶ
3922 5374 4038 5433 ταῖς

2762 5523 2805 5552 ’⁸
2856 5512 3157 5589 προσφάτῳ
3198 5516 3411 5589 habent
3456 5516 3677 5589 codices
3726 5527 3950 5589 omnes,
3988 5512 4038 5589 si

2431 5634 2444 5648 .
2472 5580 2648 5645 σέϐἐιν
2672 5593 2847 5663 τολμᾷ
2874 5580 3025 5663 Θεόνξ
3060 5580 3417 5663 SicACasaub.
3457 5584 3696 5663 itemque
3720 5580 4041 5663 Citri_stoph.

2430 5666 2519 5732 εῷ.
2636 5662 2678 5693 ’⁷
2728 5652 3020 5732 lta'codex
3056 5658 3320 5732 Pini._Sed
3353 5654 3503 5732 Bas?
3530 5652 3807 5732 StephLet
3847 5652 4042 5732 Epiph.

2869 5733 2913 5762 "
2937 5730 3159 5793 ἁλόντας
3205 5729 3328 5783 Bas.
3360 5735 3411 5779 et
3451 5720 3669 5793 StephL,
3698 5720 4044 5793 Nicephorius
