4218 6456
202 396 349 466 1173

1145 399 1729 461 ECCLESIASTIC£
1759 400 2141 461 HISTORLE
2174 401 2317 460 LIB.
2352 399 2448 459 IV.

3302 394 3443 460 1174

201 516 534 584 φρονήματι,
567 510 845 582 πείσθητε.
896 512 1348 583 Συγγννμονησει
1396 512 1505 583 γάρ
1552 513 1679 580 ὑμῖν
1706 513 1767 566 τὸ
1794 515 1842 574 Α

1794 515 1842 574 Α
1868 512 2050 577 tione,
2093 512 2270 565 venite
2306 510 2517 563 alacres
2541 544 2556 572 ,
2591 512 2648 560 et
2704 504 2907 559 Ariano
2961 502 3237 574 dogmati,
3291 512 3439 577 quod

202 602 381 667 θεῖον,
408 601 511 657 κᾶν
545 602 721 672 ἀληθῆ
768 604 963 673 σέϐητι
988 602 1031 635 ³⁸
1081 600 1397 672 θρησκείαν,
1445 602 1546 655 οὑκ
1575 602 1765 655 αὑθαι-

206 693 400 762 ptrue,
449 693 587 746 ἀλλά
618 692 753 764 πρὸς
789 693 1033 762 ἀνάγκην
1070 691 1228 746 τοῦτο
1259 692 1519 764 πράξασι.
1552 692 1630 763 Τῇ
1671 692 1768 762 μιν

206 783 313 853 γάρ
331 782 545 854 ἀνάγκη
563 784 824 851 ἀπολογία
850 783 1243 853 περιλείπεται,
1272 783 1352 852 τῷ
1378 783 1435 835 δὶ
1464 781 1769 854 αὐθαιρέτῳ

207 874 491 927 ἀκολουθεί
539 874 855 944 κατηγορία.
891 873 983 925 Διὸ
1026 872 1298 936 τοιούτους
1326 873 1618 943 λογισμοὺς
1663 871 1771 943 πρὸ

206 964 508 1036 ὀφθαλμῶν
546 966 835 1035 τιθέμενοι,
878 966 1040 1035 ἥκετε
1073 963 1363 1034 πρόθυμοι,
1400 963 1704 1033 μελλησμὺν
1725 965 1768 997 ³³

206 1054 536 1124 ἀποθέμενοι
582 1055 791 1117 πάντα,
832 1054 907 1124 τῷ
959 1054 1170 1124 ’Δρείου
1226 1053 1635 1124 ὑπογράφοντες
1684 1054 1770 1107 δό-

204 1162 400 1214 γματι,
426 1144 455 1197 6
481 1146 576 1197 νῦν
607 1144 863 1215 κηρύττει
897 1143 1176 1213 (ὀνομαστὶ
1206 1142 1403 1213 λέγων)
1436 1143 1682 1209 Λούκιος,
1708 1140 1767 1199 εὖ

203 1234 408 1295 εἰδότες
444 1232 518 1293 ὡς
551 1231 964 1301 πειθαρχοὺνικ,
996 1248 1267 1295 romam,
1299 1229 1393 1283 καὶ
1423 1228 1643 1300 πόρους,
1675 1229 1770 1283 καὶ

203 1326 337 1391 γέε,ε
401 1322 553 1393 παρά
604 1321 865 1393 βασιλέων
884 1321 929 1353 ⁸³
975 1320 1159 1387 ἕξετε·
1217 1321 1640 1390 ἀπαναινόμενοι
1688 1320 1767 1383 δὲ,

201 1412 453 1483 εἱρκτῆς,
497 1412 590 1464 καὶ
638 1410 1040 1482 στρεϐλώσεων,
1082 1410 1177 1462 καὶ
1229 1409 1495 1477 βασάνων,
1536 1410 1631 1462 καλ⁵
1668 1426 1771 1478 μα-

204 1507 432 1574 στίγων,
483 1507 577 1558 καὶ
615 1506 995 1576 δαμαστηρίων
1046 1506 1238 1575 πεῖραν
1280 1504 1515 1575 λήψεσθε
1537 1504 1600 1565 ³³,
1638 1520 1770 1573 χρη-

206 1597 398 1665 μάτων
421 1595 557 1665 ὁμοῦ
581 1599 673 1649 καὶ
700 1597 995 1665 κτημάτων
1027 1594 1398 1667 στερηθέντες,
1423 1596 1516 1647 καὶ
1545 1596 1640 1664 τῆς
1671 1612 1771 1647 πα-

204 1688 385 1758 τρίδος
423 1688 878 1757 μεταναστάντες,
912 1689 992 1750 εἰς
1033 1687 1297 1757 χαλεποὺς
1327 1688 1549 1755 οἰκῆσαι,
1575 1688 1771 1750 τόπους

203 1778 700 1847 κατακριθήσεσθε.
755 1797 774 1831 ι
848 1778 986 1830 Ἀλλ’
1047 1772 1201 1840 οὗτος
1266 1777 1364 1847 μὲν
1414 1779 1442 1830 6
1503 1781 1767 1846 γενναῖος,

1873 601 2076 657 Lucius
2108 600 2375 672 (nomine
2414 595 2741 669 appellans)
2785 610 2933 650 nunc
2981 595 3263 666 praedicat,
3303 598 3436 653 sub-

1872 694 2097 750 scribite
2128 712 2141 747 :
2172 700 2515 762 compertum
2543 691 2805 745 habentes
2838 702 2958 750 vos,
3001 690 3047 744 si
3096 690 3443 761 obtempera-7

1873 782 2081 846 veritis,
2119 781 2425 850 pecuniam,
2459 793 2593 848 opes
2620 787 2677 833 et
2716 780 2955 833 honores
2986 777 3054 830 ab
3092 778 3437 849 imperatori-

1873 873 1977 927 bus
2014 880 2409 927 consecuturos
2456 874 2585 925 :sin
2630 874 2808 923 autem
2864 869 3137 936 renuitis,
3191 871 3435 937 vincula,

1873 969 2167 1022 tormenta.
2209 961 2557 1031 quaestiones,
2602 957 2789 1027 flagra,
2820 967 2875 1013 et
2915 959 3266 1015 carnificinas
3304 960 3437 1016 sub~

1875 1048 2075 1112 ituros,
2104 1058 2216 1102 tum
2245 1046 2494 1117 pecuniis
2528 1046 2734 1115 pariter
2761 1046 3316 1118 possessionibusque
3344 1063 3434 1103 or-

1876 1140 2033 1194 batos
2060 1180 2073 1202 ,
2111 1148 2165 1193 et
2215 1140 2390 1209 patria
2438 1148 2684 1193 extorres
2710 1177 2725 1202 ,
2791 1138 2859 1192 ad
2915 1140 3151 1194 tristium
3191 1140 3436 1195 locorum

1876 1232 2261 1284 habitationem
2296 1245 2418 1284 esse
2450 1229 2808 1283 damnandos.
2861 1249 2878 1281 ι
2916 1231 2992 1283 Ita
3038 1231 3254 1299 quidem
3280 1245 3436 1301 egre-

1875 1324 1997 1394 gius
2029 1323 2117 1377 ille
2142 1324 2245 1385 vir,
2283 1322 2470 1376 fraude
2504 1322 2682 1375 minas
2737 1330 3084 1393 temperans,
3150 1331 3210 1376 ut
3262 1339 3291 1376 a
3348 1326 3433 1394 pia

1876 1430 2063 1471 omnes
2118 1416 2368 1468 doctrina
2433 1413 2841 1478 desciscerent,
2908 1414 3264 1479 hortabatur,
3343 1424 3435 1469 aut

1875 1507 2121 1576 cogebat.
2151 1506 2230 1560 llli
2260 1519 2411 1569 vero,
2453 1506 2543 1573 qui
2580 1505 2939 1571 acerbiorem,
2968 1513 3027 1559 ut
3076 1520 3268 1560 revera
3332 1512 3435 1569 est,

1876 1597 2024 1651 omni
2052 1605 2322 1650 tormento
2355 1596 2571 1665 pictatis
2603 1597 2988 1665 proditionem,
3020 1598 3104 1652 bis
3151 1598 3225 1651 illi
3256 1597 3438 1652 verbis

1876 1688 2143 1756 compulsi
2200 1688 2646 1756 responderunt,
2697 1689 2897 1741 virtute
2953 1687 3190 1756 fortique
3254 1688 3437 1742 animo

1880 1778 2120 1833 fraudem
2155 1780 2316 1833 simul
2359 1792 2421 1831 ac
2454 1779 2628 1832 minas
2678 1788 3083 1848 prosternentes
3118 1795 3132 1831 :
3172 1796 3189 1828 ι
3246 1776 3439 1832 Desine

203 1868 456 1938 ἀπάτῃ³³
496 1868 593 1937 τὴν
643 1869 869 1937 ἀπειλὴν
918 1868 1174 1937 κεράσας,
1230 1873 1621 1939 μεταναστῆναι
1672 1872 1770 1939 τῆς
1804 1858 1846 1917 Β

1768 1889 1770 1896 ι
1804 1858 1846 1917 Β
1876 1870 2125 1933 tandem,
2157 1870 2345 1925 desine
2398 1885 2498 1925 nos
2551 1871 2634 1924 bis
2688 1871 2866 1924 verbis
2904 1871 3214 1933 deterrere,
3278 1883 3434 1923 cessa

206 1957 462 2019 εὐσεϐοῦς
500 1958 623 2020 τοὺς
655 1959 861 2021 πάντας
893 1959 985 2011 καὶ
1014 1960 1385 2029 προύτρέπετο
1413 1963 1503 2013 καὶ
1535 1962 1801 2032 κατηνάγ.

214 2052 348 2115 αοζε
412 2050 655 2122 γνώμης.
684 2053 745 2105 Ol
775 2052 831 2104 δὲ
858 2052 1175 2123 πικρότερον
1200 2052 1432 2122 βασάνου
1464 2054 1643 2121 πάσης
1671 2053 1767 2122 τὴν

207 2142 284 2202 εἰς
307 2140 584 2193 εὐσέϐειαν
605 2142 891 2212 προδοσίαν
912 2144 1246 2212 ἡγησάμενοι
1266 2144 1398 2213 (ἔχει
1422 2143 1527 2213 γὰρ
1550 2142 1764 2210 οὑτως),

204 2232 433 2283 τοιοῖσδε
475 2233 610 2299 πρὸς
654 2232 815 2285 αὑτὸν
848 2232 1276 2303 ἀναγκαζόμενοι
1320 2234 1639 2303 ἀπήντησαν
1674 2235 1765 2304 ρή-

210 2337 398 2389 μασιν,
433 2323 599 2390 ἀρετῇ
634 2325 724 2375 καὶ
746 2326 975 2393 γενναίῳ
1006 2328 1310 2395 φρονήματι
1346 2326 1477 2393 ὁμοῦ
1508 2326 1603 2396 τὴν
1627 2327 1768 2379 άπά-

204 2426 305 2480 την
332 2413 427 2463 καὶ
468 2414 564 2476 τὰς
587 2414 813 2477 ἀπειλὰς
851 2416 1248 2481 ὑποτάξαντεςο
1296 2434 1315 2467 ι
1357 2417 1611 2471 Πέπαυσο
1662 2418 1770 2472 λοι-

206 2504 331 2569 πὸν,
372 2506 622 2559 πέπαυσο
658 2506 864 2570 τούτοις
896 2510 1040 2577 ἡμᾶς
1074 2508 1319 2576 ἐκφοϐῶν
1352 2513 1461 2571 τοῖς
1507 2513 1766 2580 ῥήμασιν,

207 2595 369 2663 ἔπεχε
400 2598 579 2650 εἰκαῖα
602 2598 645 2628 ³⁸
677 2600 969 2669 προφέρειν
1006 2601 1245 2669 ῥήματα.
1287 2600 1475 2669 Ἡμεῖς
1508 2601 1616 2668 γὰρ
1648 2602 1767 2655 οὕτε

205 2684 420 2753 νέηλυν,
441 2686 562 2739 οὕτε
594 2689 899 2759 πρόσφατον
923 2690 1147 2758 σέϐομεν
1168 2690 1209 2720 ³⁷
1232 2690 1383 2744 Θεόν.
1404 2690 1515 2744 Κᾶν
1538 2693 1771 2763 ἐπαιρρί-

205 2778 306 2850 ζῃς
352 2779 631 2849 κυμαίνων
675 2784 816 2851 εἰκῆ,
870 2784 967 2834 καὶ
1003 2782 1354 2852 προσρήσσῃς
1408 2783 1482 2845 ὼς
1537 2783 1768 2852 βίαιοςιο

206 2869 430 2941 ἄνεμος,
453 2876 562 2935 τοῖς
591 2872 870 2936 εὐσεϐείας
899 2873 1025 2943 ἄχρι
1055 2874 1285 2927 θανάτου
1308 2875 1771 2945 ὲμπολιτευόμεθα

204 2960 490 3027 δόγμασιν,
535 2963 634 3015 οὑκ
680 2963 1044 3033 άδύναμον³⁹,
1087 2964 1185 3017 οὑκ
1238 2965 1457 3033 ἄσοφον,
1496 2967 1557 3019 οὑ
1601 2968 1771 3037 χωρὶς

205 3051 465 3119 ἀληθείας
502 3052 715 3105 πώποτε
771 3056 1134 3125 φρονήσαντες
1182 3056 1332 3121 Θεὸν,
1390 3058 1451 3109 οὑ
1510 3060 1636 3110 ποτὲ
1674 3061 1770 3127 μὲν

1869 1963 2049 2016 inania
2080 1962 2240 2032 993
2270 1963 2428 2016 verba
2468 1961 2711 2031 proferre
2757 1960 2865 2015 Nos
2893 1962 3033 2014 enim
3071 1977 3242 2029 neque
3276 1976 3433 2013 novr—

1870 2056 2023 2117 tium,
2048 2072 2219 2123 neque
2235 2063 2497 2109 recentem
2514 2054 2744 2107 colimus
2759 2052 2945 2107 Deum.
2962 2052 3180 2105 Frustra
3201 2053 3321 2107 licet
3338 2066 3439 2105 as-

1870 2154 2032 2201 tuans
2059 2161 2298 2215 Spumcs,
2329 2145 2613 2212 irruasque
2630 2153 2886 2211 tanquam
2910 2152 3101 2197 ventus
3128 2143 3438 2207 vehemens,

1872 2238 1926 2290 in
1960 2235 2173 2303 pie'atis
2205 2234 2453 2289 doctrina
2501 2234 2757 2287 inhaesuri
2793 2248 2965 2301 usuue
2994 2232 3060 2285 ad
3097 2240 3321 2286 mortem
3347 2248 3438 2287 su-

1870 2340 2008 2385 mus,
2035 2340 2142 2378 non
2174 2324 2522 2383 imbecillum,
2544 2338 2648 2376 non
2674 2324 2790 2377 sine
2815 2322 3076 2391 sapientia
3098 2331 3188 2376 aut
3211 2324 3439 2377 veritate

1871 2431 2105 2485 unquam
2130 2417 2425 2470 sentientes
2456 2414 2618 2468 Deum
2649 2431 2787 2476 esse,
2814 2423 2906 2466 aut
2935 2416 3024 2483 qui
3050 2414 3336 2482 aliquando
3369 2414 3435 2467 sit

1871 2507 2048 2573 Pater,
2070 2508 2359 2577 aliquando
2383 2523 2487 2560 non
2516 2509 2606 2569 sit,
2636 2508 2791 2575 juxta
2825 2508 3046 2576 impium
3085 2508 3249 2560 istum
3282 2508 3438 2559 Aria-

1870 2614 2017 2659 num,
2040 2600 2384 2667 temporalem
2406 2607 2497 2651 aut
2528 2607 2963 2652 momentaneum
2996 2598 3187 2651 Filium
3210 2598 3437 2666 opinan-

1871 2696 1969 2742 tes.
2008 2686 2139 2740 Nam
2180 2688 2249 2749 si,
2281 2694 2339 2740 ut
2373 2688 2588 2741 Arianis
2614 2689 2807 2756 placet,
2859 2696 3107 2741 creatura
3131 2696 3215 2741 est
3243 2686 3441 2749 Filius,

1876 2779 2097 2832 minime
2190 2778 2677 2831 eonsubslantialis
2754 2777 2947 2843 Patri,
3063 2779 3127 2829 ad
3206 2778 3439 2832 nihilum

1872 2868 2073 2921 recidet
2101 2867 2259 2921 etiam
2292 2866 2468 2928 Pater.
2500 2868 2590 2935 qui
2621 2883 2726 2919 non
2752 2868 3049 2922 exsistente
3087 2867 3223 2921 Filio
3256 2866 3436 2932 Pater,

1872 2956 2171 3012 secundum
2200 2958 2354 3021 istos,
2410 2956 2706 3025 aliquando
2740 2959 2755 2975 ‘
2819 2973 2924 3011 non
2986 2957 3168 3011 fuerit.
3223 2957 3278 3011 Si
3310 2973 3440 3012 vero

1871 3064 2082 3118 semper
2104 3056 2204 3110 est,
2243 3050 2429 3117 utique
2459 3050 2747 3102 exsistente
2777 3064 2905 3102 vero
2932 3066 2994 3103 ex
3019 3065 3082 3102 eo
3117 3050 3223 3103 fetu
3255 3058 3306 3103 et
3331 3065 3438 3103 non

205 3143 336 3195 εντα
385 3144 618 3213 πατέρα,
669 3147 798 3197 ποτὲ
852 3147 908 3199 δὲ
962 3147 1035 3217 μὴ
1064 3146 1211 3212 ὄντα,
1248 3148 1387 3200 κατᾶ
1416 3149 1506 3200 τὸν
1533 3149 1701 3219 ἀσεϐῆ
1724 3151 1768 3182 ³⁸
1796 3182 1838 3242 c

1796 3182 1838 3242 α
1873 3155 1968 3208 per
1991 3140 2285 3205 defluxum,
2339 3141 2467 3209 quia
2531 3142 2844 3209 impatibilis
2894 3150 2979 3196 est
3028 3140 3190 3195 Deus.
3245 3142 3436 3196 Annon

204 3233 396 3286 τοῦτον
437 3233 727 3304 Ἀρειανὸν,
763 3238 1009 3305 χρονικὸν
1038 3238 1070 3307 ἢ
1105 3237 1436 3307 πρόσκαιρον
1462 3239 1770 3304 δοξάζοντες

202 3324 297 3379 τὸν
334 3326 481 3379 Υἰόν.
519 3327 577 3378 ΕΞ
610 3327 717 3397 γὰρ
749 3328 973 3398 κτίσμα.
1004 3328 1143 3380 κατὰ
1172 3333 1296 3391 τοὺς
1341 3332 1768 3398 Ἀρειομανίτας,

207 3413 234 3463 6
279 3413 431 3477 Υἱὸς,
482 3416 575 3483 οὑχ
616 3416 870 3485 ὑπάρχων
925 3420 1097 3488 Πατρὶ
1150 3419 1452 3489 ὀμοούσιος,
1493 3421 1569 3483 εἰς
1598 3422 1656 3473 τὸ
1698 3422 1771 3491 μὴ

209 3500 350 3559 εῖναι
388 3509 708 3575 συστήσεται
742 3508 833 3560 καὶ
864 3510 891 3559 6
925 3510 1113 3578 Πατηρ
1141 3511 1237 3579 οὐχ
1277 3511 1582 3579 ὑφεστῶτος
1618 3511 1767 3576 Υἰοῦ,

204 3595 307 3647 οὑκ
336 3593 411 3645 ὧν
460 3612 587 3647 ποτε
636 3599 750 3648 κατ’
795 3598 987 3660 αὑτοὺς
1033 3601 1239 3670 Πατήρ.
1278 3602 1341 3653 ΕΞ
1368 3602 1421 3653 δὲ
1472 3604 1556 3654 ἀεὶ
1587 3605 1771 3673 Πατήρ

207 3687 379 3745 ἐστιν,
410 3686 716 3752 ὑφεστῶτος
742 3688 981 3758 δηλονότι
1006 3690 1095 3743 τοῦ
1128 3692 1182 3756 ἐξ
1210 3692 1372 3745 αὑτοῦ
1399 3694 1652 3760 ἀληθινου
1677 3697 1770 3748 καὶ

206 3777 265 3828 οὑ
295 3778 437 3830 κατὰ
461 3780 757 3850 ἀπόρροιαν
782 3782 1116 3849 γεννήματος
1146 3783 1382 3855 (ἀπαθὴς
1403 3787 1509 3856 γάρ
1540 3789 1567 3839 6
1595 3787 1767 3853 Θεὸς)-

206 3868 328 3931 πῶς
357 3865 449 3919 οὖν
476 3871 516 3900 ⁸³
539 3870 637 3922 οὑκ
671 3872 855 3941 ἄφρων
885 3873 975 3924 καὶ
1005 3873 1271 3942 μανιώδης
1297 3878 1342 3940 6,
1383 3872 1459 3944 ἦν
1490 3875 1635 3948 [182]
1674 3877 1770 3932 ὅτε

206 3962 320 4011 οὐκ
371 3955 469 4027 ἦν,
522 3962 731 4031 φρονῶν
784 3962 872 4016 τὸν
919 3963 1064 4025 Υἱὸ),
1104 3964 1169 4016 δι’
1211 3959 1271 4017 οὗ
1300 3966 1366 4019 τὰ
1397 3968 1569 4019 πάντα
1603 3986 1679 4031 εις
1708 3970 1771 4021 τὸ

207 4046 350 4102 εἶναι
399 4055 539 4102 κατὰ
584 4052 742 4120 χάριν
778 4054 1040 4122 συνέστη;
1075 4055 1137 4107 Ol
1164 4054 1292 4120 γοῦν
1320 4058 1575 4127 ἡμέτεροι
1630 4059 1770 4113 κατὰ

209 4145 393 4195 πᾶσαν
425 4141 521 4211 τὴν
549 4143 869 4213 οἰκουμένην
892 4146 1149 4213 Πατέρες,
1174 4138 1247 4197 ὧν
1279 4148 1597 4209 ἐκπεσόντες
1627 4142 1771 4201 οὗτοι

208 4235 434 4295 εἰκότως
460 4236 726 4305 ἀπάτορες
754 4238 1059 4304 γεγόνασιν,
1087 4239 1141 4289 ἐν
1172 4237 1376 4309 Νικαίᾳ
1408 4238 1769 4303 συνελθόντες,

207 4323 704 4389 ἁναθεματίσαντες
726 4324 823 4392 τὴν
858 4325 1064 4396 Ἀρείου
1091 4328 1421 4392 κακοδοξίαν,
1442 4323 1507 4398 ἧς
1528 4328 1555 4379 6
1582 4328 1774 4380 νεώτε-

209 4432 299 4483 ρος
330 4410 489 4476 οὗτος
538 4414 631 4466 νῦν
660 4417 1002 4485 προΐσταται,
1031 4418 1127 4485 οὑχ
1159 4418 1575 4487 ὲτεροούσιον“,
1605 4420 1632 4471 ὃ
1675 4418 1770 4472 νῦν

1870 3232 2091 3286 demens
2125 3232 2360 3298 igiturct
2392 3248 2580 3287 vecors
2618 3233 2725 3295 ille,
2762 3233 2851 3300 qui
2907 3242 3019 3285 erat
3078 3233 3285 3302 quando
3337 3250 3439 3286 non

1871 3333 1987 3377 erat
2017 3325 2081 3377 de
2111 3323 2243 3376 Filio
2288 3324 2439 3387 dicit,
2471 3339 2564 3391 per
2600 3339 2758 3392 quem
2795 3325 2973 3376 omnia
3003 3325 3237 3393 gratuito
3299 3326 3441 3379 facta

1874 3414 2050 3468 sunt?
2094 3415 2383 3481 Propterea
2430 3414 2520 3481 qui
2567 3414 2706 3481 apud
2758 3411 2989 3465 Niczeam
3028 3421 3140 3465 toto
3189 3429 3254 3466 ex
3310 3416 3440 3467 orbe

1874 3517 2137 3561 terrarum
2190 3520 2495 3559 convenere
2556 3505 2741 3558 Patres
2793 3505 2987 3567 nostri,
3031 3521 3059 3558 a
3101 3506 3299 3573 quibus
3351 3506 3437 3560 isti

1870 3601 2182 3652 esurientes
2234 3600 2404 3665 spurii
2443 3598 2637 3649 merito
2688 3596 2811 3648 facti
2849 3606 2994 3658 sunt,
3051 3612 3270 3664 pravam
3324 3597 3436 3650 Arii

1871 3692 2219 3748 sententiam,
2243 3706 2271 3755 (ι
2294 3702 2405 3740 iam
2426 3703 2569 3739 nunc
2597 3687 2782 3752 junior
2807 3688 2905 3739 iste
2923 3685 3182 3747 defendit,
3214 3688 3440 3739 anathe~

1872 3791 2015 3837 mate
2057 3782 2397 3842 damnantes,
2428 3795 2531 3832 non
2569 3778 2743 3831 atterit
2767 3794 2792 3832 s
2831 3793 2858 3831 a
2890 3777 3045 3832 Patre
3098 3778 3437 3841 substantiae,

1872 3874 2015 3943 quod
2046 3883 2102 3925 tu
2136 3875 2316 3926 dicere
2364 3887 2462 3925 nos
2516 3885 2686 3939 ongis.
2747 3868 2943 3922 Filium
3000 3885 3119 3924 esse
3163 3870 3437 3933 dixerunt,

1873 3966 1965 4019 sed
2005 3965 2190 4017 eulem
2223 3979 2286 4015 ex
2334 3962 2683 4015 substantia:
2733 3960 2877 4028 quod
2936 3962 3025 4029 pio
3077 3975 3239 4014 sensu
3295 3969 3438 4013 recte

1874 4057 2251 4125 intelligentes.
2282 4070 2347 4108 ex
2380 4054 2543 4105 multa
2573 4053 2883 4105 divinarum
2919 4067 3110 4104 vocum
3142 4052 3434 4103 collatione

1873 4146 2388 4204 consubstantialem
2426 4144 2667 4197 confessi
2706 4151 2852 4197 sunt.
2895 4161 2913 4192 ι
2948 4142 3072 4196 ΙΙωο
3128 4153 3182 4196 et
3242 4146 3436 4209 bruus-

1875 4239 2015 4292 modi
2042 4239 2143 4290 alia
2174 4252 2293 4289 cum
2331 4234 2593 4296 dicerent,
2623 4234 2677 4286 in
2709 4233 2923 4286 vincula
2953 4232 3230 4301 eonjectos
3252 4234 3438 4285 multis

1874 4332 2065 4386 diebus
2095 4329 2261 4400 995.
2283 4328 2535 4387 detinuit,
2557 4328 2601 4381 si
2626 4342 2733 4396 quo
2755 4327 2913 4381 modo
2940 4337 3121 4396 posset
3148 4342 3177 4381 a
3219 4327 3437 4395 pietatis

1875 4423 2139 4479 sententia
2173 4423 2467 4474 dimovere.
2501 4418 2606 4472 Sed
2639 4421 2712 4472 illi
2741 4421 2940 4488 potius,
2968 4420 3113 4474 velut
3161 4419 3213 4472 in
3264 4420 3440 4473 stadio

206 4506 354 4571 ἡμᾶς
394 4507 569 4557 εἰπεῖν
614 4507 1066 4574 καταναγκάζεις,
1110 4509 1199 4559 τὸν
1237 4509 1360 4560 Υἰδν
1395 4511 1644 4578 εἰρήκασι
1676 4512 1768 4564 τοῦ
1804 4510 1846 4563 D

1767 4542 1768 4551 ι
1804 4510 1846 4563 Ι)
1875 4515 2159 4570 fortissimi
2188 4514 2424 4564 athletae
2449 4550 2463 4571 ,
2522 4526 2739 4562 omnem
2792 4521 2993 4564 metum
3050 4510 3392 4565 excutientes
3423 4552 3433 4569 ,

205 4599 445 4666 Πατρὶς,
479 4598 591 4650 ἀλλ’
622 4601 685 4650 ὲκ
713 4601 811 4669 τῆς
841 4599 1011 4664 αὑτῆς
1033 4600 1078 4631 ’⁵³
1106 4600 1313 4664 οὐσίας.
1349 4604 1411 4655 Ὃ
1439 4604 1616 4666 καλῶς
1656 4604 1771 4671 μετ’

202 4686 470 4748 εὐσεϐοῦς
513 4686 742 4750 διανοίας
790 4690 1103 4759 νοήσαντες,
1136 4694 1197 4744 ὲκ
1241 4692 1443 4760 πολλῆς
1477 4694 1583 4745 τῶν
1614 4693 1772 4745 θείων

207 4775 474 4842 ῥημάτων
519 4777 778 4847 συλλογῆς
812 4779 1093 4846 όμοούσιον
1124 4782 1495 4851 ὡμολόγησαν.
1528 4803 1545 4834 ι
1591 4786 1671 4836 Τὰ
1710 4786 1773 4856 δὴ

205 4869 431 4919 τοιαῦτα
475 4869 566 4918 καὶ
593 4868 657 4920 τὰ
700 4869 904 4932 τούτοις
934 4872 1286 4942 παραπλήσια
1333 4874 1604 4941 λέγοντας.
1641 4876 1770 4927 καϐ-

204 4958 384 5027 εἶρξεν
422 4957 642 5028 ἡμερῶν
668 4960 901 5025 πολλῶν,
927 4963 1166 5033 οἰόμενος
1192 4966 1286 5033 τῆς
1310 4966 1563 5028 εὐσεϐοῦς
1599 4985 1763 5035 μετα...

277 5088 303 5117 ι
345 5073 363 5128 1
399 5073 525 5129 Cor.
568 5089 640 5139 tv,
672 5075 725 5129 9.

1871 4622 2035 4675 seque
2071 4608 2217 4673 ipsos
2255 4619 2319 4656 ex
2369 4603 2529 4655 rebus
2574 4602 2833 4670 praeclare
2895 4614 2923 4652 a
2948 4600 3199 4653 Patribus
3239 4601 3423 4653 divina

1874 4706 2054 4753 mente
2103 4695 2274 4763 κρειῑὲ
2323 4693 2750 4754 conlirmantrs,
2814 4692 3046 4759 majores
3112 4694 3321 4745 animos
3372 4691 3439 4744 ad

1874 4787 2126 4844 tuendam
2162 4786 2411 4853 pietatem
2442 4783 2822 4844 ostendebant,
2858 4783 3201 4851 gymnasium
3261 4785 3438 4835 virtu—

1873 4884 1942 4934 tis
1969 4880 2249 4932 credentes
2272 4890 2392 4928 esse
2422 4884 2707 4928 tormenta.
2740 4872 2830 4927 Sic
2854 4875 3018 4942 igitur
3040 4873 3442 4928 decertantibus

1875 4971 2003 5032 illis,
2030 4983 2147 5020 t'tt't)
2191 4964 2582 5034 spectaculum,
2614 4972 2671 5017 ut
2713 4964 2903 5019 beatus
2939 4961 3143 5018 Paulus
3178 4964 3436 5023 scribite.

1502 5189 1735 5245 VARUE
1776 5191 2172 5247 LECTIONES-

274 5350 317 5381 ³¹
354 5347 542 5401 σέϐετε
568 5355 794 5414 uterque
820 5346 943 5401 Bas.
1042 5347 1087 5378 ³²
1125 5346 1397 5415 μελησμδν
1451 5345 1640 5415 Stepb.
1667 5346 1720 5401 ‘2.

206 5421 326 5472 σθαι
354 5417 546 5473 Basi|..
588 5426 645 5470 ut
675 5418 832 5485 paulo
891 5423 1011 5487 post
1065 5417 1581 5487 κατακριθήσεσθαι.

202 5573 325 5612 cum
362 5560 502 5609 libro
535 5557 721 5609 Savilii
746 5564 795 5606 et
818 5556 1068 5624 Nicepn..
1104 5558 1364 5622 probante
1396 5556 1630 5610 Valesio.

206 5700 359 5751 abest
394 5698 464 5749 ab
496 5708 726 5763 utroque
756 5694 898 5759 Bas.,
932 5696 1123 5763 Epiph.
1155 5704 1210 5749 et
1242 5695 1467 5763 Niceph.

206 5712 359 5751 aDCSl
394 5712 464 5749 an
496 5712 726 5762 utroque
756 5712 898 5759 588.,
932 5712 1022 5763 ειμι

204 5777 290 5822 rat
320 5766 595 5831 Valesius)
617 5774 669 5822 et
704 5762 825 5821 Lat.
857 5775 980 5821 cum
1015 5712 1063 5820 gl

1798 5348 1841 5379 ³³
1874 5348 2131 5417 βασιλέως
2164 5346 2280 5401 Pini
2319 5348 2509 5411 codex,
2536 5347 2764 5417 Niceplr.
2798 5355 2851 5402 et
2878 5346 3076 5417 Epiph.

1724 5558 1768 5587 ³⁸
1802 5558 1912 5623 βίος
1949 5568 2175 5626 uterque
2236 5557 2397 5610 Basil.

204 5631 387 5685 saub..
418 5628 605 5694 Steph.
637 5626 670 5677 '2
699 5632 751 5679 et
795 5624 1019 5691 Niccpb.
1056 5625 1160 5679 Sed
1200 5625 1322 5679 Bas.
1368 5637 1421 5678 ct
1450 5629 1636 5683 Stenlr.
1679 5626 1695 5679 l
1728 5627 2005 5681 ἀδύνατον.

3191 5348 3237 5378 ’δ
3268 5347 3431 5416 λήψε-

1660 5418 1702 5448 ³⁵
1743 5416 1930 5488 ἀγάπῃ
1975 5419 2133 5471 iidem
2192 5418 2411 5472 codices
2449 5434 2571 5470 cum
2627 5420 2816 5486 Steph.
2853 5420 2874 5471 l
2912 5416 3220 5485 «Ft’Niceph.
3271 5416 3435 5480 Male,

204 5504 327 5542 cum
376 5488 538 5554 paulo
570 5498 687 5554 post
712 5490 906 5539 iterum
941 5486 1314 5540 Theodoretns
1343 5489 1555 5553 ἀπάτην
1604 5494 1656 5540 et
1686 5486 1929 5550 ἀπειλὰς
1963 5489 2276 5555 ronjungat.

2375 5488 2599 5539 ⁸⁶εἰκέα
2658 5488 2821 5541 Basil.
2898 5487 2941 5518 "
2972 5488 3218 5548 σέϐοντες
3268 5488 3435 5541 iidem

2500 5558 2543 5587 ³⁸
2570 5558 2641 5610 fta
2675 5567 2726 5610 et
2769 5557 3107 5625 Cbristopb.,
3140 5557 3307 5614 δραι..
3337 5557 3445 5625 (ἱεὶς

2108 5626 2407 5695 ⁸⁰δυσςε6ἦ
2442 5625 2588 5685 llas.
2638 5627 2823 5695 Steph.
2861 5636 2915 5680 et
2973 5623 3196 5695 Nicepb.
3273 5623 3435 5679 δίοῦν

1542 5693 1587 5726 δ’
1622 5697 1864 5766 ἑτερούσ.
1902 5700 2059 5751 iidem
2095 5695 2218 5751 Bas.
2260 5698 2307 5727 ⁵³
2340 5693 2431 5750 Sic
2456 5695 2620 5749 Basil.
2651 5694 3208 5766 Graec._(uon_a6:oﬁ,
3233 5702 3292 5751 ut
3314 5710 3438 5751 nar.

1056 5766 1201 5835 teph.
1230 5765 1279 5823 ι.
1316 5764 1419 5823 Sed
1452 5765 1615 5822 αὑτοῦ
1648 5764 1849 5823 habent
1884 5766 2001 5823 Pini
2038 5775 2091 5823 et
2121 5766 2308 5825 Sarilii
2341 5766 2501 5823 codd.
2535 5779 2659 5829 cum
2700 5764 2889 5836 Epiplt.
2922 5774 2977 5821 et
3000 5764 3225 5835 Niceph.
