4218 6456
779 398 916 458 1183

1750 396 2240 457 THEODORETI
2275 401 2616 460 EPISCUPI
2658 404 3027 464 CYRENSIS

3901 402 4040 465 118$

771 517 963 557 errore
994 503 1090 556 illo
1118 502 1470 565 tenebantur,
1500 512 1553 555 et
1586 501 1655 556 ab
1680 501 1912 557 Joviano
1935 515 2052 573 post
2078 504 2352 559 Julianmn

2461 511 2579 569 ταῖς
2608 509 2989 575 εὑαγγελικαῐς
3012 507 3376 568 διδασκαλίαις
3413 508 3757 575 κηρύττουσι.
3790 510 3896 561 Καὶ
3926 511 4039 579 γὰρ

770 594 1040 646 exstincta
1067 591 1315 646 seductio
1341 590 1483 645 illius
1509 595 1778 661 permissu
1810 595 2215 651 reflorescebat.
2244 596 2352 651 Nec

766 682 879 751 jam
909 684 962 736 in
994 684 1213 737 occulto
1236 681 1388 738 Jovis
1417 694 1470 739 et
1503 684 1700 739 Bacchi
1732 693 1786 741 et
1814 685 2032 741 Cereris
2062 687 2196 741 festa
2224 704 2353 757 per-

770 775 1093 841 agcbantur,
1156 774 1249 829 sed
1308 790 1402 844 per
1459 777 1698 830 medium
1763 776 1939 831 forum
2016 779 2351 833 bacchantes

770 865 1139 923 cursitabant.
1200 866 1347 922 Solis
1411 869 1500 921 ille
1556 867 1816 925 inimicus
1873 870 1977 925 fuit
2030 875 2350 942 apostolicae

770 959 1035 1013 doctrinae
1089 961 1413 1015 cultoribus.
1461 960 1706 1015 Primum
1739 965 1881 1017 enim
1925 964 2100 1020 sacris
2143 965 2351 1020 edibus

775 1049 987 1118 1002
1016 1050 1141 1103 illos
1168 1050 1404 1118 expulit,
1436 1053 1637 1120 quibus
1658 1054 2070 1108 laudatissimus
2085 1052 2350 1110 Jovianus

769 1141 934 1192 etiam
978 1150 1227 1194 recenter
1266 1150 1605 1195 exstructam
1656 1144 1940 1198 ecclesiam
1976 1154 2346 1200 concesserat.

774 1228 977 1283 Deinde
1020 1246 1146 1283 cum
1190 1231 1257 1284 ad
1307 1234 1511 1286 montis
1566 1233 1805 1287 radicem
1857 1248 2346 1305 congregarentur,

772 1321 956 1389 ibique
1007 1320 1229 1391 hymnis
1276 1320 1569 1376 Dominum
1631 1325 2011 1392 celebrarent,
2052 1339 2106 1382 et
2152 1328 2351 1382 divinis

768 1412 1003 1479 eloquiis
1037 1410 1715 1475 fruerentur,contrarias
1747 1418 2138 1486 aerisinjurias
2167 1419 2350 1488 perfe-

769 1514 956 1558 rentes
975 1542 990 1567 ,
1026 1519 1172 1557 nunc
1196 1504 1393 1573 pluvia:
1414 1547 1427 1569 ,
1459 1506 1599 1560 nivis
1628 1521 1690 1559 ac
1717 1507 1937 1575 frigoris
1959 1549 1975 1573 ,
2003 1524 2149 1565 nunc
2181 1518 2349 1587 astus

770 1595 1275 1658 vehementissimi,
1318 1611 1385 1649 ne
1414 1596 1515 1649 hac
1547 1598 1769 1666 quidrtn
1803 1598 2072 1654 laboriosa
2107 1616 2351 1655 commo-

769 1686 941 1740 ditate
971 1686 1093 1740 illos
1130 1687 1207 1739 uti
1238 1688 1521 1754 permisit,
1580 1689 1675 1742 sed
1724 1699 2053 1744 conventum
2090 1693 2350 1746 immissis

770 1778 1035 1831 militibus
1070 1778 1381 1845 dissipavit.

2458 597 2555 658 τάς
2590 597 2902 667 Ἑλληνικάς
2938 597 3155 658 τελετάς
3201 596 3521 647 ἐπετέλουν¹
3563 598 3611 647 ot
3641 599 3705 666 τῇ
3740 598 3916 667 πλάνῃ
3946 600 4037 650 εε-

2458 687 2804 757 δουλωμένοι,
2840 689 2933 739 καὶ
2965 690 3062 757 τὴν
3103 687 3238 756 μετὰ
3281 688 3561 739 Ίουλιανὸν
3592 688 3694 739 ὑπὸ
3734 688 4040 742 Ἰοϐιανοὺ⁸

2459 778 2777 833 σὸεσθείσαν
2824 778 3129 847 ἐξαπάτην,
3186 777 3416 847 ἀνθῆσαι
3463 778 3625 830 πάλιν
3659 780 4039 849 συνεχώρησεν

2456 860 2630 929 οὗτος.
2676 868 2783 919 Καὶ
2814 868 2881 919 τὰ
2910 868 3120 929 Διάσια,
3152 867 3244 919 καὶ
3272 868 3337 919 τά
3368 866 3639 929 Διονύσια,
3687 868 3781 920 καὶ
3822 869 3891 921 τά
3936 870 4037 937 τῆς

2458 960 2791 1030 Δημήτραςδ
2828 960 3010 1029 ὄργια,
3056 960 3155 1011 οὐκ
3182 962 3238 1011 ἐν
3271 960 3605 1030 παραϐύστῳ
3638 960 3927 1031 ἐπλήρουν,
3960 962 4040 1024 ὡς

2458 1052 2515 1104 ἐν
2537 1051 2749 1103 εὑσεὸεῖ
2778 1050 3041 1120 βασιλεία,
3068 1051 3201 1103 ἀλλά
3237 1051 3324 1102 διὰ
3359 1052 3529 1120 μέσης
3563 1052 3658 1121 τῆς
3679 1053 3882 1124 ἀγοράς
3901 1053 4034 1122 βακο

2458 1142 2706 1211 χεύοντες
2749 1143 2985 1210 ἔτρεχον.
3038 1143 3233 1204 Μόνοις
3282 1142 3336 1194 δὲ
3382 1144 3635 1213 πολέμιος
3681 1140 3747 1214 ἦν
3778 1148 3889 1207 τοῖς
3936 1146 4036 1216 τὴν

2458 1234 2819 1304 ἀποστολικὴν
2846 1234 3194 1287 διδασκαλίαν
3238 1235 3619 1305 πρεσϐεύουσι.
3673 1238 3893 1309 Πρῶτον
3935 1239 4036 1308 μὲν

2458 1326 2567 1396 γάρ
2598 1327 2793 1387 αὐτοὺς
2831 1324 2938 1376 τῶν
2977 1324 3137 1393 ἱερῶν
3181 1326 3440 1396 ἐξήλασεν
3473 1329 3638 1381 οἴκων
3662 1346 3675 1359 ·
3711 1330 3892 1391 αὑτοῖς
3922 1328 4036 1398 γάρ

2472 1418 2724 1479 Ἰοϐιανὸς
2754 1419 2781 1469 6
2810 1416 3163 1485 πανεὺφημος
3192 1417 3439 1470 ἐδεδώκει
3476 1421 3568 1471 καὶ
3595 1420 3692 1489 τὴν
3739 1421 4037 1489 νεόδμητον

2458 1509 2769 1579 ἐκκλησίαν.
2809 1509 3026 1579 Ἐπειδὴ
3052 1509 3107 1561 δέ
3139 1510 3288 1579 παρά
3319 1509 3416 1580 τὴν
3446 1512 3538 1564 τοῦ
3571 1513 3726 1582 ὅρους
3761 1514 4037 1573 συνιόντες

2459 1601 2716 1669 κρηπῖδα,
2748 1600 2935 1669 ὕμνοις
2960 1618 3017 1652 τε
3046 1601 3134 1653 τὸν
3160 1603 3435 1673 Δεσπότην
3466 1603 3766 1674 ἐγέραιρον,
3804 1604 3895 1655 καὶ
3924 1602 4036 1656 τῶν

2459 1690 2617 1742 Θείων
2649 1689 2843 1755 λογίων
2871 1690 3172 1759 άπήλαυον,
3202 1693 3310 1745 τῶν
3348 1694 3605 1747 ἐναντίων
3635 1694 3726 1747 τοῦ
3757 1696 3918 1765 ἀέρος
3945 1696 4039 1747 άνο

2458 1781 2704 1851 ἐχόμενοι
2740 1782 3073 1851 προσϐολών,
3110 1782 3205 1835 καὶ
3252 1784 3379 1836 ποτὲ
3424 1786 3521 1855 μὲν
3554 1786 3731 1845 ὑετοῦ,
3764 1788 3858 1839 καὶ
3887 1802 4039 1854 νιςρε-

771 1866 891 1928 τοῦ,
944 1867 1034 1919 καὶ
1080 1866 1315 1937 κρυμοῦ.
1360 1868 1487 1920 ποτὲ
1519 1868 1574 1920 δέ
1606 1868 1966 1939 σφοδροτάτου
2013 1870 2279 1939 φλογμοῦ,
2327 1870 2447 1925 οὑδέ
2480 1873 2578 1943 τῆς
2626 1873 2882 1925 ἐπιπόνου
2936 1872 3135 1943 ταύτης
3169 1874 3433 1943 ὠφελείας
3482 1877 3799 1947 μεταλαχεῖν
3838 1877 4037 1933 αὑτοὺς

771 1959 1170 2030 συνεχώρησεν,
1206 1960 1321 2013 ἀλλ’
1350 1961 1673 2023 ἀποστείλας
1699 1964 2037 2032 στρατιώτας
2067 1966 2352 2020 ἐσκέδασε.

994 2054 1147 2109 CAP.
1191 2054 1355 2108 xxu.
1397 2055 1481 2127 [Β.
1514 2056 1597 2112 St.
1635 2057 1695 2110 v.
1730 2059 1821 2112 εδ.
1866 2060 1965 2114 Ch.
2000 2060 2113 2133 25.]

802 2146 916 2210 Quo
958 2158 1111 2216 pacto
1154 2147 1443 2201 Flavianus
1490 2160 1539 2202 et
1585 2148 1856 2203 Diodorus
1898 2152 2313 2207 ortltodoxorum

1105 2229 1388 2272 conventus
1433 2224 1652 2289 agebant
1683 2220 1721 2273 A
1734 2222 2000 2275 ntiocltia'.

838 2312 906 2363 At
933 2308 1233 2365 Flavianus
1275 2320 1330 2365 et
1364 2312 1670 2377 Diodorus,
1711 2321 1975 2383 tanquam
2002 2330 2166 2386 rupes
2200 2332 2351 2386 quaa-

767 2404 918 2469 dam,
962 2403 1239 2458 irruentes
1293 2406 1493 2459 fluctus
1541 2404 1895 2474 frangebant.
1948 2406 2164 2462 Melctio
2202 2410 2349 2463 enim

767 2505 993 2566 pastore
1045 2498 1290 2566 ipsorum
1330 2499 1557 2555 remotis
1608 2500 1662 2553 in
1708 2501 1847 2555 locis
1878 2501 2075 2569 degere
2122 2511 2349 2570 coacto,

762 2592 946 2659 gregis
994 2592 1070 2644 illi
1114 2607 1306 2644 curam
1352 2602 1747 2663 susceperant,
1802 2595 1947 2663 lupis
1980 2596 2200 2664 quidem
2242 2595 2354 2649 for-

768 2684 1062 2737 titudinem
1098 2699 1161 2737 ac
1197 2684 1525 2753 sapientiam
1562 2701 1717 2739 suam
1749 2698 2089 2757 opponentes
2112 2729 2125 2751 ,
2155 2688 2351 2741 ovibus

769 2788 899 2826 vero
946 2775 1370 2827 convenientem
1420 2790 1616 2830 curam
1675 2778 2080 2847 impendentes.
2116 2780 2198 2833 Ah
2241 2783 2353 2833 imo

770 2866 945 2931 igitur
981 2874 1169 2919 monte
1210 2866 1427 2935 depulsi
1459 2910 1473 2933 ,
1511 2883 1643 2921 oves
1676 2870 1740 2921 ad
1781 2872 1928 2940 ripas
1963 2872 2127 2925 vicini
2170 2873 2351 2926 flumi-

768 2957 857 3009 nis
887 2957 1202 3025 pascebant.
1229 2956 1347 3010 Non
1367 2959 1539 3024 enim,
1578 2968 1636 3012 ut
1664 2959 1941 3031 Babylone
1962 2963 2092 3016 olim
2123 2966 2351 3032 captivi,

765 3062 972 3117 Organa
1011 3048 1062 3101 in
1111 3049 1376 3103 salicibus
1411 3051 1855 3120 suspenderunt,
1892 3054 1987 3106 sed
2038 3056 2352 3109 Creatorem

769 3135 1299 3207 Benefactoremqne
1335 3140 1635 3193 laudabant
1671 3142 1722 3193 in
1761 3144 1910 3195 omni
1946 3144 2064 3197 loco
2097 3145 2353 3198 domina<

780 3229 948 3283 tionis
974 3230 1116 3296 ejus.
1158 3233 1222 3283 At
1263 3248 1328 3285 ne
1367 3233 1471 3287 hoc
1511 3234 1730 3303 quidem
1771 3236 1823 3289 in
1858 3236 1979 3291 loco
2011 3238 2225 3306 piorum
2259 3255 2352 3306 pa-

772 3332 1011 3382 storum,
1034 3323 1243 3376 Christi
1273 3324 1484 3376 Domini
1527 3325 1869 3380 divinitatem
1904 3332 2267 3383 asscrentium
2292 3345 2355 3383 ac.

769 3412 1189 3480 prmdicantium
1247 3424 1577 3470 conventum
1630 3418 1757 3471 tulit
1804 3420 2089 3475 inimicus.
2134 3420 2353 3477 Rursus

769 3520 901 3573 euge
938 3504 1344 3559 admirabilium
1374 3516 1654 3575 pastorum
1690 3525 1788 3579 par
1822 3511 1874 3563 in
1903 3529 2096 3580 cmnpo
2117 3514 2352 3566 militum

769 3594 1046 3648 exercitiis
1076 3597 1374 3663 destinato,
1406 3601 1581 3654 sacris
1607 3602 1804 3655 ovibus
1831 3602 2077 3656 collectis
2102 3604 2353 3673 spiritale

770 3685 1029 3753 pabulum
1087 3688 1323 3741 sull'ecit.
1353 3688 1422 3742 At
1455 3692 1902 3759 sapientissimus
1928 3696 1944 3713 ⁶
1986 3695 2196 3764 1003
2219 3692 2354 3765 ’(ιυί-

770 3772 892 3827 dem
924 3772 1371 3846 fortissimosque
1401 3778 1694 3843 Diodorus,
1721 3784 1879 3850 quasi
1909 3783 2106 3838 fluvius
2129 3786 2350 3854 quidam

772 3866 1032 3934 limpidus
1070 3880 1123 3920 et
1143 3869 1333 3937 ingens
1356 3909 1371 3933 ,
1398 3887 1528 3926 suos
1555 3874 1773 3942 quidem
1811 3875 2077 3945 irrigahat
2105 3917 2119 3940 ,
2152 3878 2350 3932 adver-

771 3958 1043 4011 sariorum
1078 3976 1210 4014 vero
1246 3963 1619 4031 blasphemias
1655 3966 1906 4020 dduchat
1938 3987 1949 4021 :
1996 3985 2095 4023 nec
2133 3972 2353 4039 generis

772 4050 1121 4117 splendorem
1160 4055 1584 4122 considerabat,
1644 4060 1738 4112 sed
1772 4075 2047 4114 rerumnas
2094 4078 2193 4130 pro
2251 4063 2355 4118 fide

776 4142 1011 4194 libenter
1047 4145 1378 4199 sustinebat.
1413 4146 1705 4204 Flavianus
1748 4167 1915 4215 vero,
1952 4153 2033 4206 vir
2074 4154 2350 4222 Optimus,

774 4234 1009 4302 patricio
1034 4244 1087 4289 et
1122 4236 1239 4304 ipse
1276 4254 1478 4307 genere
1512 4250 1675 4296 natus
1700 4253 1818 4297 erat
1842 4284 1856 4307 ,
1883 4245 1977 4298 sed
2008 4246 2351 4300 nobilitatem

771 4324 946 4375 solam
978 4325 1214 4379 ducebat
1261 4329 1552 4396 pietatem,
1608 4341 1663 4385 et
1705 4336 1857 4387 velut
1915 4337 2186 4405 palmstra:
2238 4353 2353 4391 ma-

771 4413 942 4480 gister
990 4416 1247 4483 quidam,
1284 4434 1547 4487 magnum
1593 4421 1928 4489 Diodorum,
1964 4437 2020 4480 ut
2056 4428 2354 4498 quinquer-

773 4509 978 4559 tionem
1020 4508 1279 4562 athletam
1330 4514 1693 4583 perungebat.
1750 4516 1847 4570 Illo
1905 4518 2051 4572 enim
2107 4529 2353 4591 tempore

775 4595 828 4649 in
865 4598 1261 4654 ecclesiasticis
1310 4606 1677 4661 conventibus
1726 4624 1833 4662 non
1888 4612 2350 4679 concionabatnr,

773 4688 867 4742 sed
900 4691 1365 4751 concionantibus
1391 4712 1642 4768 magnam
1678 4712 2123 4770 argumentorum
2148 4714 2201 4761 et
2223 4722 2347 4761 sen-

774 4781 1071 4835 tentiarum
1114 4784 1414 4854 Scriptura:
1447 4791 1658 4860 copiam
1713 4793 2193 4850 snluninistrabat.
2240 4796 2340 4848 Ita-

772 4886 879 4939 que
920 4872 1217 4927 tendehant
1252 4877 1327 4928 illi
1371 4878 1593 4945 quidem
1642 4896 1811 4934 arcus
1856 4880 1910 4934 in
1968 4882 2345 4950 blasphemias

773 4962 887 5014 Arii
925 4979 935 5014 :
974 4961 1062 5015 hic
1096 4981 1223 5020 vero
1260 4978 1518 5037 tanquam
1548 4986 1612 5024 ex
1639 4971 1895 5039 pharetra
1930 4972 2165 5040 quadam
2201 4989 2349 5027 mcu-

772 5051 847 5105 tis
874 5053 1100 5123 sagittas
1149 5060 1493 5127 suggerebat.
1532 5058 1680 5113 Domi
1712 5078 1844 5116 sane
1890 5060 2133 5131 forisque
2169 5062 2347 5117 disse-

773 5158 902 5201 rens
928 5146 1307 5203 haereticorum
1341 5166 1528 5207 casses
1577 5151 1736 5207 facile
1770 5154 2088 5224 rumpebat,
2129 5168 2351 5207 aranea-

3032 2056 3283 2110 ΚΕΦΑΛ.
3326 2056 3453 2111 ΚΒ’.

2455 2150 2661 2224 Ὅπως
2672 2146 3005 2224 φλξιὸιανρς
3042 2150 3139 2202 καὶ
3164 2150 3447 2224 Διόδωρος
3472 2150 3587 2216 τὴν
3606 2152 3677 2205 ἐν
3707 2153 4038 2224 Ἀντιοχείᾳ

2592 2218 2710 2271 τῶν
2736 2220 3070 2287 ὀρθοδόξων
3096 2222 3505 2287 συνεκρότουν
3534 2223 3890 2289 ἐκκλησίαν.

2522 2316 2817 2378 Φλαϐιανδς
2858 2315 2913 2367 δέ
2951 2315 3045 2368 καὶ
3083 2316 3365 2386 Διόδωρος,
3418 2317 3668 2388 καθάπερ
3712 2321 3854 2381 τινὲς
3899 2321 4039 2390 πρό-

2453 2404 2616 2469 ϐολοι,
2657 2408 2723 2458 τά
2775 2406 3182 2475 προσϐάλλοντα
3223 2406 3428 2460 διέλυον
3474 2408 3711 2479 κύματα.
3770 2411 4037 2463 Μελετίου

2453 2497 2561 2569 γάρ
2590 2496 2683 2549 τοὺ
2715 2497 2975 2565 σφετέρου
3005 2498 3259 2566 ποιμένος
3289 2499 3420 2561 ἐκάς
3450 2500 3655 2569 διάγειν
3681 2502 4037 2571 ἠναγκασμέ-

2454 2606 2567 2651 νου,
2599 2584 2741 2641 οζτοι
2776 2589 2871 2656 τῆς
2905 2588 3138 2657 ποίμνης
3166 2590 3547 2658 ἐπεμελοῦντο,
3583 2595 3692 2654 τοῖς
3725 2595 3820 2662 μὲν
3850 2595 4038 2657 λὺκοις

2458 2682 2868 2742 άντιτάττοντες
2914 2680 3010 2748 τὴν
3040 2681 3247 2732 οἰκείαν
3290 2683 3539 2750 ἀνδρείαν
3586 2702 3641 2737 τε
3686 2688 3780 2739 καὶ
3822 2690 4038 2755 σοφία-λ.

2462 2770 2611 2840 [ltiti]
2643 2774 2750 2833 τοῖς
2782 2771 2836 2822 δὲ
2872 2770 3164 2840 προϐάτοις
3196 2773 3593 2843 προσφέροντες
3620 2778 3718 2847 τὴν
3740 2779 4042 2847 ἁρμόττου-

2458 2880 2555 2914 σαν
2612 2863 2926 2930 θεραπείαν.
2989 2862 3083 2915 Ἑκ
3121 2863 3184 2931 δὴ
3232 2860 3325 2916 οὖν
3370 2865 3471 2933 τῆς
3520 2868 3796 2937 ὑπωρείας
3847 2872 4039 2935 ἐξελα-

2458 2955 2661 3017 θέντες,
2703 2954 2854 3024 παρά
2899 2954 2998 3016 τὰς
3048 2954 3212 3023 ὄχθας
3262 2954 3354 3007 τοῦ
3403 2958 3638 3023 γείτονος
3685 2962 3933 3029 ποταμοῦ
3974 2966 4040 3014 τά

2457 3046 2705 3117 πρόϐατα
2757 3046 2968 3116 ἔνεμον·
3012 3048 3086 3098 Οὐ
3123 3048 3229 3118 γὰρ
3272 3049 3579 3117 ἠνέσχοντο,
3632 3052 3771 3103 κατὰ
3821 3054 3947 3116 τοὺς
3985 3058 4042 3105 ἐν

2456 3139 2735 3193 Βαϐυλῶνι
2785 3138 3186 3208 δορυαλώτους,
3243 3141 3334 3193 ἐπὶ
3367 3144 3484 3204 ταῖς
3519 3143 3721 3206 ίτέαις¹
3760 3147 4041 3215 κρεμάσαι

2457 3230 2524 3283 τά
2553 3230 2757 3299 ὅρκια-,τα
2778 3247 2789 3259 ’
2826 3230 2937 3283 ἀλλ’
2970 3230 3168 3300 ὑμνουν
3203 3231 3293 3283 τὸν
3326 3233 3560 3302 Ποιητήν
3588 3252 3643 3285 τε
3676 3238 3766 3287 καὶ
3800 3235 4043 3305 Εὐεργέ-

2458 3338 2557 3389 την
2591 3324 2645 3372 ἐν
2677 3323 2835 3373 παντὶ
2862 3323 3010 3391 τόπῳ
3042 3323 3139 3391 τῆς
3180 3323 3495 3384 δεσποτείας
3524 3324 3709 3376 αὑτοῦ.
3752 3325 3893 3375 Ἀλλ’
3918 3326 4043 3377 οὑδὲ

2382 3402 2426 3464 C
2456 3411 2554 3481 ’τὴν
2582 3412 2637 3463 ἐν
2680 3411 2813 3477 τῷδε
2846 3411 2921 3480 ’τῷ
2948 3411 3131 3481 χωρίῳ
3166 3412 3380 3465 σύνοδον
3411 3415 3608 3483 ἤνεγκε
3655 3414 3759 3467 τῶν
3794 3415 4045 3469 εὑσεῦὧν

2457 3501 2665 3570 νομέων
2692 3501 2796 3552 τῶν
2827 3501 2915 3552 τὸν
2947 3502 3223 3569 Δεσπότην
3240 3502 3259 3531 ⁵
3285 3501 3673 3570 θεολογούντων
3700 3506 3726 3556 6
3754 3504 4041 3573 πολέμιος.

2458 3594 2623 3646 Πάλιν
2662 3594 2722 3663 δὴ
2765 3591 2857 3646 οὖν
2896 3594 3001 3646 τῶν
3042 3594 3361 3664 Θαυμασίων
3404 3596 3630 3649 ἐκείνων
3679 3598 3955 3665 ποιμένων
4007 3601 4042 3670 ἡ

2456 3688 2704 3756 ξυνωρὶς,
2735 3690 2812 3748 εἰς
2838 3686 2898 3738 τὸ
2922 3685 3212 3756 πολεμικὸν
3236 3687 3532 3757 γυμνάσιον
3552 3688 3620 3739 τὰ
3649 3688 3763 3741 θεῖα
3790 3689 4036 3758 πρῦϐατα

2457 3782 2872 3851 συναγείρουσα,
2905 3779 3000 3850 τὴν
3026 3780 3399 3851 πνευματικὴν
3426 3781 3711 3833 ὑπεδείκνυ
3744 3782 3900 3835 πόαν.
3931 3783 4042 3835 Καὶ

2456 3873 2716 3942 Διόδωρος
2759 3873 2855 3941 μέν
2884 3875 2912 3925 6
2944 3872 3251 3941 σοφώτατός
3282 3890 3340 3925 τε
3386 3874 3480 3926 καὶ
3511 3874 3908 3941 ἀνδρειότατος,
3949 3870 4042 3926 οἷά

2455 3982 2537 4027 τις
2572 3964 2811 4033 ποταμὸς
2842 3964 3037 4033 διειδής
3062 3982 3121 4017 τε
3152 3966 3245 4019 καὶ
3276 3968 3469 4035 μέγας,
3507 3969 3619 4029 τοῖς
3652 3967 3747 4035 μὲν
3775 3966 4041 4029 οἰκείοιςτ

2454 4055 2551 4123 τὴν
2578 4055 2838 4120 άρδείαν⁸
2872 4054 3194 4124 προσέφερε,
3229 4054 3326 4117 τὰς
3363 4055 3419 4107 δὲ
3450 4057 3556 4108 τῶν
3584 4057 3839 4109 ἐναντίων
3875 4056 4038 4126 βλασ-

2457 4148 2665 4216 φημίας
2696 4146 2959 4210 ἐπέκλυζε
2993 4163 3007 4176 ο
3052 4147 3144 4198 καὶ
3173 4146 3270 4216 τὴν
3310 4148 3410 4216 μὲν
3443 4148 3536 4201 τοῦ
3566 4149 3753 4215 γένους
3785 4151 3883 4202 οὑκ
3916 4150 4040 4202 ἐλο-

2455 4239 2635 4306 γίζετο
2661 4238 3036 4308 περιφάνειαν,
3070 4240 3167 4308 τὴν
3202 4238 3259 4291 δέ
3288 4240 3427 4309 ὑπὲρ
3462 4240 3560 4306 τῆς
3586 4241 3819 4304 πίστεως
3852 4242 4041 4294 ταλαι-

2456 4330 2670 4401 πωρίαν
2700 4330 2981 4391 ἀσπασίως
3015 4330 3293 4400 ὑπέμεινε.
3328 4331 3624 4390 Φλαὸιανδς
3648 4332 3705 4384 δὲ
3734 4333 3760 4383 6
3792 4333 4037 4404 ἄριστος,

2456 4420 2513 4487 ἐξ
2547 4420 2886 4490 εὐπατριδῶν
2920 4421 3051 4490 μέν⁹
3094 4422 3188 4475 καὶ
3224 4422 3384 4485 αὐτὸς
3426 4422 3711 4490 ἐπεφύκει.
3754 4423 4040 4491 εὐγένειαν

2455 4510 2512 4563 δέ
2550 4511 2647 4581 τὴν
2693 4511 2979 4564 εὑσέϐειαν
3028 4512 3376 4581 ὑπελάμϐανε
3429 4513 3616 4583 μόνην,
3668 4514 3761 4566 καὶ
3803 4510 3913 4567 οἷόν
3955 4532 4039 4577 τις

2457 4602 2808 4672 παιδοτρίϐης
2829 4603 2916 4655 τὸν
2948 4602 3118 4671 μέγαν
3144 4604 3405 4673 Διόδωρον
3427 4605 3678 4675 καθάπερ
3704 4605 3825 4657 τινὰ
3876 4607 4036 4657 πέντε

2458 4692 2615 4747 αθλον
2644 4695 2861 4764 ἣλειφεν
2881 4693 3135 4762 ἀθλητήν.
3160 4695 3292 4746 Κατ’
3321 4695 3526 4746 ἐκεῖνον
3554 4694 3661 4763 γάρ
3698 4693 3789 4746 τὸν
3820 4694 4035 4764 καιρὸν,

2456 4789 2514 4840 ἐν
2552 4788 2649 4857 μέν
2681 4789 2789 4848 τοῖς
2825 4785 3296 4854 ἐκκλησιαστικοῖς
3336 4786 3436 4839 οὑκ
3485 4785 3813 4855 ἐδημηγόρει
3851 4786 4041 4838 συλλό-

2454 4893 2592 4944 γοις,
2621 4878 2731 4939 τοῖς
2756 4874 2810 4927 δέ
2839 4875 2994 4928 τοῦτο
3021 4874 3189 4945 δρῶσι
3237 4874 3437 4946 πολλὴν
3486 4878 3745 4945 παρεῖχεν
3774 4875 4039 4943 ἀφθονίαν

2454 4967 2851 5038 ἐνθυμημάτων
2876 4984 2934 5019 τε
2960 4969 3050 5020 καὶ
3074 4968 3111 5019 Γ
3117 4968 3363 5037 ραφικῶν
3389 4968 3696 5037 νοημάτων.
3724 4968 3831 5020 Καὶ
3850 4969 3899 5020 οί
3937 4971 4037 5037 μὲν

2453 5058 2655 5112 ἔτεινον
2680 5059 2819 5112 κατὰ
2852 5061 2947 5129 τῆς
2984 5059 3191 5129 Ἀρείου
3216 5059 3561 5128 βλασφημίας
3586 5058 3655 5110 τὰ
3680 5059 3810 5123 τόξα
3831 5074 3844 5088 ·
3880 5054 4036 5121 οὗτος

2455 5152 2511 5205 δέ
2540 5150 2789 5221 καθάπερ
2823 5149 2885 5202 ἐκ
2913 5168 3054 5213 τινος
3084 5150 3381 5221 βελοθήκης
3411 5150 3508 5221 τῆς
3538 5150 3773 5214 διανοίας
3804 5152 3875 5204 τὰ
3905 5150 4037 5219 βέλη

2119 5326 2346 5381 VARUS
2396 5324 2797 5381 LECTIONES.

849 5437 868 5467 ²
895 5438 1189 5496 ἀπετέλουν
1230 5443 1346 5500 Pini
1404 5448 1562 5501 liber.

1676 5448 1696 5479 ³
1741 5446 2014 5501 Ίωϐιανοῦ
2049 5446 2214 5501 Basil.
2248 5447 2340 5499 Gr.
2385 5446 2577 5515 Steph.
2612 5445 2703 5499 Sic
2749 5446 2913 5514 paulo
2956 5454 3098 5515 post.

778 5509 934 5587 ceph:
971 5510 1069 5587 xl,
1109 5514 1198 5587 2t,
1244 5518 1335 5585 qui
1381 5526 1561 5571 tamen
1602 5518 1770 5575 habet
1830 5517 2001 5587 1dr;
2060 5521 2202 5587 Δημ.
2244 5518 2401 5587 ἔργα.

3177 5446 3196 5475 ⁵
3223 5445 3512 5514 Δήμητρος
3564 5443 3725 5514 iidem
3773 5459 3898 5497 cum
3934 5443 4036 5499 Ni-

2505 5516 2526 5546 '
2552 5518 2639 5567 ἐπ“ι
2676 5533 2725 5569 τ,
2751 5513 2968 5579 ίίτέαιςξ
3012 5517 3133 5569 ιιλεο
3175 5513 3378 5569 absunt
3422 5531 3451 5567 a
3487 5513 3648 5567 codd.
3700 5513 3868 5568 Basil.
3908 5514 4031 5575 Gn.

780 5575 968 5659 ﬁli-plu.
990 5586 1019 5659 1
1045 5592 1097 5637 et
1132 5575 1273 5659 Plui:
1300 5588 1537 5659 itemque
1564 5589 1630 5642 ab
1656 5590 1853 5659 Epiplt.
1888 5586 2022 5659 Vill,
2062 5575 2541 5659 5."Sed:t\'licephr
2576 5586 2616 5659 l._
2667 5604 2715 5640 e.
2752 5575 3092 5659 liabet'mtpi
3137 5588 3235 5648 τὰς
3270 5586 3434 5659 ἰτέας.
3513 5584 3532 5614 ⁸
3556 5584 3792 5659 Χριστὸν
3826 5586 4037 5659 addunt

781 5645 949 5726 liatsil.
983 5651 1075 5726 Gr.
1108 5664 1159 5707 et
1199 5645 1383 5726 Steph.
1451 5645 1464 5657 ’
1486 5645 1730 5711 τοίκείαν
1764 5645 1949 5712 ἹῖιιείΙ.
1985 5657 2079 5711 Gr.

782 5719 946 5797 male,
972 5724 1071 5779 nisi
1107 5727 1232 5795 quis
1267 5719 1394 5784 v'cht
1430 5746 1554 5783 cum
1587 5727 1801 5785 Valesio
1849 5729 2153 5784 rescribere
2202 5729 2434 5797 ὑδρείαν.
2476 5726 2730 5797 ἀνδρείαν
2780 5726 2980 5782 habent
3036 5726 3274 5781 codices.

780 5786 872 5842 Gr.

2189 5658 2211 5689 ⁸
2244 5658 2357 5711 Hoc
2395 5657 2718 5709 vocabulum
2772 5654 3101 5709 Sirmondus
3145 5673 3174 5707 ιι
3230 5656 3547 5723 conjectura
3594 5654 3885 5707 substituit
3916 5671 4026 5709 non

3379 5725 3524 5795 ’μὲν
3571 5724 3725 5778 abest
3775 5739 3804 5777 a
3864 5725 4035 5782 Basil.
