  <div class='ocr_page' id='page_1' title='image "/cluster/home/n/w/nwhite01/storage/ocr_20150623/82/nnc1.0046979700/639.png"; bbox 0 0 4218 6456; ppageno 0'>
   <div class='ocr_carea' id='block_1_1' title="bbox 771 396 901 461">
    <p class='ocr_par' dir='ltr' id='par_1_1' title="bbox 771 396 901 461">
     <span class='ocr_line' id='line_1_1' title="bbox 771 396 901 461; baseline 0.015 -2"><span class='ocrx_word' id='word_1_1' title='bbox 771 396 901 461; x_wconf 79' lang='grc'><strong>1187</strong></span> 
     </span>
    </p>
   </div>
   <div class='ocr_carea' id='block_1_2' title="bbox 1747 398 3021 465">
    <p class='ocr_par' dir='ltr' id='par_1_2' title="bbox 1747 398 3021 465">
     <span class='ocr_line' id='line_1_2' title="bbox 1747 398 3021 465; baseline 0.006 -8"><span class='ocrx_word' id='word_1_2' title='bbox 1747 398 2232 459; x_wconf 83' lang='lat' dir='ltr'><strong>THEODORETI</strong></span> <span class='ocrx_word' id='word_1_3' title='bbox 2275 402 2612 462; x_wconf 88' lang='lat' dir='ltr'><strong>EPISCOPI</strong></span> <span class='ocrx_word' id='word_1_4' title='bbox 2656 402 3021 465; x_wconf 83' lang='lat' dir='ltr'><strong>CYRENSIS</strong></span> 
     </span>
    </p>
   </div>
   <div class='ocr_carea' id='block_1_3' title="bbox 3866 406 4008 475">
    <p class='ocr_par' dir='ltr' id='par_1_3' title="bbox 3866 406 4008 475">
     <span class='ocr_line' id='line_1_3' title="bbox 3866 406 4008 475; baseline 0.056 -7"><span class='ocrx_word' id='word_1_5' title='bbox 3866 406 4008 475; x_wconf 75' lang='lat'><strong>1183</strong></span> 
     </span>
    </p>
   </div>
   <div class='ocr_carea' id='block_1_4' title="bbox 765 505 2431 583">
    <p class='ocr_par' dir='ltr' id='par_1_4' title="bbox 765 505 2408 576">
     <span class='ocr_line' id='line_1_4' title="bbox 765 505 2408 576; baseline -0.002 -11"><span class='ocrx_word' id='word_1_6' title='bbox 765 512 983 565; x_wconf 67' lang='lat' dir='ltr'><strong>(lentius</strong></span> <span class='ocrx_word' id='word_1_7' title='bbox 1017 507 1337 563; x_wconf 90' lang='lat' dir='ltr'><strong>insultasset</strong></span> <span class='ocrx_word' id='word_1_8' title='bbox 1362 547 1376 569; x_wconf 93' lang='lat'><strong>,</strong></span> <span class='ocrx_word' id='word_1_9' title='bbox 1411 505 1516 560; x_wconf 87' lang='lat' dir='ltr'><strong>hoc</strong></span> <span class='ocrx_word' id='word_1_10' title='bbox 1557 506 1719 561; x_wconf 89' lang='lat' dir='ltr'><strong>modo</strong></span> <span class='ocrx_word' id='word_1_11' title='bbox 1749 522 1940 576; x_wconf 75' lang='lat' dir='ltr'><strong>pmnas</strong></span> <span class='ocrx_word' id='word_1_12' title='bbox 1976 508 2097 561; x_wconf 90' lang='lat' dir='ltr'><strong>luit.</strong></span> <span class='ocrx_word' id='word_1_13' title='bbox 2137 509 2183 561; x_wconf 93' lang='lat' dir='ltr'><strong>Is</strong></span> <span class='ocrx_word' id='word_1_14' title='bbox 2218 508 2334 562; x_wconf 25' lang='lat' dir='ltr'><strong>balr-</strong></span> <span class='ocrx_word' id='word_1_15' title='bbox 2365 519 2408 574; x_wconf 78' lang='grc' dir='ltr'><strong>Α</strong></span> 
     </span>
    </p>
   </div>
   <div class='ocr_carea' id='block_1_5' title="bbox 2336 505 4002 583">
    <p class='ocr_par' dir='ltr' id='par_1_5' title="bbox 2365 511 4002 583">
     <span class='ocr_line' id='line_1_5' title="bbox 2365 511 4002 583; baseline 0.001 -18"><span class='ocrx_word' id='word_1_16' title='bbox 2365 519 2408 574; x_wconf 80' lang='grc' dir='ltr'><strong>Α</strong></span> <span class='ocrx_word' id='word_1_17' title='bbox 2438 530 2623 583; x_wconf 83' lang='grc' dir='ltr'>γησεν.</span> <span class='ocrx_word' id='word_1_18' title='bbox 2690 511 2782 577; x_wconf 79' lang='grc' dir='ltr'><strong>Εἷς</strong></span> <span class='ocrx_word' id='word_1_19' title='bbox 2829 516 2885 567; x_wconf 82' lang='grc' dir='ltr'>δὲ</span> <span class='ocrx_word' id='word_1_20' title='bbox 2942 515 3050 567; x_wconf 83' lang='grc' dir='ltr'>τῶν</span> <span class='ocrx_word' id='word_1_21' title='bbox 3096 514 3224 583; x_wconf 84' lang='grc' dir='ltr'><strong>περί</strong></span> <span class='ocrx_word' id='word_1_22' title='bbox 3270 512 3361 566; x_wconf 76' lang='grc' dir='ltr'><strong>τὸν</strong></span> <span class='ocrx_word' id='word_1_23' title='bbox 3423 512 3697 583; x_wconf 74' lang='grc' dir='ltr'>βασιλικὸν</span> <span class='ocrx_word' id='word_1_24' title='bbox 3745 512 4002 571; x_wconf 74' lang='grc' dir='ltr'>κοιτῶνα.</span> 
     </span>
    </p>
   </div>
   <div class='ocr_carea' id='block_1_6' title="bbox 768 599 2337 666">
    <p class='ocr_par' dir='ltr' id='par_1_6' title="bbox 768 599 2337 666">
     <span class='ocr_line' id='line_1_6' title="bbox 768 599 2337 666; baseline -0.002 -11"><span class='ocrx_word' id='word_1_25' title='bbox 768 604 851 656; x_wconf 91' lang='lat' dir='ltr'><strong>nei</strong></span> <span class='ocrx_word' id='word_1_26' title='bbox 882 615 1073 655; x_wconf 87' lang='lat' dir='ltr'><strong>curam</strong></span> <span class='ocrx_word' id='word_1_27' title='bbox 1105 614 1227 652; x_wconf 92' lang='lat' dir='ltr'><strong>cum</strong></span> <span class='ocrx_word' id='word_1_28' title='bbox 1262 607 1475 665; x_wconf 84' lang='lat' dir='ltr'><strong>gereret</strong></span> <span class='ocrx_word' id='word_1_29' title='bbox 1501 639 1514 661; x_wconf 90' lang='lat'><strong>,</strong></span> <span class='ocrx_word' id='word_1_30' title='bbox 1546 613 1612 652; x_wconf 91' lang='lat' dir='ltr'><strong>eo</strong></span> <span class='ocrx_word' id='word_1_31' title='bbox 1633 599 1817 652; x_wconf 88' lang='lat' dir='ltr'><strong>statim</strong></span> <span class='ocrx_word' id='word_1_32' title='bbox 1868 607 1988 666; x_wconf 89' lang='lat' dir='ltr'><strong>post</strong></span> <span class='ocrx_word' id='word_1_33' title='bbox 2040 599 2184 650; x_wconf 88' lang='lat' dir='ltr'><strong>hunc</strong></span> <span class='ocrx_word' id='word_1_34' title='bbox 2219 615 2337 652; x_wconf 90' lang='lat' dir='ltr'><strong>ser-</strong></span> 
     </span>
    </p>
   </div>
   <div class='ocr_carea' id='block_1_7' title="bbox 768 690 2334 760">
    <p class='ocr_par' dir='ltr' id='par_1_7' title="bbox 768 690 2334 760">
     <span class='ocr_line' id='line_1_7' title="bbox 768 690 2334 760; baseline -0.002 -14"><span class='ocrx_word' id='word_1_35' title='bbox 768 708 984 746; x_wconf 89' lang='lat' dir='ltr'><strong>monem</strong></span> <span class='ocrx_word' id='word_1_36' title='bbox 1017 690 1338 753; x_wconf 87' lang='lat' dir='ltr'><strong>descendit,</strong></span> <span class='ocrx_word' id='word_1_37' title='bbox 1372 698 1430 741; x_wconf 92' lang='lat' dir='ltr'><strong>ut</strong></span> <span class='ocrx_word' id='word_1_38' title='bbox 1458 690 1773 760; x_wconf 80' lang='lat' dir='ltr'><strong>imperatori</strong></span> <span class='ocrx_word' id='word_1_39' title='bbox 1809 699 2142 757; x_wconf 80' lang='lat' dir='ltr'><strong>praepararet</strong></span> <span class='ocrx_word' id='word_1_40' title='bbox 2169 710 2180 743; x_wconf 87' lang='lat'>:</span> <span class='ocrx_word' id='word_1_41' title='bbox 2210 706 2334 745; x_wconf 89' lang='lat' dir='ltr'><strong>cum</strong></span> 
     </span>
    </p>
   </div>
   <div class='ocr_carea' id='block_1_8' title="bbox 767 776 2334 847">
    <p class='ocr_par' dir='ltr' id='par_1_8' title="bbox 767 776 2334 847">
     <span class='ocr_line' id='line_1_8' title="bbox 767 776 2334 847; baseline -0.004 -10"><span class='ocrx_word' id='word_1_42' title='bbox 767 785 1052 843; x_wconf 82' lang='lat' dir='ltr'><strong>intrasset,</strong></span> <span class='ocrx_word' id='word_1_43' title='bbox 1086 782 1270 834; x_wconf 90' lang='lat' dir='ltr'><strong>subito</strong></span> <span class='ocrx_word' id='word_1_44' title='bbox 1292 789 1472 833; x_wconf 88' lang='lat' dir='ltr'><strong>mente</strong></span> <span class='ocrx_word' id='word_1_45' title='bbox 1499 788 1713 846; x_wconf 83' lang='lat' dir='ltr'><strong>captus,</strong></span> <span class='ocrx_word' id='word_1_46' title='bbox 1745 776 1797 830; x_wconf 87' lang='lat' dir='ltr'><strong>in</strong></span> <span class='ocrx_word' id='word_1_47' title='bbox 1821 776 2121 832; x_wconf 77' lang='lat' dir='ltr'><strong>ferventem</strong></span> <span class='ocrx_word' id='word_1_48' title='bbox 2140 794 2334 847; x_wconf 87' lang='lat' dir='ltr'><strong>aquam</strong></span> 
     </span>
    </p>
   </div>
   <div class='ocr_carea' id='block_1_9' title="bbox 768 870 2332 941">
    <p class='ocr_par' dir='ltr' id='par_1_9' title="bbox 768 870 2332 941">
     <span class='ocr_line' id='line_1_9' title="bbox 768 870 2332 941; baseline -0.003 -13"><span class='ocrx_word' id='word_1_49' title='bbox 768 875 994 928; x_wconf 83' lang='lat' dir='ltr'><strong>minime</strong></span> <span class='ocrx_word' id='word_1_50' title='bbox 1044 882 1404 941; x_wconf 87' lang='lat' dir='ltr'><strong>temperatam</strong></span> <span class='ocrx_word' id='word_1_51' title='bbox 1465 870 1709 933; x_wconf 89' lang='lat' dir='ltr'><strong>desiliit,</strong></span> <span class='ocrx_word' id='word_1_52' title='bbox 1763 878 1818 924; x_wconf 91' lang='lat' dir='ltr'><strong>et</strong></span> <span class='ocrx_word' id='word_1_53' title='bbox 1874 870 2180 924; x_wconf 79' lang='lat' dir='ltr'><strong>exstinctus</strong></span> <span class='ocrx_word' id='word_1_54' title='bbox 2229 879 2332 924; x_wconf 89' lang='lat' dir='ltr'><strong>est.</strong></span> 
     </span>
    </p>
   </div>
   <div class='ocr_carea' id='block_1_10' title="bbox 769 962 2338 1033">
    <p class='ocr_par' dir='ltr' id='par_1_10' title="bbox 769 962 2338 1033">
     <span class='ocr_line' id='line_1_10' title="bbox 769 962 2338 1033; baseline -0.002 -15"><span class='ocrx_word' id='word_1_55' title='bbox 769 965 1006 1018; x_wconf 71' lang='lat' dir='ltr'><strong>Sedebat</strong></span> <span class='ocrx_word' id='word_1_56' title='bbox 1042 965 1361 1033; x_wconf 85' lang='lat' dir='ltr'><strong>imperator,</strong></span> <span class='ocrx_word' id='word_1_57' title='bbox 1390 971 1721 1031; x_wconf 80' lang='lat' dir='ltr'><strong>exspectans</strong></span> <span class='ocrx_word' id='word_1_58' title='bbox 1759 970 1816 1016; x_wconf 93' lang='lat' dir='ltr'><strong>ut</strong></span> <span class='ocrx_word' id='word_1_59' title='bbox 1863 962 2148 1015; x_wconf 86' lang='lat' dir='ltr'><strong>introitum</strong></span> <span class='ocrx_word' id='word_1_60' title='bbox 2200 979 2338 1016; x_wconf 93' lang='lat' dir='ltr'><strong>nun-</strong></span> 
     </span>
    </p>
   </div>
   <div class='ocr_carea' id='block_1_11' title="bbox 766 1054 2332 1123">
    <p class='ocr_par' dir='ltr' id='par_1_11' title="bbox 766 1054 2332 1123">
     <span class='ocr_line' id='line_1_11' title="bbox 766 1054 2332 1123; baseline -0.003 -12"><span class='ocrx_word' id='word_1_61' title='bbox 766 1057 928 1111; x_wconf 86' lang='lat' dir='ltr'><strong>tiaret</strong></span> <span class='ocrx_word' id='word_1_62' title='bbox 961 1073 973 1108; x_wconf 86' lang='lat'><strong>:</strong></span> <span class='ocrx_word' id='word_1_63' title='bbox 1012 1056 1279 1123; x_wconf 82' lang='lat' dir='ltr'><strong>longoque</strong></span> <span class='ocrx_word' id='word_1_64' title='bbox 1328 1062 1573 1122; x_wconf 85' lang='lat' dir='ltr'><strong>tempore</strong></span> <span class='ocrx_word' id='word_1_65' title='bbox 1619 1054 1936 1120; x_wconf 87' lang='lat' dir='ltr'><strong>interjecto,</strong></span> <span class='ocrx_word' id='word_1_66' title='bbox 1993 1054 2132 1108; x_wconf 89' lang='lat' dir='ltr'><strong>alios</strong></span> <span class='ocrx_word' id='word_1_67' title='bbox 2188 1056 2332 1110; x_wconf 82' lang='lat' dir='ltr'><strong>misit</strong></span> 
     </span>
    </p>
   </div>
   <div class='ocr_carea' id='block_1_12' title="bbox 768 1145 2335 1215">
    <p class='ocr_par' dir='ltr' id='par_1_12' title="bbox 768 1145 2335 1215">
     <span class='ocr_line' id='line_1_12' title="bbox 768 1145 2335 1215; baseline 0.001 -17"><span class='ocrx_word' id='word_1_68' title='bbox 768 1148 859 1215; x_wconf 89' lang='lat' dir='ltr'><strong>qui</strong></span> <span class='ocrx_word' id='word_1_69' title='bbox 896 1146 1268 1199; x_wconf 83' lang='lat' dir='ltr'><strong>cunctationis</strong></span> <span class='ocrx_word' id='word_1_70' title='bbox 1317 1159 1539 1198; x_wconf 80' lang='lat' dir='ltr'><strong>causam</strong></span> <span class='ocrx_word' id='word_1_71' title='bbox 1587 1145 1882 1197; x_wconf 80' lang='lat' dir='ltr'><strong>referrent.</strong></span> <span class='ocrx_word' id='word_1_72' title='bbox 1940 1145 2009 1196; x_wconf 81' lang='lat' dir='ltr'><strong>At.</strong></span> <span class='ocrx_word' id='word_1_73' title='bbox 2059 1145 2132 1196; x_wconf 92' lang='lat' dir='ltr'><strong>illi</strong></span> <span class='ocrx_word' id='word_1_74' title='bbox 2168 1148 2335 1199; x_wconf 92' lang='lat' dir='ltr'><strong>intro-</strong></span> 
     </span>
    </p>
   </div>
   <div class='ocr_carea' id='block_1_13' title="bbox 768 1238 2335 1309">
    <p class='ocr_par' dir='ltr' id='par_1_13' title="bbox 768 1238 2335 1309">
     <span class='ocr_line' id='line_1_13' title="bbox 768 1238 2335 1309; baseline -0.001 -18"><span class='ocrx_word' id='word_1_75' title='bbox 768 1243 940 1309; x_wconf 80' lang='lat' dir='ltr'><strong>gressi</strong></span> <span class='ocrx_word' id='word_1_76' title='bbox 970 1279 984 1299; x_wconf 94' lang='lat'><strong>,</strong></span> <span class='ocrx_word' id='word_1_77' title='bbox 1012 1240 1199 1291; x_wconf 90' lang='lat' dir='ltr'><strong>omnia</strong></span> <span class='ocrx_word' id='word_1_78' title='bbox 1231 1239 1748 1305; x_wconf 77' lang='lat' dir='ltr'><strong>circumspicientes</strong></span> <span class='ocrx_word' id='word_1_79' title='bbox 1772 1276 1786 1298; x_wconf 94' lang='lat'><strong>,</strong></span> <span class='ocrx_word' id='word_1_80' title='bbox 1826 1246 2153 1305; x_wconf 84' lang='lat' dir='ltr'><strong>repererunt</strong></span> <span class='ocrx_word' id='word_1_81' title='bbox 2182 1238 2335 1291; x_wconf 92' lang='lat' dir='ltr'><strong>illum</strong></span> 
     </span>
    </p>
   </div>
   <div class='ocr_carea' id='block_1_14' title="bbox 768 1328 2333 1398">
    <p class='ocr_par' dir='ltr' id='par_1_14' title="bbox 768 1328 2333 1398">
     <span class='ocr_line' id='line_1_14' title="bbox 768 1328 2333 1398; baseline 0 -15"><span class='ocrx_word' id='word_1_82' title='bbox 768 1331 822 1383; x_wconf 89' lang='lat' dir='ltr'><strong>in</strong></span> <span class='ocrx_word' id='word_1_83' title='bbox 860 1330 1102 1385; x_wconf 74' lang='lat' dir='ltr'><strong>fervente</strong></span> <span class='ocrx_word' id='word_1_84' title='bbox 1139 1345 1279 1398; x_wconf 88' lang='lat' dir='ltr'><strong>aqua</strong></span> <span class='ocrx_word' id='word_1_85' title='bbox 1338 1338 1651 1393; x_wconf 87' lang='lat' dir='ltr'><strong>mortuum,</strong></span> <span class='ocrx_word' id='word_1_86' title='bbox 1695 1336 1747 1381; x_wconf 91' lang='lat' dir='ltr'><strong>et</strong></span> <span class='ocrx_word' id='word_1_87' title='bbox 1776 1330 1958 1382; x_wconf 88' lang='lat' dir='ltr'><strong>calore</strong></span> <span class='ocrx_word' id='word_1_88' title='bbox 1981 1328 2333 1383; x_wconf 85' lang='lat' dir='ltr'><strong>dissolutum.</strong></span> 
     </span>
    </p>
   </div>
   <div class='ocr_carea' id='block_1_15' title="bbox 767 1420 2335 1489">
    <p class='ocr_par' dir='ltr' id='par_1_15' title="bbox 767 1420 2335 1489">
     <span class='ocr_line' id='line_1_15' title="bbox 767 1420 2335 1489; baseline -0.002 -14"><span class='ocrx_word' id='word_1_89' title='bbox 767 1420 890 1489; x_wconf 84' lang='lat' dir='ltr'><strong>Quo</strong></span> <span class='ocrx_word' id='word_1_90' title='bbox 921 1423 987 1475; x_wconf 87' lang='lat' dir='ltr'><strong>ad</strong></span> <span class='ocrx_word' id='word_1_91' title='bbox 1038 1424 1428 1488; x_wconf 78' lang='lat' dir='ltr'><strong>imperatorem</strong></span> <span class='ocrx_word' id='word_1_92' title='bbox 1462 1422 1700 1489; x_wconf 85' lang='lat' dir='ltr'><strong>perlato,</strong></span> <span class='ocrx_word' id='word_1_93' title='bbox 1753 1429 2126 1489; x_wconf 81' lang='lat' dir='ltr'><strong>cognoverunt</strong></span> <span class='ocrx_word' id='word_1_94' title='bbox 2174 1436 2335 1487; x_wconf 87' lang='lat' dir='ltr'><strong>quam</strong></span> 
     </span>
    </p>
   </div>
   <div class='ocr_carea' id='block_1_16' title="bbox 769 1511 2336 1580">
    <p class='ocr_par' dir='ltr' id='par_1_16' title="bbox 769 1511 2336 1580">
     <span class='ocr_line' id='line_1_16' title="bbox 769 1511 2336 1580; baseline -0.001 -15"><span class='ocrx_word' id='word_1_95' title='bbox 769 1516 878 1565; x_wconf 87' lang='lat' dir='ltr'><strong>vim</strong></span> <span class='ocrx_word' id='word_1_96' title='bbox 930 1514 1155 1565; x_wconf 89' lang='lat' dir='ltr'><strong>haberet</strong></span> <span class='ocrx_word' id='word_1_97' title='bbox 1212 1513 1510 1580; x_wconf 80' lang='lat' dir='ltr'><strong>Aphraatis</strong></span> <span class='ocrx_word' id='word_1_98' title='bbox 1542 1512 1765 1563; x_wconf 78' lang='lat' dir='ltr'><strong>oratio:</strong></span> <span class='ocrx_word' id='word_1_99' title='bbox 1820 1511 1887 1563; x_wconf 92' lang='lat' dir='ltr'><strong>ab</strong></span> <span class='ocrx_word' id='word_1_100' title='bbox 1942 1511 2122 1578; x_wconf 92' lang='lat' dir='ltr'><strong>impiis</strong></span> <span class='ocrx_word' id='word_1_101' title='bbox 2158 1519 2336 1564; x_wconf 91' lang='lat' dir='ltr'><strong>tamen</strong></span> 
     </span>
    </p>
   </div>
   <div class='ocr_carea' id='block_1_17' title="bbox 768 1601 2338 1673">
    <p class='ocr_par' dir='ltr' id='par_1_17' title="bbox 768 1601 2338 1673">
     <span class='ocr_line' id='line_1_17' title="bbox 768 1601 2338 1673; baseline -0.001 -16"><span class='ocrx_word' id='word_1_102' title='bbox 768 1604 1116 1673; x_wconf 81' lang='lat' dir='ltr'><strong>dogmatibus</strong></span> <span class='ocrx_word' id='word_1_103' title='bbox 1148 1619 1253 1656; x_wconf 94' lang='lat' dir='ltr'><strong>non</strong></span> <span class='ocrx_word' id='word_1_104' title='bbox 1282 1612 1631 1655; x_wconf 89' lang='lat' dir='ltr'><strong>recesserunt</strong></span> <span class='ocrx_word' id='word_1_105' title='bbox 1663 1640 1678 1663; x_wconf 94' lang='lat'><strong>,</strong></span> <span class='ocrx_word' id='word_1_106' title='bbox 1711 1601 1806 1655; x_wconf 82' lang='lat' dir='ltr'><strong>scd</strong></span> <span class='ocrx_word' id='word_1_107' title='bbox 1831 1601 2244 1655; x_wconf 87' lang='lat' dir='ltr'><strong>obduraverunt</strong></span> <span class='ocrx_word' id='word_1_108' title='bbox 2272 1602 2338 1655; x_wconf 89' lang='lat' dir='ltr'><strong>ad</strong></span> 
     </span>
    </p>
   </div>
   <div class='ocr_carea' id='block_1_18' title="bbox 768 1688 2336 1764">
    <p class='ocr_par' dir='ltr' id='par_1_18' title="bbox 768 1688 2336 1764">
     <span class='ocr_line' id='line_1_18' title="bbox 768 1688 2336 1764; baseline -0.001 -16"><span class='ocrx_word' id='word_1_109' title='bbox 768 1697 1078 1764; x_wconf 81' lang='lat' dir='ltr'><strong>exemplum</strong></span> <span class='ocrx_word' id='word_1_110' title='bbox 1122 1688 1431 1746; x_wconf 81' lang='lat' dir='ltr'><strong>Pharaonis</strong></span> <span class='ocrx_word' id='word_1_111' title='bbox 1483 1708 1580 1746; x_wconf 86' lang='lat' dir='ltr'><strong>cor</strong></span> <span class='ocrx_word' id='word_1_112' title='bbox 1612 1709 1809 1757; x_wconf 90' lang='lat' dir='ltr'><strong>suum;</strong></span> <span class='ocrx_word' id='word_1_113' title='bbox 1865 1701 1918 1746; x_wconf 82' lang='lat' dir='ltr'><strong>et</strong></span> <span class='ocrx_word' id='word_1_114' title='bbox 1965 1708 2156 1747; x_wconf 85' lang='lat' dir='ltr'><strong>vecors</strong></span> <span class='ocrx_word' id='word_1_115' title='bbox 2207 1695 2336 1757; x_wconf 89' lang='lat' dir='ltr'><strong>ille,</strong></span> 
     </span>
    </p>
   </div>
   <div class='ocr_carea' id='block_1_19' title="bbox 769 1784 2338 1853">
    <p class='ocr_par' dir='ltr' id='par_1_19' title="bbox 769 1784 2338 1853">
     <span class='ocr_line' id='line_1_19' title="bbox 769 1784 2338 1853; baseline 0.001 -15"><span class='ocrx_word' id='word_1_116' title='bbox 769 1787 959 1838; x_wconf 87' lang='lat' dir='ltr'><strong>audito</strong></span> <span class='ocrx_word' id='word_1_117' title='bbox 985 1786 1165 1839; x_wconf 76' lang='lat' dir='ltr'><strong>sancti</strong></span> <span class='ocrx_word' id='word_1_118' title='bbox 1195 1785 1298 1838; x_wconf 86' lang='lat' dir='ltr'><strong>viri</strong></span> <span class='ocrx_word' id='word_1_119' title='bbox 1328 1785 1597 1838; x_wconf 88' lang='lat' dir='ltr'><strong>miraculo</strong></span> <span class='ocrx_word' id='word_1_120' title='bbox 1618 1825 1633 1849; x_wconf 95' lang='lat'><strong>,</strong></span> <span class='ocrx_word' id='word_1_121' title='bbox 1666 1794 1857 1839; x_wconf 89' lang='lat' dir='ltr'><strong>contra</strong></span> <span class='ocrx_word' id='word_1_122' title='bbox 1882 1785 2138 1853; x_wconf 85' lang='lat' dir='ltr'><strong>pietatem</strong></span> <span class='ocrx_word' id='word_1_123' title='bbox 2160 1784 2338 1839; x_wconf 88' lang='lat' dir='ltr'><strong>furere</strong></span> 
     </span>
    </p>
   </div>
   <div class='ocr_carea' id='block_1_20' title="bbox 769 1878 1161 1946">
    <p class='ocr_par' dir='ltr' id='par_1_20' title="bbox 769 1878 1161 1946">
     <span class='ocr_line' id='line_1_20' title="bbox 769 1878 1161 1946; baseline 0 -17"><span class='ocrx_word' id='word_1_124' title='bbox 769 1878 1161 1946; x_wconf 80' lang='lat' dir='ltr'><strong>perseveravit.</strong></span> 
     </span>
    </p>
   </div>
   <div class='ocr_carea' id='block_1_21' title="bbox 2440 601 4007 673">
    <p class='ocr_par' dir='ltr' id='par_1_21' title="bbox 2440 601 4007 673">
     <span class='ocr_line' id='line_1_21' title="bbox 2440 601 4007 673; baseline 0.001 -21"><span class='ocrx_word' id='word_1_125' title='bbox 2440 601 2767 670; x_wconf 74' lang='grc' dir='ltr'>θρασύτερον</span> <span class='ocrx_word' id='word_1_126' title='bbox 2797 601 2946 673; x_wconf 77' lang='lat' dir='ltr'><strong>[I90]</strong></span> <span class='ocrx_word' id='word_1_127' title='bbox 2977 604 3274 672; x_wconf 82' lang='grc' dir='ltr'>ἀπειλήσας</span> <span class='ocrx_word' id='word_1_128' title='bbox 3294 601 3370 672; x_wconf 85' lang='grc' dir='ltr'>τῷ</span> <span class='ocrx_word' id='word_1_129' title='bbox 3390 601 3517 672; x_wconf 84' lang='grc' dir='ltr'>θείῳ</span> <span class='ocrx_word' id='word_1_130' title='bbox 3546 602 3719 673; x_wconf 82' lang='grc' dir='ltr'>ἀνδρὶ,</span> <span class='ocrx_word' id='word_1_131' title='bbox 3740 602 3942 654; x_wconf 84' lang='grc' dir='ltr'>τοιόνδε</span> <span class='ocrx_word' id='word_1_132' title='bbox 3962 605 4007 634; x_wconf 80' lang='grc'><strong>³⁸</strong></span> 
     </span>
    </p>
   </div>
   <div class='ocr_carea' id='block_1_22' title="bbox 2437 693 4006 764">
    <p class='ocr_par' dir='ltr' id='par_1_22' title="bbox 2437 693 4006 764">
     <span class='ocr_line' id='line_1_22' title="bbox 2437 693 4006 764; baseline 0.002 -21"><span class='ocrx_word' id='word_1_133' title='bbox 2437 710 2490 743; x_wconf 88' lang='grc' dir='ltr'><strong>τι</strong></span> <span class='ocrx_word' id='word_1_134' title='bbox 2523 693 2775 745; x_wconf 80' lang='grc' dir='ltr'>πέπονθε·</span> <span class='ocrx_word' id='word_1_135' title='bbox 2818 693 2922 746; x_wconf 81' lang='grc' dir='ltr'><strong>Τοῦ</strong></span> <span class='ocrx_word' id='word_1_136' title='bbox 2967 694 3247 764; x_wconf 76' lang='grc' dir='ltr'><strong>βαλανείου</strong></span> <span class='ocrx_word' id='word_1_137' title='bbox 3292 694 3716 763; x_wconf 83' lang='grc' dir='ltr'><strong>πεπιστευμένος</strong></span> <span class='ocrx_word' id='word_1_138' title='bbox 3746 694 3845 762; x_wconf 75' lang='grc' dir='ltr'>τὴν</span> <span class='ocrx_word' id='word_1_139' title='bbox 3884 694 4006 746; x_wconf 72' lang='lat' dir='ltr'><strong>tm-</strong></span> 
     </span>
    </p>
   </div>
   <div class='ocr_carea' id='block_1_23' title="bbox 2443 783 4011 854">
    <p class='ocr_par' dir='ltr' id='par_1_23' title="bbox 2443 783 4011 854">
     <span class='ocr_line' id='line_1_23' title="bbox 2443 783 4011 854; baseline 0.001 -20"><span class='ocrx_word' id='word_1_140' title='bbox 2443 783 2677 851; x_wconf 83' lang='grc' dir='ltr'>μέλειαν,</span> <span class='ocrx_word' id='word_1_141' title='bbox 2730 784 2890 847; x_wconf 80' lang='grc' dir='ltr'>εὐθὺς</span> <span class='ocrx_word' id='word_1_142' title='bbox 2932 785 3072 854; x_wconf 84' lang='grc' dir='ltr'>μετὰ</span> <span class='ocrx_word' id='word_1_143' title='bbox 3120 785 3305 838; x_wconf 81' lang='grc' dir='ltr'>τούσδε</span> <span class='ocrx_word' id='word_1_144' title='bbox 3353 786 3478 847; x_wconf 69' lang='grc' dir='ltr'>τοὺς</span> <span class='ocrx_word' id='word_1_145' title='bbox 3509 786 3719 852; x_wconf 81' lang='grc' dir='ltr'><strong>λόγους,</strong></span> <span class='ocrx_word' id='word_1_146' title='bbox 3769 784 4011 854; x_wconf 78' lang='grc' dir='ltr'>κατῆλθε</span> 
     </span>
    </p>
   </div>
   <div class='ocr_carea' id='block_1_24' title="bbox 2437 876 4010 947">
    <p class='ocr_par' dir='ltr' id='par_1_24' title="bbox 2437 876 4010 947">
     <span class='ocr_line' id='line_1_24' title="bbox 2437 876 4010 947; baseline -0.001 -18"><span class='ocrx_word' id='word_1_147' title='bbox 2437 876 2592 929; x_wconf 79' lang='grc' dir='ltr'>τοῦτο</span> <span class='ocrx_word' id='word_1_148' title='bbox 2617 878 2950 946; x_wconf 83' lang='grc' dir='ltr'>εὐτρεπίσων</span> <span class='ocrx_word' id='word_1_149' title='bbox 2969 878 3046 947; x_wconf 81' lang='grc' dir='ltr'>τῷ</span> <span class='ocrx_word' id='word_1_150' title='bbox 3071 876 3277 945; x_wconf 84' lang='grc' dir='ltr'>βασιλεῖ</span> <span class='ocrx_word' id='word_1_151' title='bbox 3301 893 3314 907; x_wconf 92' lang='grc'><strong>·</strong></span> <span class='ocrx_word' id='word_1_152' title='bbox 3346 878 3476 929; x_wconf 76' lang='grc' dir='ltr'>εἴσω</span> <span class='ocrx_word' id='word_1_153' title='bbox 3503 878 3557 930; x_wconf 83' lang='grc' dir='ltr'>δὲ</span> <span class='ocrx_word' id='word_1_154' title='bbox 3581 877 3888 947; x_wconf 80' lang='grc' dir='ltr'>γενόμενος,</span> <span class='ocrx_word' id='word_1_155' title='bbox 3916 877 4010 928; x_wconf 70' lang='grc' dir='ltr'><strong>καί</strong></span> 
     </span>
    </p>
   </div>
   <div class='ocr_carea' id='block_1_25' title="bbox 2437 968 4011 1039">
    <p class='ocr_par' dir='ltr' id='par_1_25' title="bbox 2437 968 4011 1039">
     <span class='ocr_line' id='line_1_25' title="bbox 2437 968 4011 1039; baseline 0 -19"><span class='ocrx_word' id='word_1_156' title='bbox 2437 968 2536 1031; x_wconf 74' lang='grc' dir='ltr'><strong>τὰς</strong></span> <span class='ocrx_word' id='word_1_157' title='bbox 2584 968 2781 1038; x_wconf 84' lang='grc' dir='ltr'>φρένας</span> <span class='ocrx_word' id='word_1_158' title='bbox 2830 969 3084 1039; x_wconf 76' lang='grc' dir='ltr'>πληγεὶς,</span> <span class='ocrx_word' id='word_1_159' title='bbox 3140 971 3218 1030; x_wconf 83' lang='grc' dir='ltr'>εἰς</span> <span class='ocrx_word' id='word_1_160' title='bbox 3269 968 3330 1021; x_wconf 81' lang='grc' dir='ltr'><strong>τὸ</strong></span> <span class='ocrx_word' id='word_1_161' title='bbox 3378 968 3706 1039; x_wconf 89' lang='grc' dir='ltr'>θερμότατον</span> <span class='ocrx_word' id='word_1_162' title='bbox 3754 968 3897 1037; x_wconf 72' lang='grc' dir='ltr'>ὕδωρ</span> <span class='ocrx_word' id='word_1_163' title='bbox 3950 968 4011 1020; x_wconf 76' lang='grc' dir='ltr'><strong>τὸ</strong></span> 
     </span>
    </p>
   </div>
   <div class='ocr_carea' id='block_1_26' title="bbox 2439 1060 4009 1132">
    <p class='ocr_par' dir='ltr' id='par_1_26' title="bbox 2439 1060 4009 1132">
     <span class='ocr_line' id='line_1_26' title="bbox 2439 1060 4009 1132; baseline -0.001 -19"><span class='ocrx_word' id='word_1_164' title='bbox 2439 1060 2675 1132; x_wconf 80' lang='grc' dir='ltr'>ἄκρατον</span> <span class='ocrx_word' id='word_1_165' title='bbox 2706 1061 3037 1131; x_wconf 76' lang='grc' dir='ltr'>κατελήλυθέ</span> <span class='ocrx_word' id='word_1_166' title='bbox 3070 1078 3127 1113; x_wconf 92' lang='grc' dir='ltr'><strong>τε</strong></span> <span class='ocrx_word' id='word_1_167' title='bbox 3162 1062 3254 1114; x_wconf 71' lang='grc' dir='ltr'><strong>καὶ</strong></span> <span class='ocrx_word' id='word_1_168' title='bbox 3284 1061 3687 1132; x_wconf 81' lang='grc' dir='ltr'>τετελεύτηκεν.</span> <span class='ocrx_word' id='word_1_169' title='bbox 3740 1062 4009 1130; x_wconf 77' lang='grc' dir='ltr'>Ἐκάοητο</span> 
     </span>
    </p>
   </div>
   <div class='ocr_carea' id='block_1_27' title="bbox 2437 1151 4009 1223">
    <p class='ocr_par' dir='ltr' id='par_1_27' title="bbox 2437 1151 4009 1223">
     <span class='ocr_line' id='line_1_27' title="bbox 2437 1151 4009 1223; baseline -0.001 -18"><span class='ocrx_word' id='word_1_170' title='bbox 2437 1152 2494 1205; x_wconf 78' lang='grc' dir='ltr'>δὲ</span> <span class='ocrx_word' id='word_1_171' title='bbox 2524 1155 2551 1203; x_wconf 84' lang='grc' dir='ltr'>ὁ</span> <span class='ocrx_word' id='word_1_172' title='bbox 2588 1152 2837 1220; x_wconf 84' lang='grc' dir='ltr'>βασιλεὺς</span> <span class='ocrx_word' id='word_1_173' title='bbox 2870 1154 3073 1205; x_wconf 80' lang='grc' dir='ltr'>ἐκεῖνον</span> <span class='ocrx_word' id='word_1_174' title='bbox 3104 1153 3443 1223; x_wconf 78' lang='grc' dir='ltr'><strong>προσμένων,</strong></span> <span class='ocrx_word' id='word_1_175' title='bbox 3474 1152 3614 1204; x_wconf 82' lang='grc' dir='ltr'>ὥστε</span> <span class='ocrx_word' id='word_1_176' title='bbox 3646 1151 3792 1221; x_wconf 77' lang='grc' dir='ltr'>αὐτῷ</span> <span class='ocrx_word' id='word_1_177' title='bbox 3835 1152 4009 1221; x_wconf 75' lang='grc' dir='ltr'>μηνυ-</span> 
     </span>
    </p>
   </div>
   <div class='ocr_carea' id='block_1_28' title="bbox 2441 1243 4010 1314">
    <p class='ocr_par' dir='ltr' id='par_1_28' title="bbox 2441 1243 4010 1314">
     <span class='ocr_line' id='line_1_28' title="bbox 2441 1243 4010 1314; baseline -0.001 -17"><span class='ocrx_word' id='word_1_178' title='bbox 2441 1261 2531 1297; x_wconf 89' lang='grc' dir='ltr'><strong>σαι</strong></span> <span class='ocrx_word' id='word_1_179' title='bbox 2559 1245 2656 1314; x_wconf 85' lang='grc' dir='ltr'><strong>τὴν</strong></span> <span class='ocrx_word' id='word_1_180' title='bbox 2686 1244 2906 1297; x_wconf 73' lang='grc' dir='ltr'>εἴσοδον.</span> <span class='ocrx_word' id='word_1_181' title='bbox 2953 1245 3164 1313; x_wconf 82' lang='grc' dir='ltr'><strong>Ἐπειδὴ</strong></span> <span class='ocrx_word' id='word_1_182' title='bbox 3212 1243 3268 1297; x_wconf 83' lang='grc' dir='ltr'>δὲ</span> <span class='ocrx_word' id='word_1_183' title='bbox 3305 1244 3467 1306; x_wconf 73' lang='grc' dir='ltr'>πολὺς</span> <span class='ocrx_word' id='word_1_184' title='bbox 3498 1243 3750 1312; x_wconf 83' lang='grc' dir='ltr'><strong>ἀνηλώθη</strong></span> <span class='ocrx_word' id='word_1_185' title='bbox 3795 1244 4010 1314; x_wconf 69' lang='grc' dir='ltr'>καιρὸς,</span> 
     </span>
    </p>
   </div>
   <div class='ocr_carea' id='block_1_29' title="bbox 2439 1334 4013 1404">
    <p class='ocr_par' dir='ltr' id='par_1_29' title="bbox 2439 1334 4013 1404">
     <span class='ocr_line' id='line_1_29' title="bbox 2439 1334 4013 1404; baseline -0.004 -16"><span class='ocrx_word' id='word_1_186' title='bbox 2439 1335 2755 1388; x_wconf 84' lang='grc' dir='ltr'>ἀπέστειλεν</span> <span class='ocrx_word' id='word_1_187' title='bbox 2802 1335 3022 1404; x_wconf 79' lang='grc' dir='ltr'>ἐτέρους</span> <span class='ocrx_word' id='word_1_188' title='bbox 3054 1338 3081 1387; x_wconf 86' lang='grc' dir='ltr'>ὁ</span> <span class='ocrx_word' id='word_1_189' title='bbox 3129 1334 3401 1404; x_wconf 79' lang='grc' dir='ltr'>βασιλεὺς,</span> <span class='ocrx_word' id='word_1_190' title='bbox 3424 1337 3523 1404; x_wconf 86' lang='grc' dir='ltr'><strong>τῆς</strong></span> <span class='ocrx_word' id='word_1_191' title='bbox 3556 1334 3866 1402; x_wconf 75' lang='grc' dir='ltr'>μελλήσεως</span> <span class='ocrx_word' id='word_1_192' title='bbox 3912 1334 4013 1401; x_wconf 76' lang='grc' dir='ltr'><strong>τὴν</strong></span> 
     </span>
    </p>
   </div>
   <div class='ocr_carea' id='block_1_30' title="bbox 2439 1424 4010 1496">
    <p class='ocr_par' dir='ltr' id='par_1_30' title="bbox 2439 1424 4010 1496">
     <span class='ocr_line' id='line_1_30' title="bbox 2439 1424 4010 1496; baseline -0.004 -17"><span class='ocrx_word' id='word_1_193' title='bbox 2439 1427 2616 1479; x_wconf 89' lang='grc' dir='ltr'>αἰτίαν</span> <span class='ocrx_word' id='word_1_194' title='bbox 2653 1425 3005 1496; x_wconf 78' lang='grc' dir='ltr'><strong>μηνύσοντας.</strong></span> <span class='ocrx_word' id='word_1_195' title='bbox 3046 1428 3107 1478; x_wconf 90' lang='grc' dir='ltr'>Οί</span> <span class='ocrx_word' id='word_1_196' title='bbox 3140 1427 3195 1478; x_wconf 82' lang='grc' dir='ltr'><strong>δὲ</strong></span> <span class='ocrx_word' id='word_1_197' title='bbox 3224 1427 3353 1479; x_wconf 77' lang='grc' dir='ltr'>εἵσω</span> <span class='ocrx_word' id='word_1_198' title='bbox 3389 1426 3686 1495; x_wconf 80' lang='grc' dir='ltr'>γενόμενοι,</span> <span class='ocrx_word' id='word_1_199' title='bbox 3714 1426 3807 1477; x_wconf 76' lang='grc' dir='ltr'>καὶ</span> <span class='ocrx_word' id='word_1_200' title='bbox 3830 1424 4010 1476; x_wconf 77' lang='grc' dir='ltr'>πάντα</span> 
     </span>
    </p>
   </div>
   <div class='ocr_carea' id='block_1_31' title="bbox 2441 1510 4011 1587">
    <p class='ocr_par' dir='ltr' id='par_1_31' title="bbox 2441 1510 4011 1587">
     <span class='ocr_line' id='line_1_31' title="bbox 2441 1510 4011 1587; baseline -0.004 -18"><span class='ocrx_word' id='word_1_201' title='bbox 2441 1519 2963 1587; x_wconf 84' lang='grc' dir='ltr'>περισκοπήσαντες,</span> <span class='ocrx_word' id='word_1_202' title='bbox 3004 1510 3160 1585; x_wconf 77' lang='grc' dir='ltr'>εὗρον</span> <span class='ocrx_word' id='word_1_203' title='bbox 3206 1517 3410 1567; x_wconf 76' lang='grc' dir='ltr'>ἐκεῖνον</span> <span class='ocrx_word' id='word_1_204' title='bbox 3445 1517 3502 1567; x_wconf 98' lang='lat' dir='ltr'><strong>tv</strong></span> <span class='ocrx_word' id='word_1_205' title='bbox 3533 1514 3611 1583; x_wconf 81' lang='grc' dir='ltr'>τῷ</span> <span class='ocrx_word' id='word_1_206' title='bbox 3654 1516 3877 1584; x_wconf 72' lang='grc' dir='ltr'>ἀκράτῳ</span> <span class='ocrx_word' id='word_1_207' title='bbox 3918 1529 4011 1564; x_wconf 75' lang='grc' dir='ltr'>τε·</span> 
     </span>
    </p>
   </div>
   <div class='ocr_carea' id='block_1_32' title="bbox 2446 1602 4012 1675">
    <p class='ocr_par' dir='ltr' id='par_1_32' title="bbox 2446 1602 4012 1675">
     <span class='ocr_line' id='line_1_32' title="bbox 2446 1602 4012 1675; baseline -0.004 -16"><span class='ocrx_word' id='word_1_208' title='bbox 2446 1607 2653 1659; x_wconf 84' lang='grc' dir='ltr'>θνεῶτα</span> <span class='ocrx_word' id='word_1_209' title='bbox 2702 1608 2795 1659; x_wconf 70' lang='grc' dir='ltr'>καὶ</span> <span class='ocrx_word' id='word_1_210' title='bbox 2831 1606 3147 1659; x_wconf 85' lang='grc' dir='ltr'>διαλυθέντα</span> <span class='ocrx_word' id='word_1_211' title='bbox 3191 1605 3397 1675; x_wconf 85' lang='grc' dir='ltr'>θερμῷ.</span> <span class='ocrx_word' id='word_1_212' title='bbox 3450 1605 3559 1658; x_wconf 74' lang='grc' dir='ltr'><strong>Καὶ</strong></span> <span class='ocrx_word' id='word_1_213' title='bbox 3605 1605 3764 1673; x_wconf 83' lang='grc' dir='ltr'>δήλου</span> <span class='ocrx_word' id='word_1_214' title='bbox 3816 1602 4012 1655; x_wconf 78' lang='grc' dir='ltr'>τούτου</span> 
     </span>
    </p>
   </div>
   <div class='ocr_carea' id='block_1_33' title="bbox 2438 1695 4015 1766">
    <p class='ocr_par' dir='ltr' id='par_1_33' title="bbox 2438 1695 4015 1766">
     <span class='ocr_line' id='line_1_33' title="bbox 2438 1695 4015 1766; baseline -0.004 -17"><span class='ocrx_word' id='word_1_215' title='bbox 2438 1697 2730 1766; x_wconf 84' lang='grc' dir='ltr'>γενομένου</span> <span class='ocrx_word' id='word_1_216' title='bbox 2760 1696 2837 1765; x_wconf 80' lang='grc' dir='ltr'>τῷ</span> <span class='ocrx_word' id='word_1_217' title='bbox 2859 1696 3084 1765; x_wconf 84' lang='grc' dir='ltr'>βασιλεῖ,</span> <span class='ocrx_word' id='word_1_218' title='bbox 3118 1696 3356 1762; x_wconf 77' lang='grc' dir='ltr'>ἔγνωσαν</span> <span class='ocrx_word' id='word_1_219' title='bbox 3380 1696 3484 1763; x_wconf 86' lang='grc' dir='ltr'>τῆς</span> <span class='ocrx_word' id='word_1_220' title='bbox 3515 1695 3817 1763; x_wconf 71' lang='grc' dir='ltr'>Ἀτρραάτου</span> <span class='ocrx_word' id='word_1_221' title='bbox 3845 1709 4015 1761; x_wconf 73' lang='grc' dir='ltr'>προσ-</span> 
     </span>
    </p>
   </div>
   <div class='ocr_carea' id='block_1_34' title="bbox 2441 1782 4015 1855">
    <p class='ocr_par' dir='ltr' id='par_1_34' title="bbox 2441 1782 4015 1855">
     <span class='ocr_line' id='line_1_34' title="bbox 2441 1782 4015 1855; baseline -0.007 -14"><span class='ocrx_word' id='word_1_222' title='bbox 2441 1789 2606 1855; x_wconf 85' lang='grc' dir='ltr'>ευχῆς</span> <span class='ocrx_word' id='word_1_223' title='bbox 2642 1786 2739 1855; x_wconf 82' lang='grc' dir='ltr'>τὴν</span> <span class='ocrx_word' id='word_1_224' title='bbox 2774 1785 2941 1854; x_wconf 81' lang='grc' dir='ltr'>ἰσχύν.</span> <span class='ocrx_word' id='word_1_225' title='bbox 2975 1786 3095 1837; x_wconf 83' lang='grc' dir='ltr'>Τῶν</span> <span class='ocrx_word' id='word_1_226' title='bbox 3135 1786 3248 1837; x_wconf 83' lang='grc' dir='ltr'>δὲ²²</span> <span class='ocrx_word' id='word_1_227' title='bbox 3280 1786 3565 1853; x_wconf 83' lang='grc' dir='ltr'><strong>δογμάτων</strong></span> <span class='ocrx_word' id='word_1_228' title='bbox 3596 1784 3705 1836; x_wconf 86' lang='grc' dir='ltr'>τῶν</span> <span class='ocrx_word' id='word_1_229' title='bbox 3734 1782 4015 1835; x_wconf 79' lang='grc' dir='ltr'>δυσσεσών</span> 
     </span>
    </p>
   </div>
   <div class='ocr_carea' id='block_1_35' title="bbox 2372 1858 4017 1947">
    <p class='ocr_par' dir='ltr' id='par_1_35' title="bbox 2372 1858 4017 1947">
     <span class='ocr_line' id='line_1_35' title="bbox 2372 1858 4017 1947; baseline -0.004 -18"><span class='ocrx_word' id='word_1_230' title='bbox 2372 1858 2411 1911; x_wconf 75' lang='grc' dir='ltr'>Β</span> <span class='ocrx_word' id='word_1_231' title='bbox 2440 1878 2539 1929; x_wconf 75' lang='grc' dir='ltr'><strong>οὐκ</strong></span> <span class='ocrx_word' id='word_1_232' title='bbox 2580 1877 2896 1946; x_wconf 70' lang='grc' dir='ltr'>ἐξέστησαν,</span> <span class='ocrx_word' id='word_1_233' title='bbox 2945 1876 3057 1929; x_wconf 82' lang='grc' dir='ltr'>ἀλλ’</span> <span class='ocrx_word' id='word_1_234' title='bbox 3088 1876 3425 1947; x_wconf 83' lang='grc' dir='ltr'>ὲσκλήρυναν</span> <span class='ocrx_word' id='word_1_235' title='bbox 3471 1874 3615 1929; x_wconf 73' lang='grc' dir='ltr'>κατὰ</span> <span class='ocrx_word' id='word_1_236' title='bbox 3657 1875 3750 1926; x_wconf 78' lang='grc' dir='ltr'><strong>τὸν</strong></span> <span class='ocrx_word' id='word_1_237' title='bbox 3807 1871 4017 1943; x_wconf 75' lang='grc' dir='ltr'>Φαραὼ</span> 
     </span>
    </p>
   </div>
   <div class='ocr_carea' id='block_1_36' title="bbox 766 1968 4021 2047">
    <p class='ocr_par' dir='ltr' id='par_1_36' title="bbox 766 1968 4021 2047">
     <span class='ocr_line' id='line_1_36' title="bbox 766 1968 4021 2047; baseline -0.002 -23"><span class='ocrx_word' id='word_1_238' title='bbox 766 1972 865 2044; x_wconf 82' lang='grc' dir='ltr'>τὴν</span> <span class='ocrx_word' id='word_1_239' title='bbox 909 1974 1132 2039; x_wconf 84' lang='grc' dir='ltr'>καρδίαν</span> <span class='ocrx_word' id='word_1_240' title='bbox 1166 1973 1365 2040; x_wconf 76' lang='grc' dir='ltr'>αὐτῶν,</span> <span class='ocrx_word' id='word_1_241' title='bbox 1414 1974 1505 2027; x_wconf 76' lang='grc' dir='ltr'><strong>καὶ</strong></span> <span class='ocrx_word' id='word_1_242' title='bbox 1535 1974 1632 2045; x_wconf 75' lang='grc' dir='ltr'>τὴν</span> <span class='ocrx_word' id='word_1_243' title='bbox 1660 1973 1754 2028; x_wconf 72' lang='grc' dir='ltr'>τοῦ</span> <span class='ocrx_word' id='word_1_244' title='bbox 1790 1974 1937 2028; x_wconf 82' lang='grc' dir='ltr'>ὁσίου</span> <span class='ocrx_word' id='word_1_245' title='bbox 1983 1974 2428 2046; x_wconf 85' lang='grc' dir='ltr'>θαυματουργίαν</span> <span class='ocrx_word' id='word_1_246' title='bbox 2504 1975 2691 2045; x_wconf 88' lang='grc' dir='ltr'>μαθὼν</span> <span class='ocrx_word' id='word_1_247' title='bbox 2732 1977 2760 2029; x_wconf 86' lang='grc' dir='ltr'>ὁ</span> <span class='ocrx_word' id='word_1_248' title='bbox 2798 1975 3182 2047; x_wconf 74' lang='grc' dir='ltr'>ὲμϐρόντητος,</span> <span class='ocrx_word' id='word_1_249' title='bbox 3242 1975 3516 2045; x_wconf 87' lang='grc' dir='ltr'>μεμένηκε</span> <span class='ocrx_word' id='word_1_250' title='bbox 3580 1970 3723 2024; x_wconf 84' lang='grc' dir='ltr'>κατὰ</span> <span class='ocrx_word' id='word_1_251' title='bbox 3774 1971 3873 2039; x_wconf 72' lang='grc' dir='ltr'>τῆς</span> <span class='ocrx_word' id='word_1_252' title='bbox 3925 1968 4021 2019; x_wconf 71' lang='grc' dir='ltr'><strong>εὖ·</strong></span> 
     </span>
    </p>
   </div>
   <div class='ocr_carea' id='block_1_37' title="bbox 770 2063 1236 2126">
    <p class='ocr_par' dir='ltr' id='par_1_37' title="bbox 770 2063 1236 2126">
     <span class='ocr_line' id='line_1_37' title="bbox 770 2063 1236 2126; baseline -0.004 -9"><span class='ocrx_word' id='word_1_253' title='bbox 770 2080 826 2118; x_wconf 83' lang='grc' dir='ltr'><strong>σε</strong></span> <span class='ocrx_word' id='word_1_254' title='bbox 835 2063 982 2126; x_wconf 77' lang='grc' dir='ltr'>ϐείας</span> <span class='ocrx_word' id='word_1_255' title='bbox 1014 2063 1236 2116; x_wconf 81' lang='grc' dir='ltr'>λυττῶν.</span> 
     </span>
    </p>
   </div>
   <div class='ocr_carea' id='block_1_38' title="bbox 885 2150 2235 2226">
    <p class='ocr_par' dir='ltr' id='par_1_38' title="bbox 885 2150 2235 2226">
     <span class='ocr_line' id='line_1_38' title="bbox 885 2150 2235 2226; baseline 0.004 -23"><span class='ocrx_word' id='word_1_256' title='bbox 885 2152 1097 2222; x_wconf 69' lang='lat'><strong>1006</strong></span> <span class='ocrx_word' id='word_1_257' title='bbox 1134 2150 1284 2205; x_wconf 79' lang='lat' dir='ltr'><strong>CAP.</strong></span> <span class='ocrx_word' id='word_1_258' title='bbox 1325 2150 1513 2205; x_wconf 76' lang='lat' dir='ltr'><strong>XXIV.</strong></span> <span class='ocrx_word' id='word_1_259' title='bbox 1546 2152 1628 2220; x_wconf 83' lang='grc' dir='ltr'><strong>[Β.</strong></span> <span class='ocrx_word' id='word_1_260' title='bbox 1658 2152 1741 2207; x_wconf 91' lang='lat' dir='ltr'><strong>St.</strong></span> <span class='ocrx_word' id='word_1_261' title='bbox 1776 2154 1838 2207; x_wconf 84' lang='lat' dir='ltr'><strong>V.</strong></span> <span class='ocrx_word' id='word_1_262' title='bbox 1874 2154 1963 2207; x_wconf 73' lang='grc'><strong>27.</strong></span> <span class='ocrx_word' id='word_1_263' title='bbox 1989 2154 2087 2209; x_wconf 86' lang='lat' dir='ltr'><strong>Ch.</strong></span> <span class='ocrx_word' id='word_1_264' title='bbox 2119 2154 2235 2226; x_wconf 67' lang='lat'><strong>25.]</strong></span> 
     </span>
    </p>
   </div>
   <div class='ocr_carea' id='block_1_39' title="bbox 1132 2242 1992 2299">
    <p class='ocr_par' dir='ltr' id='par_1_39' title="bbox 1132 2242 1992 2299">
     <span class='ocr_line' id='line_1_39' title="bbox 1132 2242 1992 2299; baseline 0.005 -4"><span class='ocrx_word' id='word_1_265' title='bbox 1132 2242 1210 2296; x_wconf 80' lang='lat' dir='ltr'><strong>De</strong></span> <span class='ocrx_word' id='word_1_266' title='bbox 1244 2252 1430 2297; x_wconf 74' lang='lat' dir='ltr'><strong>sancto</strong></span> <span class='ocrx_word' id='word_1_267' title='bbox 1457 2243 1682 2298; x_wconf 68' lang='lat' dir='ltr'><strong>Iuliano</strong></span> <span class='ocrx_word' id='word_1_268' title='bbox 1714 2247 1992 2299; x_wconf 77' lang='lat' dir='ltr'><strong>monac/to.</strong></span> 
     </span>
    </p>
   </div>
   <div class='ocr_carea' id='block_1_40' title="bbox 843 2333 2345 2405">
    <p class='ocr_par' dir='ltr' id='par_1_40' title="bbox 843 2333 2345 2405">
     <span class='ocr_line' id='line_1_40' title="bbox 843 2333 2345 2405; baseline 0.003 -18"><span class='ocrx_word' id='word_1_269' title='bbox 843 2333 1044 2388; x_wconf 84' lang='lat' dir='ltr'><strong>Eodem</strong></span> <span class='ocrx_word' id='word_1_270' title='bbox 1071 2349 1202 2388; x_wconf 85' lang='lat' dir='ltr'><strong>vero</strong></span> <span class='ocrx_word' id='word_1_271' title='bbox 1228 2343 1475 2405; x_wconf 89' lang='lat' dir='ltr'><strong>tempore</strong></span> <span class='ocrx_word' id='word_1_272' title='bbox 1496 2338 1731 2391; x_wconf 84' lang='lat' dir='ltr'><strong>celebris</strong></span> <span class='ocrx_word' id='word_1_273' title='bbox 1755 2338 1919 2390; x_wconf 87' lang='lat' dir='ltr'><strong>etiam</strong></span> <span class='ocrx_word' id='word_1_274' title='bbox 1952 2340 2044 2391; x_wconf 92' lang='lat' dir='ltr'><strong>ille</strong></span> <span class='ocrx_word' id='word_1_275' title='bbox 2064 2336 2345 2401; x_wconf 87' lang='lat' dir='ltr'><strong>Julianus,</strong></span> 
     </span>
    </p>
   </div>
   <div class='ocr_carea' id='block_1_41' title="bbox 770 2426 2346 2495">
    <p class='ocr_par' dir='ltr' id='par_1_41' title="bbox 770 2426 2346 2495">
     <span class='ocr_line' id='line_1_41' title="bbox 770 2426 2346 2495; baseline 0 -14"><span class='ocrx_word' id='word_1_276' title='bbox 770 2427 933 2495; x_wconf 80' lang='lat' dir='ltr'><strong>Cujus</strong></span> <span class='ocrx_word' id='word_1_277' title='bbox 957 2435 1116 2479; x_wconf 89' lang='lat' dir='ltr'><strong>antea</strong></span> <span class='ocrx_word' id='word_1_278' title='bbox 1149 2426 1505 2481; x_wconf 87' lang='lat' dir='ltr'><strong>meminimus</strong></span> <span class='ocrx_word' id='word_1_279' title='bbox 1526 2466 1541 2491; x_wconf 95' lang='lat'><strong>,</strong></span> <span class='ocrx_word' id='word_1_280' title='bbox 1575 2428 1766 2479; x_wconf 89' lang='lat' dir='ltr'><strong>relicta</strong></span> <span class='ocrx_word' id='word_1_281' title='bbox 1798 2427 2120 2491; x_wconf 90' lang='lat' dir='ltr'><strong>solitudine,</strong></span> <span class='ocrx_word' id='word_1_282' title='bbox 2149 2429 2346 2481; x_wconf 80' lang='lat' dir='ltr'><strong>Antio-</strong></span> 
     </span>
    </p>
   </div>
   <div class='ocr_carea' id='block_1_42' title="bbox 771 2517 2345 2573">
    <p class='ocr_par' dir='ltr' id='par_1_42' title="bbox 771 2517 2345 2573">
     <span class='ocr_line' id='line_1_42' title="bbox 771 2517 2345 2573; baseline 0.001 -2"><span class='ocrx_word' id='word_1_283' title='bbox 771 2520 949 2571; x_wconf 88' lang='lat' dir='ltr'><strong>chiam</strong></span> <span class='ocrx_word' id='word_1_284' title='bbox 978 2519 1167 2571; x_wconf 88' lang='lat' dir='ltr'><strong>venire</strong></span> <span class='ocrx_word' id='word_1_285' title='bbox 1192 2527 1423 2571; x_wconf 82' lang='lat' dir='ltr'><strong>coactus</strong></span> <span class='ocrx_word' id='word_1_286' title='bbox 1454 2527 1559 2572; x_wconf 87' lang='lat' dir='ltr'><strong>est.</strong></span> <span class='ocrx_word' id='word_1_287' title='bbox 1599 2517 1736 2572; x_wconf 88' lang='lat' dir='ltr'><strong>Nam</strong></span> <span class='ocrx_word' id='word_1_288' title='bbox 1772 2535 1897 2573; x_wconf 91' lang='lat' dir='ltr'><strong>cum</strong></span> <span class='ocrx_word' id='word_1_289' title='bbox 1931 2518 2345 2573; x_wconf 84' lang='lat' dir='ltr'><strong>mendaciorum</strong></span> 
     </span>
    </p>
   </div>
   <div class='ocr_carea' id='block_1_43' title="bbox 772 2609 2343 2679">
    <p class='ocr_par' dir='ltr' id='par_1_43' title="bbox 772 2609 2343 2679">
     <span class='ocr_line' id='line_1_43' title="bbox 772 2609 2343 2679; baseline 0 -17"><span class='ocrx_word' id='word_1_290' title='bbox 772 2610 1017 2671; x_wconf 85' lang='lat' dir='ltr'><strong>alumni,</strong></span> <span class='ocrx_word' id='word_1_291' title='bbox 1051 2609 1523 2677; x_wconf 82' lang='lat' dir='ltr'><strong>texendarumque</strong></span> <span class='ocrx_word' id='word_1_292' title='bbox 1561 2611 1970 2664; x_wconf 88' lang='lat' dir='ltr'><strong>calumniarum</strong></span> <span class='ocrx_word' id='word_1_293' title='bbox 2005 2611 2156 2679; x_wconf 83' lang='lat' dir='ltr'><strong>gravi</strong></span> <span class='ocrx_word' id='word_1_294' title='bbox 2195 2625 2343 2664; x_wconf 83' lang='lat' dir='ltr'><strong>sem-</strong></span> 
     </span>
    </p>
   </div>
   <div class='ocr_carea' id='block_1_44' title="bbox 773 2700 2340 2771">
    <p class='ocr_par' dir='ltr' id='par_1_44' title="bbox 773 2700 2340 2771">
     <span class='ocr_line' id='line_1_44' title="bbox 773 2700 2340 2771; baseline 0 -18"><span class='ocrx_word' id='word_1_295' title='bbox 773 2716 869 2770; x_wconf 83' lang='lat' dir='ltr'><strong>per</strong></span> <span class='ocrx_word' id='word_1_296' title='bbox 891 2700 1171 2765; x_wconf 81' lang='lat' dir='ltr'><strong>artifices,</strong></span> <span class='ocrx_word' id='word_1_297' title='bbox 1205 2701 1440 2754; x_wconf 79' lang='lat' dir='ltr'><strong>Arianos</strong></span> <span class='ocrx_word' id='word_1_298' title='bbox 1475 2701 1631 2765; x_wconf 90' lang='lat' dir='ltr'><strong>dico,</strong></span> <span class='ocrx_word' id='word_1_299' title='bbox 1665 2717 1922 2771; x_wconf 80' lang='lat' dir='ltr'><strong>magnum</strong></span> <span class='ocrx_word' id='word_1_300' title='bbox 1966 2702 2119 2754; x_wconf 92' lang='lat' dir='ltr'><strong>illum</strong></span> <span class='ocrx_word' id='word_1_301' title='bbox 2162 2701 2340 2754; x_wconf 89' lang='lat' dir='ltr'><strong>virum</strong></span> 
     </span>
    </p>
   </div>
   <div class='ocr_carea' id='block_1_45' title="bbox 774 2791 2343 2863">
    <p class='ocr_par' dir='ltr' id='par_1_45' title="bbox 774 2791 2343 2863">
     <span class='ocr_line' id='line_1_45' title="bbox 774 2791 2343 2863; baseline -0.003 -14"><span class='ocrx_word' id='word_1_302' title='bbox 774 2808 998 2849; x_wconf 84' lang='lat' dir='ltr'><strong>suarum</strong></span> <span class='ocrx_word' id='word_1_303' title='bbox 1020 2808 1145 2847; x_wconf 87' lang='lat' dir='ltr'><strong>esse</strong></span> <span class='ocrx_word' id='word_1_304' title='bbox 1165 2792 1404 2863; x_wconf 88' lang='lat' dir='ltr'><strong>partium</strong></span> <span class='ocrx_word' id='word_1_305' title='bbox 1426 2792 1782 2855; x_wconf 73' lang='lat' dir='ltr'><strong>affirmarent,</strong></span> <span class='ocrx_word' id='word_1_306' title='bbox 1798 2794 1997 2847; x_wconf 86' lang='lat' dir='ltr'><strong>misere</strong></span> <span class='ocrx_word' id='word_1_307' title='bbox 2026 2791 2343 2854; x_wconf 85' lang='lat' dir='ltr'><strong>Flavianus,</strong></span> 
     </span>
    </p>
   </div>
   <div class='ocr_carea' id='block_1_46' title="bbox 774 2882 2345 2953">
    <p class='ocr_par' dir='ltr' id='par_1_46' title="bbox 774 2882 2345 2953">
     <span class='ocr_line' id='line_1_46' title="bbox 774 2882 2345 2953; baseline -0.002 -15"><span class='ocrx_word' id='word_1_308' title='bbox 774 2882 1041 2938; x_wconf 75' lang='lat' dir='ltr'><strong>Diodorus</strong></span> <span class='ocrx_word' id='word_1_309' title='bbox 1076 2894 1128 2937; x_wconf 78' lang='lat' dir='ltr'><strong>et</strong></span> <span class='ocrx_word' id='word_1_310' title='bbox 1163 2885 1454 2953; x_wconf 87' lang='lat' dir='ltr'><strong>Aphrates,</strong></span> <span class='ocrx_word' id='word_1_311' title='bbox 1480 2887 1631 2938; x_wconf 88' lang='lat' dir='ltr'><strong>clara</strong></span> <span class='ocrx_word' id='word_1_312' title='bbox 1673 2887 1881 2939; x_wconf 87' lang='lat' dir='ltr'><strong>lumina</strong></span> <span class='ocrx_word' id='word_1_313' title='bbox 1904 2885 2175 2948; x_wconf 82' lang='lat' dir='ltr'><strong>veritatis,</strong></span> <span class='ocrx_word' id='word_1_314' title='bbox 2205 2885 2345 2937; x_wconf 86' lang='lat' dir='ltr'><strong>Aca-</strong></span> 
     </span>
    </p>
   </div>
   <div class='ocr_carea' id='block_1_47' title="bbox 772 2977 2341 3047">
    <p class='ocr_par' dir='ltr' id='par_1_47' title="bbox 772 2977 2341 3047">
     <span class='ocr_line' id='line_1_47' title="bbox 772 2977 2341 3047; baseline 0 -16"><span class='ocrx_word' id='word_1_315' title='bbox 772 2980 916 3031; x_wconf 79' lang='lat' dir='ltr'><strong>cium</strong></span> <span class='ocrx_word' id='word_1_316' title='bbox 936 2986 1221 3032; x_wconf 85' lang='lat' dir='ltr'><strong>strenuum</strong></span> <span class='ocrx_word' id='word_1_317' title='bbox 1244 2980 1465 3033; x_wconf 85' lang='lat' dir='ltr'><strong>virtutis</strong></span> <span class='ocrx_word' id='word_1_318' title='bbox 1481 2981 1767 3044; x_wconf 86' lang='lat' dir='ltr'><strong>athletam,</strong></span> <span class='ocrx_word' id='word_1_319' title='bbox 1787 2980 1878 3047; x_wconf 88' lang='lat' dir='ltr'><strong>qui</strong></span> <span class='ocrx_word' id='word_1_320' title='bbox 1903 2977 2341 3032; x_wconf 81' lang='lat' dir='ltr'><strong>Berrhaeensinm</strong></span> 
     </span>
    </p>
   </div>
   <div class='ocr_carea' id='block_1_48' title="bbox 775 3069 2343 3139">
    <p class='ocr_par' dir='ltr' id='par_1_48' title="bbox 775 3069 2343 3139">
     <span class='ocr_line' id='line_1_48' title="bbox 775 3069 2343 3139; baseline -0.003 -15"><span class='ocrx_word' id='word_1_321' title='bbox 775 3069 1077 3124; x_wconf 76' lang='lat' dir='ltr'><strong>Ecclesium</strong></span> <span class='ocrx_word' id='word_1_322' title='bbox 1096 3070 1368 3139; x_wconf 86' lang='lat' dir='ltr'><strong>sapienter</strong></span> <span class='ocrx_word' id='word_1_323' title='bbox 1395 3080 1585 3137; x_wconf 85' lang='lat' dir='ltr'><strong>postea</strong></span> <span class='ocrx_word' id='word_1_324' title='bbox 1617 3071 1778 3132; x_wconf 78' lang='lat' dir='ltr'><strong>rexit,</strong></span> <span class='ocrx_word' id='word_1_325' title='bbox 1804 3070 1867 3123; x_wconf 89' lang='lat' dir='ltr'><strong>ad</strong></span> <span class='ocrx_word' id='word_1_326' title='bbox 1899 3069 2343 3124; x_wconf 88' lang='lat' dir='ltr'><strong>laudatissimum</strong></span> 
     </span>
    </p>
   </div>
   <div class='ocr_carea' id='block_1_49' title="bbox 775 3161 2345 3225">
    <p class='ocr_par' dir='ltr' id='par_1_49' title="bbox 775 3161 2345 3225">
     <span class='ocr_line' id='line_1_49' title="bbox 775 3161 2345 3225; baseline -0.001 -10"><span class='ocrx_word' id='word_1_327' title='bbox 775 3164 951 3215; x_wconf 80' lang='lat' dir='ltr'><strong>Virmn</strong></span> <span class='ocrx_word' id='word_1_328' title='bbox 980 3161 1166 3225; x_wconf 84' lang='lat' dir='ltr'><strong>illum,</strong></span> <span class='ocrx_word' id='word_1_329' title='bbox 1202 3162 1598 3225; x_wconf 85' lang='lat' dir='ltr'><strong>obsecrantes,</strong></span> <span class='ocrx_word' id='word_1_330' title='bbox 1637 3171 1695 3215; x_wconf 93' lang='lat' dir='ltr'><strong>ut</strong></span> <span class='ocrx_word' id='word_1_331' title='bbox 1731 3170 1810 3214; x_wconf 94' lang='lat' dir='ltr'><strong>tot</strong></span> <span class='ocrx_word' id='word_1_332' title='bbox 1846 3162 2130 3215; x_wconf 89' lang='lat' dir='ltr'><strong>hominum</strong></span> <span class='ocrx_word' id='word_1_333' title='bbox 2176 3161 2345 3213; x_wconf 90' lang='lat' dir='ltr'><strong>millia</strong></span> 
     </span>
    </p>
   </div>
   <div class='ocr_carea' id='block_1_50' title="bbox 3017 2157 3431 2210">
    <p class='ocr_par' dir='ltr' id='par_1_50' title="bbox 3017 2157 3431 2210">
     <span class='ocr_line' id='line_1_50' title="bbox 3017 2157 3431 2210; baseline 0 0"><span class='ocrx_word' id='word_1_334' title='bbox 3017 2157 3265 2210; x_wconf 80' lang='grc' dir='ltr'><strong>ΚΕΦᾹΛ.</strong></span> <span class='ocrx_word' id='word_1_335' title='bbox 3305 2158 3431 2210; x_wconf 81' lang='lat' dir='ltr'><strong>KA&#39;.</strong></span> 
     </span>
    </p>
   </div>
   <div class='ocr_carea' id='block_1_51' title="bbox 2443 2244 4017 2314">
    <p class='ocr_par' dir='ltr' id='par_1_51' title="bbox 2443 2244 4017 2314">
     <span class='ocr_line' id='line_1_51' title="bbox 2443 2244 4017 2314; baseline -0.001 -15"><span class='ocrx_word' id='word_1_336' title='bbox 2443 2246 2518 2301; x_wconf 78' lang='grc' dir='ltr'><strong>Τὰ</strong></span> <span class='ocrx_word' id='word_1_337' title='bbox 2559 2247 2709 2298; x_wconf 85' lang='grc' dir='ltr'>κατὰ</span> <span class='ocrx_word' id='word_1_338' title='bbox 2746 2246 2854 2298; x_wconf 79' lang='grc' dir='ltr'><strong>τὸν</strong></span> <span class='ocrx_word' id='word_1_339' title='bbox 2896 2246 3066 2313; x_wconf 81' lang='grc' dir='ltr'>ἅγιον</span> <span class='ocrx_word' id='word_1_340' title='bbox 3116 2247 3451 2300; x_wconf 72' lang='grc' dir='ltr'>Ἰουλιανόν</span> <span class='ocrx_word' id='word_1_341' title='bbox 3501 2246 3607 2298; x_wconf 74' lang='grc' dir='ltr'><strong>τὸν</strong></span> <span class='ocrx_word' id='word_1_342' title='bbox 3648 2244 3922 2314; x_wconf 78' lang='grc' dir='ltr'>μοναχόν</span> <span class='ocrx_word' id='word_1_343' title='bbox 3948 2246 4017 2297; x_wconf 75' lang='grc'><strong>’³.</strong></span> 
     </span>
    </p>
   </div>
   <div class='ocr_carea' id='block_1_52' title="bbox 2512 2335 4021 2408">
    <p class='ocr_par' dir='ltr' id='par_1_52' title="bbox 2512 2335 4021 2408">
     <span class='ocr_line' id='line_1_52' title="bbox 2512 2335 4021 2408; baseline -0.004 -18"><span class='ocrx_word' id='word_1_344' title='bbox 2512 2337 2665 2390; x_wconf 76' lang='grc' dir='ltr'>Κατὰ</span> <span class='ocrx_word' id='word_1_345' title='bbox 2694 2336 2881 2390; x_wconf 83' lang='grc' dir='ltr'>τοῦτον</span> <span class='ocrx_word' id='word_1_346' title='bbox 2907 2338 2962 2390; x_wconf 82' lang='grc' dir='ltr'><strong>δὲ</strong></span> <span class='ocrx_word' id='word_1_347' title='bbox 2997 2338 3085 2389; x_wconf 76' lang='grc' dir='ltr'><strong>τὸν</strong></span> <span class='ocrx_word' id='word_1_348' title='bbox 3118 2338 3327 2408; x_wconf 75' lang='grc' dir='ltr'>καιρὸν,</span> <span class='ocrx_word' id='word_1_349' title='bbox 3359 2338 3452 2389; x_wconf 70' lang='grc' dir='ltr'><strong>καὶ</strong></span> <span class='ocrx_word' id='word_1_350' title='bbox 3498 2335 3782 2398; x_wconf 71' lang='grc' dir='ltr'>Ἰουλιανὸς</span> <span class='ocrx_word' id='word_1_351' title='bbox 3809 2336 4021 2396; x_wconf 77' lang='grc' dir='ltr'>ἐκεῖνος</span> 
     </span>
    </p>
   </div>
   <div class='ocr_carea' id='block_1_53' title="bbox 2440 2424 4021 2499">
    <p class='ocr_par' dir='ltr' id='par_1_53' title="bbox 2440 2424 4021 2499">
     <span class='ocr_line' id='line_1_53' title="bbox 2440 2424 4021 2499; baseline -0.003 -18"><span class='ocrx_word' id='word_1_352' title='bbox 2440 2432 2468 2481; x_wconf 86' lang='grc' dir='ltr'>ὁ</span> <span class='ocrx_word' id='word_1_353' title='bbox 2513 2430 2906 2499; x_wconf 83' lang='grc' dir='ltr'>πολυύμνητος,</span> <span class='ocrx_word' id='word_1_354' title='bbox 2961 2424 3020 2483; x_wconf 75' lang='grc' dir='ltr'><strong>οὒ</strong></span> <span class='ocrx_word' id='word_1_355' title='bbox 3052 2431 3145 2481; x_wconf 72' lang='grc' dir='ltr'>καὶ</span> <span class='ocrx_word' id='word_1_356' title='bbox 3174 2430 3404 2498; x_wconf 78' lang='grc' dir='ltr'>πρόσθεν</span> <span class='ocrx_word' id='word_1_357' title='bbox 3446 2428 3742 2499; x_wconf 70' lang='grc' dir='ltr'>ἐμνήσθην,</span> <span class='ocrx_word' id='word_1_358' title='bbox 3790 2426 4021 2479; x_wconf 73' lang='grc' dir='ltr'>καταλι-</span> 
     </span>
    </p>
   </div>
   <div class='ocr_carea' id='block_1_54' title="bbox 2444 2519 4022 2592">
    <p class='ocr_par' dir='ltr' id='par_1_54' title="bbox 2444 2519 4022 2592">
     <span class='ocr_line' id='line_1_54' title="bbox 2444 2519 4022 2592; baseline -0.003 -18"><span class='ocrx_word' id='word_1_359' title='bbox 2444 2525 2565 2575; x_wconf 82' lang='grc' dir='ltr'>πεῖν</span> <span class='ocrx_word' id='word_1_360' title='bbox 2595 2522 2693 2590; x_wconf 80' lang='grc' dir='ltr'><strong>μὲν</strong></span> <span class='ocrx_word' id='word_1_361' title='bbox 2715 2520 2811 2591; x_wconf 83' lang='grc' dir='ltr'>τὴν</span> <span class='ocrx_word' id='word_1_362' title='bbox 2839 2521 3064 2591; x_wconf 81' lang='grc' dir='ltr'>ἔρημον,</span> <span class='ocrx_word' id='word_1_363' title='bbox 3094 2523 3171 2583; x_wconf 85' lang='grc' dir='ltr'><strong>εἰς</strong></span> <span class='ocrx_word' id='word_1_364' title='bbox 3192 2521 3246 2573; x_wconf 78' lang='grc' dir='ltr'>δὲ</span> <span class='ocrx_word' id='word_1_365' title='bbox 3274 2522 3370 2592; x_wconf 80' lang='grc' dir='ltr'><strong>τὴν</strong></span> <span class='ocrx_word' id='word_1_366' title='bbox 3400 2521 3727 2588; x_wconf 79' lang='grc' dir='ltr'>’Δντιόχειαν</span> <span class='ocrx_word' id='word_1_367' title='bbox 3756 2519 4022 2571; x_wconf 75' lang='grc' dir='ltr'>εἰσελθεῖν</span> 
     </span>
    </p>
   </div>
   <div class='ocr_carea' id='block_1_55' title="bbox 2444 2610 4023 2683">
    <p class='ocr_par' dir='ltr' id='par_1_55' title="bbox 2444 2610 4023 2683">
     <span class='ocr_line' id='line_1_55' title="bbox 2444 2610 4023 2683; baseline -0.004 -16"><span class='ocrx_word' id='word_1_368' title='bbox 2444 2612 2786 2683; x_wconf 69' lang='grc' dir='ltr'>ἠναγκάσθη.</span> <span class='ocrx_word' id='word_1_369' title='bbox 2840 2612 3055 2683; x_wconf 82' lang='grc' dir='ltr'>Ἐπειδὴ</span> <span class='ocrx_word' id='word_1_370' title='bbox 3104 2613 3211 2682; x_wconf 78' lang='grc' dir='ltr'><strong>γὰρ</strong></span> <span class='ocrx_word' id='word_1_371' title='bbox 3260 2613 3308 2663; x_wconf 89' lang='grc' dir='ltr'>οἱ</span> <span class='ocrx_word' id='word_1_372' title='bbox 3353 2611 3641 2680; x_wconf 69' lang='grc' dir='ltr'>τῷψεύδει</span> <span class='ocrx_word' id='word_1_373' title='bbox 3684 2610 4023 2680; x_wconf 76' lang='grc' dir='ltr'>συντεθραμο</span> 
     </span>
    </p>
   </div>
   <div class='ocr_carea' id='block_1_56' title="bbox 2449 2704 4024 2778">
    <p class='ocr_par' dir='ltr' id='par_1_56' title="bbox 2449 2704 4024 2778">
     <span class='ocr_line' id='line_1_56' title="bbox 2449 2704 4024 2778; baseline -0.004 -18"><span class='ocrx_word' id='word_1_374' title='bbox 2449 2709 2621 2778; x_wconf 86' lang='grc' dir='ltr'>μένοι,</span> <span class='ocrx_word' id='word_1_375' title='bbox 2644 2707 2737 2759; x_wconf 72' lang='grc' dir='ltr'>καὶ</span> <span class='ocrx_word' id='word_1_376' title='bbox 2767 2707 2863 2769; x_wconf 74' lang='grc' dir='ltr'><strong>τὰς</strong></span> <span class='ocrx_word' id='word_1_377' title='bbox 2895 2704 3256 2773; x_wconf 66' lang='grc' dir='ltr'>συκοφαντίας</span> <span class='ocrx_word' id='word_1_378' title='bbox 3283 2704 3425 2773; x_wconf 75' lang='grc' dir='ltr'>μάλα</span> <span class='ocrx_word' id='word_1_379' title='bbox 3459 2704 3655 2773; x_wconf 70' lang='grc' dir='ltr'>ῥᾳδίως</span> <span class='ocrx_word' id='word_1_380' title='bbox 3681 2704 4024 2769; x_wconf 76' lang='grc' dir='ltr'>ὑφαίνοντες,</span> 
     </span>
    </p>
   </div>
   <div class='ocr_carea' id='block_1_57' title="bbox 2446 2794 4026 2867">
    <p class='ocr_par' dir='ltr' id='par_1_57' title="bbox 2446 2794 4026 2867">
     <span class='ocr_line' id='line_1_57' title="bbox 2446 2794 4026 2867; baseline -0.005 -15"><span class='ocrx_word' id='word_1_381' title='bbox 2446 2801 2493 2851; x_wconf 82' lang='grc' dir='ltr'>οἱ</span> <span class='ocrx_word' id='word_1_382' title='bbox 2523 2800 2591 2852; x_wconf 78' lang='grc' dir='ltr'>τὰ</span> <span class='ocrx_word' id='word_1_383' title='bbox 2645 2799 2851 2867; x_wconf 83' lang='grc' dir='ltr'>Ἀρείου</span> <span class='ocrx_word' id='word_1_384' title='bbox 2898 2799 3042 2865; x_wconf 76' lang='grc' dir='ltr'>λέγω</span> <span class='ocrx_word' id='word_1_385' title='bbox 3087 2796 3404 2866; x_wconf 76' lang='grc' dir='ltr'>φρονοῦντες</span> <span class='ocrx_word' id='word_1_386' title='bbox 3423 2798 3491 2859; x_wconf 70' lang='grc'><strong>³⁸,</strong></span> <span class='ocrx_word' id='word_1_387' title='bbox 3533 2795 3622 2846; x_wconf 72' lang='grc' dir='ltr'><strong>τὸν</strong></span> <span class='ocrx_word' id='word_1_388' title='bbox 3653 2795 3823 2862; x_wconf 81' lang='grc' dir='ltr'>μέγαν</span> <span class='ocrx_word' id='word_1_389' title='bbox 3852 2794 4026 2862; x_wconf 76' lang='grc' dir='ltr'>ἄνδρα</span> 
     </span>
    </p>
   </div>
   <div class='ocr_carea' id='block_1_58' title="bbox 2446 2881 4026 2960">
    <p class='ocr_par' dir='ltr' id='par_1_58' title="bbox 2446 2881 4026 2960">
     <span class='ocr_line' id='line_1_58' title="bbox 2446 2881 4026 2960; baseline -0.005 -16"><span class='ocrx_word' id='word_1_390' title='bbox 2446 2893 2651 2945; x_wconf 77' lang='grc' dir='ltr'>ἐκεῖνον</span> <span class='ocrx_word' id='word_1_391' title='bbox 2693 2892 3084 2960; x_wconf 74' lang='grc' dir='ltr'>διισχυρίζοντο</span> <span class='ocrx_word' id='word_1_392' title='bbox 3133 2891 3229 2953; x_wconf 72' lang='grc' dir='ltr'>τῆς</span> <span class='ocrx_word' id='word_1_393' title='bbox 3275 2888 3451 2941; x_wconf 80' lang='grc' dir='ltr'>αὐτῶν</span> <span class='ocrx_word' id='word_1_394' title='bbox 3502 2881 3639 2939; x_wconf 77' lang='grc' dir='ltr'>εἶναι</span> <span class='ocrx_word' id='word_1_395' title='bbox 3689 2886 4026 2955; x_wconf 62' lang='grc' dir='ltr'>συμμορίας,</span> 
     </span>
    </p>
   </div>
   <div class='ocr_carea' id='block_1_59' title="bbox 2448 2977 4028 3050">
    <p class='ocr_par' dir='ltr' id='par_1_59' title="bbox 2448 2977 4028 3050">
     <span class='ocr_line' id='line_1_59' title="bbox 2448 2977 4028 3050; baseline -0.006 -14"><span class='ocrx_word' id='word_1_396' title='bbox 2448 2982 2772 3036; x_wconf 80' lang='grc' dir='ltr'>ἀπέστειλαν</span> <span class='ocrx_word' id='word_1_397' title='bbox 2796 2983 2845 3035; x_wconf 87' lang='grc' dir='ltr'><strong>οί</strong></span> <span class='ocrx_word' id='word_1_398' title='bbox 2874 2982 2972 3049; x_wconf 79' lang='grc' dir='ltr'><strong>τῆς</strong></span> <span class='ocrx_word' id='word_1_399' title='bbox 3005 2981 3258 3050; x_wconf 74' lang='grc' dir='ltr'>ἀληθείας</span> <span class='ocrx_word' id='word_1_400' title='bbox 3276 2983 3320 3012; x_wconf 76' lang='grc'><strong>’⁵</strong></span> <span class='ocrx_word' id='word_1_401' title='bbox 3348 2979 3661 3048; x_wconf 71' lang='grc' dir='ltr'>φωστῆρες,</span> <span class='ocrx_word' id='word_1_402' title='bbox 3702 2977 4028 3039; x_wconf 63' lang='grc' dir='ltr'>Φλαϐιανὶς,</span> 
     </span>
    </p>
   </div>
   <div class='ocr_carea' id='block_1_60' title="bbox 2453 3068 4030 3145">
    <p class='ocr_par' dir='ltr' id='par_1_60' title="bbox 2453 3068 4030 3145">
     <span class='ocr_line' id='line_1_60' title="bbox 2453 3068 4030 3145; baseline -0.007 -18"><span class='ocrx_word' id='word_1_403' title='bbox 2453 3076 2547 3127; x_wconf 68' lang='grc' dir='ltr'>καὶ</span> <span class='ocrx_word' id='word_1_404' title='bbox 2580 3075 2858 3145; x_wconf 82' lang='grc' dir='ltr'>Διόδωρος,</span> <span class='ocrx_word' id='word_1_405' title='bbox 2908 3074 3001 3126; x_wconf 80' lang='grc' dir='ltr'><strong>καὶ</strong></span> <span class='ocrx_word' id='word_1_406' title='bbox 3046 3073 3374 3142; x_wconf 76' lang='grc' dir='ltr'>Ἀφραάτης,</span> <span class='ocrx_word' id='word_1_407' title='bbox 3407 3071 3573 3141; x_wconf 79' lang='grc' dir='ltr'>ἄνδρα</span> <span class='ocrx_word' id='word_1_408' title='bbox 3618 3068 3817 3138; x_wconf 79' lang='grc' dir='ltr'>ἀρετῆς</span> <span class='ocrx_word' id='word_1_409' title='bbox 3854 3068 4030 3137; x_wconf 83' lang='grc' dir='ltr'>ἀθλη-</span> 
     </span>
    </p>
   </div>
   <div class='ocr_carea' id='block_1_61' title="bbox 2450 3159 4033 3236">
    <p class='ocr_par' dir='ltr' id='par_1_61' title="bbox 2450 3159 4033 3236">
     <span class='ocr_line' id='line_1_61' title="bbox 2450 3159 4033 3236; baseline -0.006 -18"><span class='ocrx_word' id='word_1_410' title='bbox 2450 3167 2568 3236; x_wconf 82' lang='grc' dir='ltr'>τὴν,</span> <span class='ocrx_word' id='word_1_411' title='bbox 2612 3167 2859 3217; x_wconf 81' lang='grc' dir='ltr'>Ἀκάκιόν</span> <span class='ocrx_word' id='word_1_412' title='bbox 2892 3182 3053 3234; x_wconf 78' lang='grc' dir='ltr'>φημι,</span> <span class='ocrx_word' id='word_1_413' title='bbox 3085 3166 3176 3217; x_wconf 81' lang='grc' dir='ltr'><strong>τὸν</strong></span> <span class='ocrx_word' id='word_1_414' title='bbox 3205 3165 3379 3233; x_wconf 77' lang='grc' dir='ltr'>χρόνῳ</span> <span class='ocrx_word' id='word_1_415' title='bbox 3412 3162 3634 3230; x_wconf 81' lang='grc' dir='ltr'>ὕστερον</span> <span class='ocrx_word' id='word_1_416' title='bbox 3668 3161 3811 3230; x_wconf 79' lang='grc' dir='ltr'>μάλα</span> <span class='ocrx_word' id='word_1_417' title='bbox 3846 3159 4033 3226; x_wconf 62' lang='grc' dir='ltr'>σοφῶς</span> 
     </span>
    </p>
   </div>
   <div class='ocr_carea' id='block_1_62' title="bbox 775 3251 2441 3327">
    <p class='ocr_par' dir='ltr' id='par_1_62' title="bbox 775 3253 2417 3321">
     <span class='ocr_line' id='line_1_62' title="bbox 775 3253 2417 3321; baseline 0.001 -16"><span class='ocrx_word' id='word_1_418' title='bbox 775 3253 1052 3314; x_wconf 82' lang='lat' dir='ltr'><strong>miserari,</strong></span> <span class='ocrx_word' id='word_1_419' title='bbox 1080 3262 1130 3305; x_wconf 85' lang='lat' dir='ltr'><strong>et</strong></span> <span class='ocrx_word' id='word_1_420' title='bbox 1154 3254 1608 3307; x_wconf 87' lang='lat' dir='ltr'><strong>adversariorum</strong></span> <span class='ocrx_word' id='word_1_421' title='bbox 1643 3254 1938 3308; x_wconf 77' lang='lat' dir='ltr'><strong>falsitatem</strong></span> <span class='ocrx_word' id='word_1_422' title='bbox 1963 3253 2229 3315; x_wconf 86' lang='lat' dir='ltr'><strong>refutare,</strong></span> <span class='ocrx_word' id='word_1_423' title='bbox 2256 3268 2347 3306; x_wconf 91' lang='lat' dir='ltr'><strong>ve-</strong></span> <span class='ocrx_word' id='word_1_424' title='bbox 2375 3265 2417 3321; x_wconf 74' lang='grc' dir='ltr'>ο</span> 
     </span>
    </p>
   </div>
   <div class='ocr_carea' id='block_1_63' title="bbox 2366 3251 4032 3327">
    <p class='ocr_par' dir='ltr' id='par_1_63' title="bbox 2375 3251 4032 3327">
     <span class='ocr_line' id='line_1_63' title="bbox 2375 3251 4032 3327; baseline -0.004 -18"><span class='ocrx_word' id='word_1_425' title='bbox 2375 3265 2417 3321; x_wconf 87' lang='lat' dir='ltr'><strong>C</strong></span> <span class='ocrx_word' id='word_1_426' title='bbox 2450 3259 2548 3327; x_wconf 81' lang='grc' dir='ltr'><strong>τὴν</strong></span> <span class='ocrx_word' id='word_1_427' title='bbox 2603 3257 2865 3326; x_wconf 86' lang='grc' dir='ltr'>Βεροιέων</span> <span class='ocrx_word' id='word_1_428' title='bbox 2891 3259 2936 3287; x_wconf 76' lang='grc'><strong>’⁸</strong></span> <span class='ocrx_word' id='word_1_429' title='bbox 2996 3257 3322 3324; x_wconf 81' lang='grc' dir='ltr'>Ἐκκλησίαν</span> <span class='ocrx_word' id='word_1_430' title='bbox 3392 3254 3683 3318; x_wconf 84' lang='grc' dir='ltr'>ἰθύναντα,</span> <span class='ocrx_word' id='word_1_431' title='bbox 3739 3251 3881 3321; x_wconf 75' lang='grc' dir='ltr'>πρὸς</span> <span class='ocrx_word' id='word_1_432' title='bbox 3936 3252 4032 3302; x_wconf 78' lang='grc' dir='ltr'><strong>τὸν</strong></span> 
     </span>
    </p>
   </div>
   <div class='ocr_carea' id='block_1_64' title="bbox 774 3345 2347 3417">
    <p class='ocr_par' dir='ltr' id='par_1_64' title="bbox 774 3345 2347 3417">
     <span class='ocr_line' id='line_1_64' title="bbox 774 3345 2347 3417; baseline -0.002 -18"><span class='ocrx_word' id='word_1_433' title='bbox 774 3345 1067 3417; x_wconf 75' lang='lat' dir='ltr'><strong>ritatisque</strong></span> <span class='ocrx_word' id='word_1_434' title='bbox 1122 3346 1570 3412; x_wconf 67' lang='lat' dir='ltr'><strong>praedicationem</strong></span> <span class='ocrx_word' id='word_1_435' title='bbox 1622 3346 1950 3400; x_wconf 79' lang='lat' dir='ltr'><strong>confirmare</strong></span> <span class='ocrx_word' id='word_1_436' title='bbox 1997 3346 2180 3398; x_wconf 84' lang='lat' dir='ltr'><strong>vellet.</strong></span> <span class='ocrx_word' id='word_1_437' title='bbox 2216 3347 2347 3409; x_wconf 67' lang='lat' dir='ltr'><strong>Quae</strong></span> 
     </span>
    </p>
   </div>
   <div class='ocr_carea' id='block_1_65' title="bbox 774 3436 2347 3510">
    <p class='ocr_par' dir='ltr' id='par_1_65' title="bbox 774 3436 2347 3510">
     <span class='ocr_line' id='line_1_65' title="bbox 774 3436 2347 3510; baseline -0.003 -19"><span class='ocrx_word' id='word_1_438' title='bbox 774 3452 942 3510; x_wconf 84' lang='lat' dir='ltr'><strong>porro</strong></span> <span class='ocrx_word' id='word_1_439' title='bbox 970 3439 1234 3501; x_wconf 90' lang='lat' dir='ltr'><strong>veniens,</strong></span> <span class='ocrx_word' id='word_1_440' title='bbox 1272 3437 1639 3504; x_wconf 76' lang='lat' dir='ltr'><strong>rediensque,</strong></span> <span class='ocrx_word' id='word_1_441' title='bbox 1674 3445 1842 3505; x_wconf 90' lang='lat' dir='ltr'><strong>atque</strong></span> <span class='ocrx_word' id='word_1_442' title='bbox 1877 3438 1929 3491; x_wconf 93' lang='lat' dir='ltr'><strong>in</strong></span> <span class='ocrx_word' id='word_1_443' title='bbox 1968 3437 2082 3505; x_wconf 87' lang='lat' dir='ltr'><strong>ipsa</strong></span> <span class='ocrx_word' id='word_1_444' title='bbox 2112 3436 2347 3488; x_wconf 73' lang='lat' dir='ltr'><strong>maxima</strong></span> 
     </span>
    </p>
   </div>
   <div class='ocr_carea' id='block_1_66' title="bbox 775 3527 2348 3590">
    <p class='ocr_par' dir='ltr' id='par_1_66' title="bbox 775 3527 2348 3590">
     <span class='ocr_line' id='line_1_66' title="bbox 775 3527 2348 3590; baseline -0.002 -8"><span class='ocrx_word' id='word_1_445' title='bbox 775 3528 913 3583; x_wconf 87' lang='lat' dir='ltr'><strong>urbe</strong></span> <span class='ocrx_word' id='word_1_446' title='bbox 943 3529 1205 3581; x_wconf 87' lang='lat' dir='ltr'><strong>miracula</strong></span> <span class='ocrx_word' id='word_1_447' title='bbox 1238 3527 1449 3590; x_wconf 82' lang='lat' dir='ltr'><strong>edidit,</strong></span> <span class='ocrx_word' id='word_1_448' title='bbox 1496 3527 1552 3581; x_wconf 89' lang='lat' dir='ltr'><strong>in</strong></span> <span class='ocrx_word' id='word_1_449' title='bbox 1586 3527 1861 3581; x_wconf 78' lang='lat' dir='ltr'><strong>Pliilotheo</strong></span> <span class='ocrx_word' id='word_1_450' title='bbox 1901 3528 2132 3581; x_wconf 90' lang='lat' dir='ltr'><strong>historia</strong></span> <span class='ocrx_word' id='word_1_451' title='bbox 2165 3536 2348 3580; x_wconf 81' lang='lat' dir='ltr'><strong>nostra</strong></span> 
     </span>
    </p>
   </div>
   <div class='ocr_carea' id='block_1_67' title="bbox 776 3618 2349 3690">
    <p class='ocr_par' dir='ltr' id='par_1_67' title="bbox 776 3618 2349 3690">
     <span class='ocr_line' id='line_1_67' title="bbox 776 3618 2349 3690; baseline -0.001 -16"><span class='ocrx_word' id='word_1_452' title='bbox 776 3620 1087 3690; x_wconf 88' lang='lat' dir='ltr'><strong>perscripta</strong></span> <span class='ocrx_word' id='word_1_453' title='bbox 1141 3628 1306 3682; x_wconf 89' lang='lat' dir='ltr'><strong>sunt,</strong></span> <span class='ocrx_word' id='word_1_454' title='bbox 1355 3634 1517 3689; x_wconf 87' lang='lat' dir='ltr'><strong>quam</strong></span> <span class='ocrx_word' id='word_1_455' title='bbox 1569 3620 1724 3673; x_wconf 87' lang='lat' dir='ltr'><strong>adire</strong></span> <span class='ocrx_word' id='word_1_456' title='bbox 1768 3619 1835 3674; x_wconf 89' lang='lat' dir='ltr'><strong>iis</strong></span> <span class='ocrx_word' id='word_1_457' title='bbox 1891 3620 2056 3684; x_wconf 87' lang='lat' dir='ltr'><strong>licet,</strong></span> <span class='ocrx_word' id='word_1_458' title='bbox 2096 3619 2188 3688; x_wconf 88' lang='lat' dir='ltr'><strong>qui</strong></span> <span class='ocrx_word' id='word_1_459' title='bbox 2237 3618 2349 3672; x_wconf 83' lang='lat' dir='ltr'><strong>haec</strong></span> 
     </span>
    </p>
   </div>
   <div class='ocr_carea' id='block_1_68' title="bbox 777 3709 2349 3781">
    <p class='ocr_par' dir='ltr' id='par_1_68' title="bbox 777 3709 2349 3781">
     <span class='ocr_line' id='line_1_68' title="bbox 777 3709 2349 3781; baseline -0.002 -16"><span class='ocrx_word' id='word_1_460' title='bbox 777 3711 968 3765; x_wconf 91' lang='lat' dir='ltr'><strong>volunt</strong></span> <span class='ocrx_word' id='word_1_461' title='bbox 992 3726 1347 3779; x_wconf 82' lang='lat' dir='ltr'><strong>cognoscere.</strong></span> <span class='ocrx_word' id='word_1_462' title='bbox 1394 3709 1551 3776; x_wconf 83' lang='lat' dir='ltr'><strong>Quod</strong></span> <span class='ocrx_word' id='word_1_463' title='bbox 1584 3726 1712 3766; x_wconf 89' lang='lat' dir='ltr'><strong>vero</strong></span> <span class='ocrx_word' id='word_1_464' title='bbox 1743 3711 2005 3781; x_wconf 90' lang='lat' dir='ltr'><strong>populum</strong></span> <span class='ocrx_word' id='word_1_465' title='bbox 2032 3711 2188 3766; x_wconf 87' lang='lat' dir='ltr'><strong>urbis</strong></span> <span class='ocrx_word' id='word_1_466' title='bbox 2224 3711 2349 3763; x_wconf 88' lang='lat' dir='ltr'><strong>uni-</strong></span> 
     </span>
    </p>
   </div>
   <div class='ocr_carea' id='block_1_69' title="bbox 776 3801 2341 3878">
    <p class='ocr_par' dir='ltr' id='par_1_69' title="bbox 776 3801 2341 3878">
     <span class='ocr_line' id='line_1_69' title="bbox 776 3801 2341 3878; baseline -0.001 -23"><span class='ocrx_word' id='word_1_467' title='bbox 776 3817 996 3857; x_wconf 89' lang='lat' dir='ltr'><strong>versum</strong></span> <span class='ocrx_word' id='word_1_468' title='bbox 1032 3801 1102 3856; x_wconf 85' lang='lat' dir='ltr'><strong>ad</strong></span> <span class='ocrx_word' id='word_1_469' title='bbox 1148 3810 1459 3858; x_wconf 90' lang='lat' dir='ltr'><strong>conventus</strong></span> <span class='ocrx_word' id='word_1_470' title='bbox 1496 3810 1720 3857; x_wconf 87' lang='lat' dir='ltr'><strong>nostros</strong></span> <span class='ocrx_word' id='word_1_471' title='bbox 1752 3804 2089 3878; x_wconf 76' lang='lat' dir='ltr'><strong>aggregarit,</strong></span> <span class='ocrx_word' id='word_1_472' title='bbox 2122 3802 2341 3855; x_wconf 81' lang='lat' dir='ltr'><strong>dubita-</strong></span> 
     </span>
    </p>
   </div>
   <div class='ocr_carea' id='block_1_70' title="bbox 777 3894 2352 3965">
    <p class='ocr_par' dir='ltr' id='par_1_70' title="bbox 777 3894 2352 3965">
     <span class='ocr_line' id='line_1_70' title="bbox 777 3894 2352 3965; baseline -0.001 -19"><span class='ocrx_word' id='word_1_473' title='bbox 777 3901 962 3948; x_wconf 87' lang='lat' dir='ltr'><strong>turum</strong></span> <span class='ocrx_word' id='word_1_474' title='bbox 1026 3901 1162 3963; x_wconf 88' lang='lat' dir='ltr'><strong>puto</strong></span> <span class='ocrx_word' id='word_1_475' title='bbox 1220 3894 1540 3958; x_wconf 89' lang='lat' dir='ltr'><strong>neminem,</strong></span> <span class='ocrx_word' id='word_1_476' title='bbox 1598 3895 1694 3965; x_wconf 93' lang='lat' dir='ltr'><strong>qui</strong></span> <span class='ocrx_word' id='word_1_477' title='bbox 1748 3895 2043 3948; x_wconf 87' lang='lat' dir='ltr'><strong>humanam</strong></span> <span class='ocrx_word' id='word_1_478' title='bbox 2097 3904 2352 3947; x_wconf 89' lang='lat' dir='ltr'><strong>naturam</strong></span> 
     </span>
    </p>
   </div>
   <div class='ocr_carea' id='block_1_71' title="bbox 779 3984 2352 4041">
    <p class='ocr_par' dir='ltr' id='par_1_71' title="bbox 779 3984 2352 4041">
     <span class='ocr_line' id='line_1_71' title="bbox 779 3984 2352 4041; baseline 0 -3"><span class='ocrx_word' id='word_1_479' title='bbox 779 3985 1175 4040; x_wconf 85' lang='lat' dir='ltr'><strong>considerarit.</strong></span> <span class='ocrx_word' id='word_1_480' title='bbox 1208 3984 1403 4041; x_wconf 88' lang='lat' dir='ltr'><strong>Solent</strong></span> <span class='ocrx_word' id='word_1_481' title='bbox 1427 3986 1575 4041; x_wconf 82' lang='lat' dir='ltr'><strong>enim</strong></span> <span class='ocrx_word' id='word_1_482' title='bbox 1608 4002 1699 4041; x_wconf 91' lang='lat' dir='ltr'><strong>res</strong></span> <span class='ocrx_word' id='word_1_483' title='bbox 1738 3987 2024 4041; x_wconf 70' lang='lat' dir='ltr'><strong>inusitatae</strong></span> <span class='ocrx_word' id='word_1_484' title='bbox 2062 4000 2256 4039; x_wconf 88' lang='lat' dir='ltr'><strong>omnes</strong></span> <span class='ocrx_word' id='word_1_485' title='bbox 2284 3985 2352 4038; x_wconf 84' lang='lat' dir='ltr'><strong>ad</strong></span> 
     </span>
    </p>
   </div>
   <div class='ocr_carea' id='block_1_72' title="bbox 779 4077 2351 4149">
    <p class='ocr_par' dir='ltr' id='par_1_72' title="bbox 779 4077 2351 4149">
     <span class='ocr_line' id='line_1_72' title="bbox 779 4077 2351 4149; baseline -0.001 -18"><span class='ocrx_word' id='word_1_486' title='bbox 779 4091 841 4131; x_wconf 76' lang='lat' dir='ltr'><strong>se</strong></span> <span class='ocrx_word' id='word_1_487' title='bbox 880 4084 940 4130; x_wconf 92' lang='lat' dir='ltr'><strong>ut</strong></span> <span class='ocrx_word' id='word_1_488' title='bbox 967 4077 1266 4146; x_wconf 90' lang='lat' dir='ltr'><strong>plurimum</strong></span> <span class='ocrx_word' id='word_1_489' title='bbox 1310 4078 1672 4147; x_wconf 87' lang='lat' dir='ltr'><strong>pertrahere:</strong></span> <span class='ocrx_word' id='word_1_490' title='bbox 1715 4078 2120 4149; x_wconf 75' lang='lat' dir='ltr'><strong>magnitudinis</strong></span> <span class='ocrx_word' id='word_1_491' title='bbox 2164 4084 2351 4133; x_wconf 83' lang='lat' dir='ltr'><strong>autem</strong></span> 
     </span>
    </p>
   </div>
   <div class='ocr_carea' id='block_1_73' title="bbox 782 4167 2355 4237">
    <p class='ocr_par' dir='ltr' id='par_1_73' title="bbox 782 4167 2355 4237">
     <span class='ocr_line' id='line_1_73' title="bbox 782 4167 2355 4237; baseline -0.001 -14"><span class='ocrx_word' id='word_1_492' title='bbox 782 4168 1177 4223; x_wconf 87' lang='lat' dir='ltr'><strong>miraculorum</strong></span> <span class='ocrx_word' id='word_1_493' title='bbox 1207 4167 1330 4237; x_wconf 89' lang='lat' dir='ltr'><strong>ejus</strong></span> <span class='ocrx_word' id='word_1_494' title='bbox 1358 4176 1527 4224; x_wconf 91' lang='lat' dir='ltr'><strong>testes</strong></span> <span class='ocrx_word' id='word_1_495' title='bbox 1556 4178 1687 4224; x_wconf 89' lang='lat' dir='ltr'><strong>sunt</strong></span> <span class='ocrx_word' id='word_1_496' title='bbox 1716 4170 1883 4225; x_wconf 88' lang='lat' dir='ltr'><strong>etiam</strong></span> <span class='ocrx_word' id='word_1_497' title='bbox 1917 4170 2103 4225; x_wconf 83' lang='lat' dir='ltr'><strong>hostes</strong></span> <span class='ocrx_word' id='word_1_498' title='bbox 2146 4170 2355 4222; x_wconf 90' lang='lat' dir='ltr'><strong>verita-</strong></span> 
     </span>
    </p>
   </div>
   <div class='ocr_carea' id='block_1_74' title="bbox 784 4259 2354 4330">
    <p class='ocr_par' dir='ltr' id='par_1_74' title="bbox 784 4259 2354 4330">
     <span class='ocr_line' id='line_1_74' title="bbox 784 4259 2354 4330; baseline 0.001 -17"><span class='ocrx_word' id='word_1_499' title='bbox 784 4259 875 4313; x_wconf 86' lang='lat' dir='ltr'><strong>tis.</strong></span> <span class='ocrx_word' id='word_1_500' title='bbox 906 4260 1054 4312; x_wconf 87' lang='lat' dir='ltr'><strong>ldem</strong></span> <span class='ocrx_word' id='word_1_501' title='bbox 1096 4274 1228 4313; x_wconf 91' lang='lat' dir='ltr'><strong>vero</strong></span> <span class='ocrx_word' id='word_1_502' title='bbox 1260 4260 1438 4329; x_wconf 89' lang='lat' dir='ltr'><strong>ipsum</strong></span> <span class='ocrx_word' id='word_1_503' title='bbox 1458 4261 1572 4329; x_wconf 88' lang='lat' dir='ltr'><strong>jam</strong></span> <span class='ocrx_word' id='word_1_504' title='bbox 1598 4267 1759 4315; x_wconf 88' lang='lat' dir='ltr'><strong>antea</strong></span> <span class='ocrx_word' id='word_1_505' title='bbox 1787 4261 2101 4315; x_wconf 85' lang='lat' dir='ltr'><strong>Constantii</strong></span> <span class='ocrx_word' id='word_1_506' title='bbox 2140 4268 2354 4330; x_wconf 89' lang='lat' dir='ltr'><strong>tempo-</strong></span> 
     </span>
    </p>
   </div>
   <div class='ocr_carea' id='block_1_75' title="bbox 782 4349 2350 4423">
    <p class='ocr_par' dir='ltr' id='par_1_75' title="bbox 782 4349 2350 4423">
     <span class='ocr_line' id='line_1_75' title="bbox 782 4349 2350 4423; baseline 0.004 -19"><span class='ocrx_word' id='word_1_507' title='bbox 782 4350 935 4404; x_wconf 82' lang='lat' dir='ltr'><strong>ribus</strong></span> <span class='ocrx_word' id='word_1_508' title='bbox 987 4349 1324 4406; x_wconf 70' lang='lat' dir='ltr'><strong>Alexandriae</strong></span> <span class='ocrx_word' id='word_1_509' title='bbox 1380 4353 1709 4421; x_wconf 71' lang='lat' dir='ltr'><strong>praestiterat</strong></span> <span class='ocrx_word' id='word_1_510' title='bbox 1766 4368 1999 4423; x_wconf 78' lang='lat' dir='ltr'><strong>magnus</strong></span> <span class='ocrx_word' id='word_1_511' title='bbox 2048 4353 2350 4410; x_wconf 86' lang='lat' dir='ltr'><strong>Antonius.</strong></span> 
     </span>
    </p>
   </div>
   <div class='ocr_carea' id='block_1_76' title="bbox 785 4439 2351 4510">
    <p class='ocr_par' dir='ltr' id='par_1_76' title="bbox 785 4439 2351 4510">
     <span class='ocr_line' id='line_1_76' title="bbox 785 4439 2351 4510; baseline 0.001 -15"><span class='ocrx_word' id='word_1_512' title='bbox 785 4439 997 4510; x_wconf 81' lang='lat'><strong>1007</strong></span> <span class='ocrx_word' id='word_1_513' title='bbox 1032 4439 1250 4495; x_wconf 84' lang='lat' dir='ltr'><strong>Deserta</strong></span> <span class='ocrx_word' id='word_1_514' title='bbox 1276 4443 1425 4497; x_wconf 88' lang='lat' dir='ltr'><strong>enim</strong></span> <span class='ocrx_word' id='word_1_515' title='bbox 1466 4443 1800 4509; x_wconf 88' lang='lat' dir='ltr'><strong>solitudine,</strong></span> <span class='ocrx_word' id='word_1_516' title='bbox 1846 4452 2021 4498; x_wconf 89' lang='lat' dir='ltr'><strong>totam</strong></span> <span class='ocrx_word' id='word_1_517' title='bbox 2066 4445 2217 4498; x_wconf 87' lang='lat' dir='ltr'><strong>illam</strong></span> <span class='ocrx_word' id='word_1_518' title='bbox 2255 4458 2351 4497; x_wconf 88' lang='lat' dir='ltr'><strong>ur-</strong></span> 
     </span>
    </p>
   </div>
   <div class='ocr_carea' id='block_1_77' title="bbox 784 4530 2350 4601">
    <p class='ocr_par' dir='ltr' id='par_1_77' title="bbox 784 4530 2350 4601">
     <span class='ocr_line' id='line_1_77' title="bbox 784 4530 2350 4601; baseline 0.003 -16"><span class='ocrx_word' id='word_1_519' title='bbox 784 4530 906 4585; x_wconf 85' lang='lat' dir='ltr'><strong>bem</strong></span> <span class='ocrx_word' id='word_1_520' title='bbox 929 4532 1316 4588; x_wconf 85' lang='lat' dir='ltr'><strong>obambulabat</strong></span> <span class='ocrx_word' id='word_1_521' title='bbox 1336 4576 1351 4601; x_wconf 93' lang='lat'><strong>,</strong></span> <span class='ocrx_word' id='word_1_522' title='bbox 1380 4534 1586 4591; x_wconf 86' lang='lat' dir='ltr'><strong>docens</strong></span> <span class='ocrx_word' id='word_1_523' title='bbox 1618 4537 1913 4592; x_wconf 87' lang='lat' dir='ltr'><strong>universos</strong></span> <span class='ocrx_word' id='word_1_524' title='bbox 1933 4577 1947 4601; x_wconf 94' lang='lat'><strong>,</strong></span> <span class='ocrx_word' id='word_1_525' title='bbox 1982 4537 2350 4592; x_wconf 85' lang='lat' dir='ltr'><strong>Athanasium</strong></span> 
     </span>
    </p>
   </div>
   <div class='ocr_carea' id='block_1_78' title="bbox 784 4627 2353 4695">
    <p class='ocr_par' dir='ltr' id='par_1_78' title="bbox 784 4627 2353 4695">
     <span class='ocr_line' id='line_1_78' title="bbox 784 4627 2353 4695; baseline 0.005 -20"><span class='ocrx_word' id='word_1_526' title='bbox 784 4636 1092 4693; x_wconf 69' lang='lat' dir='ltr'><strong>prmconem</strong></span> <span class='ocrx_word' id='word_1_527' title='bbox 1124 4639 1248 4680; x_wconf 85' lang='lat' dir='ltr'><strong>esse</strong></span> <span class='ocrx_word' id='word_1_528' title='bbox 1278 4627 1600 4695; x_wconf 64' lang='lat' dir='ltr'><strong>apostolicae</strong></span> <span class='ocrx_word' id='word_1_529' title='bbox 1623 4628 1891 4683; x_wconf 66' lang='lat' dir='ltr'><strong>doctrinae</strong></span> <span class='ocrx_word' id='word_1_530' title='bbox 1911 4669 1926 4694; x_wconf 96' lang='lat'><strong>,</strong></span> <span class='ocrx_word' id='word_1_531' title='bbox 1958 4628 2197 4683; x_wconf 82' lang='lat' dir='ltr'><strong>Arianos</strong></span> <span class='ocrx_word' id='word_1_532' title='bbox 2222 4644 2353 4683; x_wconf 88' lang='lat' dir='ltr'><strong>vero</strong></span> 
     </span>
    </p>
   </div>
   <div class='ocr_carea' id='block_1_79' title="bbox 784 4714 2353 4781">
    <p class='ocr_par' dir='ltr' id='par_1_79' title="bbox 784 4714 2353 4781">
     <span class='ocr_line' id='line_1_79' title="bbox 784 4714 2353 4781; baseline 0.005 -11"><span class='ocrx_word' id='word_1_533' title='bbox 784 4714 1043 4771; x_wconf 81' lang='lat' dir='ltr'><strong>Inimicos</strong></span> <span class='ocrx_word' id='word_1_534' title='bbox 1069 4726 1124 4772; x_wconf 88' lang='lat' dir='ltr'><strong>et</strong></span> <span class='ocrx_word' id='word_1_535' title='bbox 1155 4719 1347 4777; x_wconf 82' lang='lat' dir='ltr'><strong>hostes</strong></span> <span class='ocrx_word' id='word_1_536' title='bbox 1372 4723 1639 4778; x_wconf 87' lang='lat' dir='ltr'><strong>veritatis.</strong></span> <span class='ocrx_word' id='word_1_537' title='bbox 1677 4723 1752 4777; x_wconf 84' lang='lat' dir='ltr'><strong>lta</strong></span> <span class='ocrx_word' id='word_1_538' title='bbox 1785 4724 2035 4781; x_wconf 88' lang='lat' dir='ltr'><strong>sciebant</strong></span> <span class='ocrx_word' id='word_1_539' title='bbox 2064 4723 2237 4778; x_wconf 84' lang='lat' dir='ltr'><strong>divini</strong></span> <span class='ocrx_word' id='word_1_540' title='bbox 2277 4724 2353 4778; x_wconf 90' lang='lat' dir='ltr'><strong>illi</strong></span> 
     </span>
    </p>
   </div>
   <div class='ocr_carea' id='block_1_80' title="bbox 784 4808 2356 4885">
    <p class='ocr_par' dir='ltr' id='par_1_80' title="bbox 784 4808 2356 4885">
     <span class='ocr_line' id='line_1_80' title="bbox 784 4808 2356 4885; baseline 0.003 -22"><span class='ocrx_word' id='word_1_541' title='bbox 784 4808 892 4863; x_wconf 75' lang='lat' dir='ltr'><strong>viri</strong></span> <span class='ocrx_word' id='word_1_542' title='bbox 920 4813 1279 4880; x_wconf 78' lang='lat' dir='ltr'><strong>congruentia</strong></span> <span class='ocrx_word' id='word_1_543' title='bbox 1304 4814 1501 4884; x_wconf 84' lang='lat' dir='ltr'><strong>cuique</strong></span> <span class='ocrx_word' id='word_1_544' title='bbox 1532 4816 1767 4885; x_wconf 86' lang='lat' dir='ltr'><strong>tempori</strong></span> <span class='ocrx_word' id='word_1_545' title='bbox 1796 4816 2225 4871; x_wconf 85' lang='lat' dir='ltr'><strong>accommodare</strong></span> <span class='ocrx_word' id='word_1_546' title='bbox 2246 4858 2260 4878; x_wconf 82' lang='lat'><strong>,</strong></span> <span class='ocrx_word' id='word_1_547' title='bbox 2300 4822 2356 4870; x_wconf 92' lang='lat' dir='ltr'><strong>et</strong></span> 
     </span>
    </p>
   </div>
   <div class='ocr_carea' id='block_1_81' title="bbox 783 4898 2358 4979">
    <p class='ocr_par' dir='ltr' id='par_1_81' title="bbox 783 4898 2358 4979">
     <span class='ocr_line' id='line_1_81' title="bbox 783 4898 2358 4979; baseline 0.006 -26"><span class='ocrx_word' id='word_1_548' title='bbox 783 4898 1009 4968; x_wconf 88' lang='lat' dir='ltr'><strong>quando</strong></span> <span class='ocrx_word' id='word_1_549' title='bbox 1062 4901 1305 4971; x_wconf 89' lang='lat' dir='ltr'><strong>quietem</strong></span> <span class='ocrx_word' id='word_1_550' title='bbox 1357 4906 1613 4976; x_wconf 82' lang='lat' dir='ltr'><strong>amplecti</strong></span> <span class='ocrx_word' id='word_1_551' title='bbox 1661 4909 1994 4971; x_wconf 84' lang='lat' dir='ltr'><strong>conveniat,</strong></span> <span class='ocrx_word' id='word_1_552' title='bbox 2052 4918 2105 4965; x_wconf 89' lang='lat' dir='ltr'><strong>et</strong></span> <span class='ocrx_word' id='word_1_553' title='bbox 2134 4905 2358 4979; x_wconf 89' lang='lat' dir='ltr'><strong>quando</strong></span> 
     </span>
    </p>
   </div>
   <div class='ocr_carea' id='block_1_82' title="bbox 786 4988 1615 5053">
    <p class='ocr_par' dir='ltr' id='par_1_82' title="bbox 786 4988 1615 5053">
     <span class='ocr_line' id='line_1_82' title="bbox 786 4988 1615 5053; baseline 0.014 -12"><span class='ocrx_word' id='word_1_554' title='bbox 786 4988 953 5044; x_wconf 87' lang='lat' dir='ltr'><strong>urbes</strong></span> <span class='ocrx_word' id='word_1_555' title='bbox 995 4991 1285 5047; x_wconf 89' lang='lat' dir='ltr'><strong>solitudini</strong></span> <span class='ocrx_word' id='word_1_556' title='bbox 1322 4996 1615 5053; x_wconf 85' lang='lat' dir='ltr'><strong>anteferre.</strong></span> 
     </span>
    </p>
   </div>
   <div class='ocr_carea' id='block_1_83' title="bbox 2453 3341 4034 3416">
    <p class='ocr_par' dir='ltr' id='par_1_83' title="bbox 2453 3341 4034 3416">
     <span class='ocr_line' id='line_1_83' title="bbox 2453 3341 4034 3416; baseline -0.004 -16"><span class='ocrx_word' id='word_1_557' title='bbox 2453 3346 2805 3415; x_wconf 72' lang='grc' dir='ltr'>πανεύιρημον</span> <span class='ocrx_word' id='word_1_558' title='bbox 2858 3346 3026 3416; x_wconf 83' lang='grc' dir='ltr'>ἄνδρα</span> <span class='ocrx_word' id='word_1_559' title='bbox 3077 3349 3314 3408; x_wconf 77' lang='grc' dir='ltr'>ἐκεῖνον,</span> <span class='ocrx_word' id='word_1_560' title='bbox 3367 3344 3770 3406; x_wconf 73' lang='grc' dir='ltr'>ἀντιϐολοῦντες</span> <span class='ocrx_word' id='word_1_561' title='bbox 3824 3341 4034 3403; x_wconf 75' lang='grc' dir='ltr'>πολλὰς</span> 
     </span>
    </p>
   </div>
   <div class='ocr_carea' id='block_1_84' title="bbox 2450 3432 4034 3508">
    <p class='ocr_par' dir='ltr' id='par_1_84' title="bbox 2450 3432 4034 3508">
     <span class='ocr_line' id='line_1_84' title="bbox 2450 3432 4034 3508; baseline -0.005 -17"><span class='ocrx_word' id='word_1_562' title='bbox 2450 3439 2748 3508; x_wconf 81' lang='grc' dir='ltr'>ἀνθρώπων</span> <span class='ocrx_word' id='word_1_563' title='bbox 2775 3439 3038 3508; x_wconf 79' lang='grc' dir='ltr'>μυριάδας</span> <span class='ocrx_word' id='word_1_564' title='bbox 3067 3438 3353 3507; x_wconf 82' lang='grc' dir='ltr'>οἰκτεῖραι,</span> <span class='ocrx_word' id='word_1_565' title='bbox 3387 3437 3481 3489; x_wconf 67' lang='grc' dir='ltr'><strong>καλ⁵</strong></span> <span class='ocrx_word' id='word_1_566' title='bbox 3509 3435 3617 3487; x_wconf 87' lang='grc' dir='ltr'><strong>τῶν</strong></span> <span class='ocrx_word' id='word_1_567' title='bbox 3644 3434 3739 3504; x_wconf 77' lang='grc' dir='ltr'>μὲν</span> <span class='ocrx_word' id='word_1_568' title='bbox 3767 3432 4034 3485; x_wconf 74' lang='grc' dir='ltr'>ἐναντίων</span> 
     </span>
    </p>
   </div>
   <div class='ocr_carea' id='block_1_85' title="bbox 2449 3521 4033 3600">
    <p class='ocr_par' dir='ltr' id='par_1_85' title="bbox 2449 3521 4033 3600">
     <span class='ocr_line' id='line_1_85' title="bbox 2449 3521 4033 3600; baseline -0.005 -17"><span class='ocrx_word' id='word_1_569' title='bbox 2449 3531 2547 3600; x_wconf 84' lang='grc' dir='ltr'><strong>τὴν</strong></span> <span class='ocrx_word' id='word_1_570' title='bbox 2573 3530 2921 3598; x_wconf 75' lang='grc' dir='ltr'>ψευδολογίαν</span> <span class='ocrx_word' id='word_1_571' title='bbox 2957 3527 3192 3595; x_wconf 77' lang='grc' dir='ltr'>ἐλέγξαι,</span> <span class='ocrx_word' id='word_1_572' title='bbox 3236 3527 3304 3579; x_wconf 84' lang='grc' dir='ltr'>τὰ</span> <span class='ocrx_word' id='word_1_573' title='bbox 3333 3528 3389 3579; x_wconf 79' lang='grc' dir='ltr'>δὲ</span> <span class='ocrx_word' id='word_1_574' title='bbox 3429 3527 3530 3596; x_wconf 81' lang='grc' dir='ltr'>τῆς</span> <span class='ocrx_word' id='word_1_575' title='bbox 3560 3525 3820 3594; x_wconf 80' lang='grc' dir='ltr'>ἀληθείας</span> <span class='ocrx_word' id='word_1_576' title='bbox 3848 3521 4033 3593; x_wconf 82' lang='grc' dir='ltr'>κηρύ-</span> 
     </span>
    </p>
   </div>
   <div class='ocr_carea' id='block_1_86' title="bbox 2451 3610 4031 3689">
    <p class='ocr_par' dir='ltr' id='par_1_86' title="bbox 2451 3610 4031 3689">
     <span class='ocr_line' id='line_1_86' title="bbox 2451 3610 4031 3689; baseline -0.005 -18"><span class='ocrx_word' id='word_1_577' title='bbox 2451 3636 2635 3689; x_wconf 88' lang='grc' dir='ltr'>γματα</span> <span class='ocrx_word' id='word_1_578' title='bbox 2669 3619 2984 3688; x_wconf 76' lang='grc' dir='ltr'>βεϐαιῶσαι.</span> <span class='ocrx_word' id='word_1_579' title='bbox 3033 3620 3139 3670; x_wconf 75' lang='grc' dir='ltr'>Καὶ</span> <span class='ocrx_word' id='word_1_580' title='bbox 3168 3620 3267 3671; x_wconf 82' lang='grc' dir='ltr'>ὅσα</span> <span class='ocrx_word' id='word_1_581' title='bbox 3322 3616 3419 3685; x_wconf 79' lang='grc' dir='ltr'>μὲν</span> <span class='ocrx_word' id='word_1_582' title='bbox 3448 3610 3603 3678; x_wconf 74' lang='grc' dir='ltr'>οὗτος</span> <span class='ocrx_word' id='word_1_583' title='bbox 3635 3614 3730 3667; x_wconf 73' lang='grc' dir='ltr'><strong>καὶ</strong></span> <span class='ocrx_word' id='word_1_584' title='bbox 3764 3614 4031 3671; x_wconf 73' lang='grc' dir='ltr'>ἐπανιὼν,</span> 
     </span>
    </p>
   </div>
   <div class='ocr_carea' id='block_1_87' title="bbox 2454 3702 4036 3777">
    <p class='ocr_par' dir='ltr' id='par_1_87' title="bbox 2454 3702 4036 3777">
     <span class='ocr_line' id='line_1_87' title="bbox 2454 3702 4036 3777; baseline -0.006 -13"><span class='ocrx_word' id='word_1_585' title='bbox 2454 3712 2545 3765; x_wconf 76' lang='grc' dir='ltr'><strong>καὶ</strong></span> <span class='ocrx_word' id='word_1_586' title='bbox 2575 3711 2665 3763; x_wconf 86' lang='grc' dir='ltr'><strong>ἰὼν</strong></span> <span class='ocrx_word' id='word_1_587' title='bbox 2682 3712 2748 3773; x_wconf 73' lang='grc'>⁸⁷,</span> <span class='ocrx_word' id='word_1_588' title='bbox 2799 3710 2891 3761; x_wconf 68' lang='grc' dir='ltr'>καὶ</span> <span class='ocrx_word' id='word_1_589' title='bbox 2919 3711 2975 3760; x_wconf 86' lang='grc' dir='ltr'><strong>ὲν</strong></span> <span class='ocrx_word' id='word_1_590' title='bbox 3005 3709 3140 3777; x_wconf 79' lang='grc' dir='ltr'>αὐτῇ</span> <span class='ocrx_word' id='word_1_591' title='bbox 3189 3707 3245 3758; x_wconf 83' lang='grc' dir='ltr'>δὲ</span> <span class='ocrx_word' id='word_1_592' title='bbox 3275 3709 3340 3775; x_wconf 80' lang='grc' dir='ltr'>τῇ</span> <span class='ocrx_word' id='word_1_593' title='bbox 3378 3706 3609 3776; x_wconf 78' lang='grc' dir='ltr'>μεγίστῃ</span> <span class='ocrx_word' id='word_1_594' title='bbox 3653 3703 3805 3756; x_wconf 83' lang='grc' dir='ltr'>πόλει</span> <span class='ocrx_word' id='word_1_595' title='bbox 3835 3702 4036 3754; x_wconf 80' lang='grc' dir='ltr'>τεθαυ-</span> 
     </span>
    </p>
   </div>
   <div class='ocr_carea' id='block_1_88' title="bbox 2457 3795 4036 3874">
    <p class='ocr_par' dir='ltr' id='par_1_88' title="bbox 2457 3795 4036 3874">
     <span class='ocr_line' id='line_1_88' title="bbox 2457 3795 4036 3874; baseline -0.009 -16"><span class='ocrx_word' id='word_1_596' title='bbox 2457 3804 2868 3874; x_wconf 75' lang='grc' dir='ltr'>ματούργηκεν,</span> <span class='ocrx_word' id='word_1_597' title='bbox 2923 3804 2979 3855; x_wconf 87' lang='lat' dir='ltr'><strong>tv</strong></span> <span class='ocrx_word' id='word_1_598' title='bbox 3030 3803 3096 3869; x_wconf 83' lang='grc' dir='ltr'>τῇ</span> <span class='ocrx_word' id='word_1_599' title='bbox 3131 3798 3389 3863; x_wconf 76' lang='grc' dir='ltr'>Φιλοθέῳ</span> <span class='ocrx_word' id='word_1_600' title='bbox 3433 3799 3562 3866; x_wconf 80' lang='grc' dir='ltr'>ἡμῖν</span> <span class='ocrx_word' id='word_1_601' title='bbox 3609 3795 4036 3863; x_wconf 82' lang='grc' dir='ltr'>συγγέγραπται</span> 
     </span>
    </p>
   </div>
   <div class='ocr_carea' id='block_1_89' title="bbox 2458 3883 4037 3966">
    <p class='ocr_par' dir='ltr' id='par_1_89' title="bbox 2458 3883 4037 3966">
     <span class='ocr_line' id='line_1_89' title="bbox 2458 3883 4037 3966; baseline -0.009 -19"><span class='ocrx_word' id='word_1_602' title='bbox 2458 3895 2683 3965; x_wconf 86' lang='grc' dir='ltr'>ἱστορίᾳ,</span> <span class='ocrx_word' id='word_1_603' title='bbox 2784 3894 2962 3963; x_wconf 80' lang='grc' dir='ltr'>ῥᾴδιον</span> <span class='ocrx_word' id='word_1_604' title='bbox 3009 3892 3251 3958; x_wconf 73' lang='grc' dir='ltr'>ἐντυχεῖν</span> <span class='ocrx_word' id='word_1_605' title='bbox 3293 3889 3418 3948; x_wconf 82' lang='grc' dir='ltr'>τοὺς</span> <span class='ocrx_word' id='word_1_606' title='bbox 3462 3885 3639 3938; x_wconf 75' lang='grc' dir='ltr'>ταῦτα</span> <span class='ocrx_word' id='word_1_607' title='bbox 3671 3883 4037 3953; x_wconf 77' lang='grc' dir='ltr'>βουλομένους</span> 
     </span>
    </p>
   </div>
   <div class='ocr_carea' id='block_1_90' title="bbox 2459 3974 4037 4059">
    <p class='ocr_par' dir='ltr' id='par_1_90' title="bbox 2459 3974 4037 4059">
     <span class='ocr_line' id='line_1_90' title="bbox 2459 3974 4037 4059; baseline -0.01 -18"><span class='ocrx_word' id='word_1_608' title='bbox 2459 3988 2668 4059; x_wconf 82' lang='grc' dir='ltr'>μαθεῖν.</span> <span class='ocrx_word' id='word_1_609' title='bbox 2699 3986 2819 4037; x_wconf 84' lang='grc' dir='ltr'>’Ὁτι</span> <span class='ocrx_word' id='word_1_610' title='bbox 2864 3984 2922 4036; x_wconf 79' lang='grc' dir='ltr'>δὲ</span> <span class='ocrx_word' id='word_1_611' title='bbox 2951 3985 3095 4037; x_wconf 78' lang='grc' dir='ltr'>ἆπαν</span> <span class='ocrx_word' id='word_1_612' title='bbox 3124 3982 3184 4034; x_wconf 75' lang='grc' dir='ltr'><strong>τὸ</strong></span> <span class='ocrx_word' id='word_1_613' title='bbox 3213 3981 3309 4050; x_wconf 82' lang='grc' dir='ltr'><strong>τῆς</strong></span> <span class='ocrx_word' id='word_1_614' title='bbox 3354 3979 3561 4040; x_wconf 83' lang='grc' dir='ltr'>πόλεως</span> <span class='ocrx_word' id='word_1_615' title='bbox 3602 3976 3803 4045; x_wconf 79' lang='grc' dir='ltr'>πλῆθος</span> <span class='ocrx_word' id='word_1_616' title='bbox 3830 3976 3913 4036; x_wconf 80' lang='grc' dir='ltr'><strong>εἰς</strong></span> <span class='ocrx_word' id='word_1_617' title='bbox 3942 3974 4037 4027; x_wconf 79' lang='grc' dir='ltr'>τὸν</span> 
     </span>
    </p>
   </div>
   <div class='ocr_carea' id='block_1_91' title="bbox 2455 4063 4036 4151">
    <p class='ocr_par' dir='ltr' id='par_1_91' title="bbox 2455 4063 4036 4151">
     <span class='ocr_line' id='line_1_91' title="bbox 2455 4063 4036 4151; baseline -0.01 -19"><span class='ocrx_word' id='word_1_618' title='bbox 2455 4079 2718 4151; x_wconf 81' lang='grc' dir='ltr'>ἡμέτερον</span> <span class='ocrx_word' id='word_1_619' title='bbox 2741 4076 3056 4147; x_wconf 84' lang='grc' dir='ltr'>συνήθροισε</span> <span class='ocrx_word' id='word_1_620' title='bbox 3073 4072 3344 4139; x_wconf 81' lang='grc' dir='ltr'>σύλλογον,</span> <span class='ocrx_word' id='word_1_621' title='bbox 3363 4070 3551 4123; x_wconf 78' lang='grc' dir='ltr'>οὐδένα</span> <span class='ocrx_word' id='word_1_622' title='bbox 3565 4069 3853 4131; x_wconf 72' lang='grc' dir='ltr'>ἐνδοιάζειν</span> <span class='ocrx_word' id='word_1_623' title='bbox 3874 4063 4036 4135; x_wconf 72' lang='grc' dir='ltr'>οἶμαι</span> 
     </span>
    </p>
   </div>
   <div class='ocr_carea' id='block_1_92' title="bbox 2454 4160 4033 4241">
    <p class='ocr_par' dir='ltr' id='par_1_92' title="bbox 2454 4160 4033 4241">
     <span class='ocr_line' id='line_1_92' title="bbox 2454 4160 4033 4241; baseline -0.009 -15"><span class='ocrx_word' id='word_1_624' title='bbox 2454 4172 2561 4226; x_wconf 83' lang='grc' dir='ltr'>τῶν</span> <span class='ocrx_word' id='word_1_625' title='bbox 2590 4172 2688 4241; x_wconf 73' lang='grc' dir='ltr'>τὴν</span> <span class='ocrx_word' id='word_1_626' title='bbox 2722 4170 3062 4240; x_wconf 72' lang='grc' dir='ltr'>ἀνθρωπείαν</span> <span class='ocrx_word' id='word_1_627' title='bbox 3102 4166 3262 4234; x_wconf 82' lang='grc' dir='ltr'>φύσιν</span> <span class='ocrx_word' id='word_1_628' title='bbox 3302 4162 3750 4233; x_wconf 76' lang='grc' dir='ltr'>ὲπεσκεμμένων.</span> <span class='ocrx_word' id='word_1_629' title='bbox 3808 4160 4033 4228; x_wconf 78' lang='grc' dir='ltr'>Πέφυκε</span> 
     </span>
    </p>
   </div>
   <div class='ocr_carea' id='block_1_93' title="bbox 2454 4251 4031 4334">
    <p class='ocr_par' dir='ltr' id='par_1_93' title="bbox 2454 4251 4031 4334">
     <span class='ocr_line' id='line_1_93' title="bbox 2454 4251 4031 4334; baseline -0.01 -18"><span class='ocrx_word' id='word_1_630' title='bbox 2454 4263 2562 4334; x_wconf 84' lang='grc' dir='ltr'>γὰρ</span> <span class='ocrx_word' id='word_1_631' title='bbox 2610 4263 2679 4315; x_wconf 81' lang='grc' dir='ltr'>τὰ</span> <span class='ocrx_word' id='word_1_632' title='bbox 2717 4259 2998 4330; x_wconf 82' lang='grc' dir='ltr'>παράδοξα</span> <span class='ocrx_word' id='word_1_633' title='bbox 3038 4259 3220 4311; x_wconf 71' lang='grc' dir='ltr'>ἓλκειν</span> <span class='ocrx_word' id='word_1_634' title='bbox 3247 4257 3492 4317; x_wconf 67' lang='grc' dir='ltr'>ἅπαντας</span> <span class='ocrx_word' id='word_1_635' title='bbox 3534 4253 3606 4316; x_wconf 84' lang='grc' dir='ltr'>ὡς</span> <span class='ocrx_word' id='word_1_636' title='bbox 3639 4252 3844 4305; x_wconf 70' lang='grc' dir='ltr'>ἐπίπαν</span> <span class='ocrx_word' id='word_1_637' title='bbox 3889 4251 4031 4319; x_wconf 80' lang='grc' dir='ltr'>πρὸς</span> 
     </span>
    </p>
   </div>
   <div class='ocr_carea' id='block_1_94' title="bbox 2456 4344 4033 4421">
    <p class='ocr_par' dir='ltr' id='par_1_94' title="bbox 2456 4344 4033 4421">
     <span class='ocr_line' id='line_1_94' title="bbox 2456 4344 4033 4421; baseline -0.01 -13"><span class='ocrx_word' id='word_1_638' title='bbox 2456 4354 2643 4409; x_wconf 78' lang='grc' dir='ltr'>ἑαυτά.</span> <span class='ocrx_word' id='word_1_639' title='bbox 2675 4354 2793 4406; x_wconf 89' lang='grc' dir='ltr'>’Ότι</span> <span class='ocrx_word' id='word_1_640' title='bbox 2818 4353 2872 4405; x_wconf 83' lang='grc' dir='ltr'><strong>δὲ</strong></span> <span class='ocrx_word' id='word_1_641' title='bbox 2900 4354 2992 4405; x_wconf 74' lang='grc' dir='ltr'>καὶ</span> <span class='ocrx_word' id='word_1_642' title='bbox 3025 4351 3235 4421; x_wconf 84' lang='grc' dir='ltr'>μεγάλα</span> <span class='ocrx_word' id='word_1_643' title='bbox 3262 4348 3558 4419; x_wconf 74' lang='grc' dir='ltr'>εἰργάσατο</span> <span class='ocrx_word' id='word_1_644' title='bbox 3590 4344 3862 4415; x_wconf 79' lang='grc' dir='ltr'>θαύματα.</span> <span class='ocrx_word' id='word_1_645' title='bbox 3894 4360 4033 4412; x_wconf 84' lang='grc' dir='ltr'>μαρ-</span> 
     </span>
    </p>
   </div>
   <div class='ocr_carea' id='block_1_95' title="bbox 2454 4432 4032 4518">
    <p class='ocr_par' dir='ltr' id='par_1_95' title="bbox 2454 4432 4032 4518">
     <span class='ocr_line' id='line_1_95' title="bbox 2454 4432 4032 4518; baseline -0.01 -17"><span class='ocrx_word' id='word_1_646' title='bbox 2454 4447 2673 4518; x_wconf 82' lang='grc' dir='ltr'>τυροῦσι</span> <span class='ocrx_word' id='word_1_647' title='bbox 2702 4446 2794 4498; x_wconf 73' lang='grc' dir='ltr'><strong>καὶ</strong></span> <span class='ocrx_word' id='word_1_648' title='bbox 2822 4446 2869 4497; x_wconf 89' lang='grc' dir='ltr'><strong>οί</strong></span> <span class='ocrx_word' id='word_1_649' title='bbox 2898 4446 2996 4513; x_wconf 78' lang='grc' dir='ltr'>τῆς</span> <span class='ocrx_word' id='word_1_650' title='bbox 3024 4442 3277 4513; x_wconf 82' lang='grc' dir='ltr'>ἀληθείας</span> <span class='ocrx_word' id='word_1_651' title='bbox 3308 4438 3575 4508; x_wconf 85' lang='grc' dir='ltr'>πολέμιοι.</span> <span class='ocrx_word' id='word_1_652' title='bbox 3604 4434 3753 4507; x_wconf 73' lang='grc'><strong>[191]</strong></span> <span class='ocrx_word' id='word_1_653' title='bbox 3784 4432 4032 4487; x_wconf 72' lang='grc' dir='ltr'>Τοῦτοδέ</span> 
     </span>
    </p>
   </div>
   <div class='ocr_carea' id='block_1_96' title="bbox 2457 4525 4035 4605">
    <p class='ocr_par' dir='ltr' id='par_1_96' title="bbox 2457 4525 4035 4605">
     <span class='ocr_line' id='line_1_96' title="bbox 2457 4525 4035 4605; baseline -0.01 -13"><span class='ocrx_word' id='word_1_654' title='bbox 2457 4539 2553 4593; x_wconf 79' lang='grc' dir='ltr'>καὶ</span> <span class='ocrx_word' id='word_1_655' title='bbox 2581 4541 2638 4590; x_wconf 90' lang='lat' dir='ltr'><strong>tv</strong></span> <span class='ocrx_word' id='word_1_656' title='bbox 2666 4534 3040 4605; x_wconf 78' lang='grc' dir='ltr'>Ἀλεξανδρείᾳ</span> <span class='ocrx_word' id='word_1_657' title='bbox 3067 4534 3173 4603; x_wconf 82' lang='grc' dir='ltr'><strong>πρὸ</strong></span> <span class='ocrx_word' id='word_1_658' title='bbox 3202 4530 3355 4584; x_wconf 76' lang='grc' dir='ltr'>τοῦδε</span> <span class='ocrx_word' id='word_1_659' title='bbox 3388 4529 3483 4582; x_wconf 83' lang='grc' dir='ltr'>τοῦ</span> <span class='ocrx_word' id='word_1_660' title='bbox 3512 4528 3702 4599; x_wconf 86' lang='grc' dir='ltr'>χρόνου</span> <span class='ocrx_word' id='word_1_661' title='bbox 3731 4525 4035 4594; x_wconf 72' lang='grc' dir='ltr'>πεποίηκεν</span> 
     </span>
    </p>
   </div>
   <div class='ocr_carea' id='block_1_97' title="bbox 2458 4617 4031 4691">
    <p class='ocr_par' dir='ltr' id='par_1_97' title="bbox 2458 4617 4031 4691">
     <span class='ocr_line' id='line_1_97' title="bbox 2458 4617 4031 4691; baseline -0.006 -10"><span class='ocrx_word' id='word_1_662' title='bbox 2458 4631 2516 4682; x_wconf 87' lang='lat' dir='ltr'><strong>tv</strong></span> <span class='ocrx_word' id='word_1_663' title='bbox 2565 4630 2676 4691; x_wconf 87' lang='grc' dir='ltr'>τοῖς</span> <span class='ocrx_word' id='word_1_664' title='bbox 2719 4623 3161 4679; x_wconf 79' lang='grc' dir='ltr'><strong>Κωνσταντὶου¹⁸</strong></span> <span class='ocrx_word' id='word_1_665' title='bbox 3206 4622 3415 4687; x_wconf 84' lang='grc' dir='ltr'>καιροῖς</span> <span class='ocrx_word' id='word_1_666' title='bbox 3466 4618 3748 4680; x_wconf 78' lang='grc' dir='ltr'>’Δντώνιος</span> <span class='ocrx_word' id='word_1_667' title='bbox 3791 4618 3821 4670; x_wconf 90' lang='grc' dir='ltr'><strong>ό</strong></span> <span class='ocrx_word' id='word_1_668' title='bbox 3862 4617 4031 4671; x_wconf 77' lang='grc' dir='ltr'>πάνυ.</span> 
     </span>
    </p>
   </div>
   <div class='ocr_carea' id='block_1_98' title="bbox 2458 4705 4037 4785">
    <p class='ocr_par' dir='ltr' id='par_1_98' title="bbox 2458 4705 4037 4785">
     <span class='ocr_line' id='line_1_98' title="bbox 2458 4705 4037 4785; baseline -0.009 -14"><span class='ocrx_word' id='word_1_669' title='bbox 2458 4714 2786 4771; x_wconf 78' lang='grc' dir='ltr'>Καταλιπὼν</span> <span class='ocrx_word' id='word_1_670' title='bbox 2819 4714 2927 4784; x_wconf 81' lang='grc' dir='ltr'>γὰρ</span> <span class='ocrx_word' id='word_1_671' title='bbox 2959 4714 3058 4785; x_wconf 81' lang='grc' dir='ltr'><strong>τὴν</strong></span> <span class='ocrx_word' id='word_1_672' title='bbox 3083 4712 3310 4783; x_wconf 74' lang='grc' dir='ltr'>ῐρημον,</span> <span class='ocrx_word' id='word_1_673' title='bbox 3349 4708 3497 4763; x_wconf 73' lang='grc' dir='ltr'>ἅπαν</span> <span class='ocrx_word' id='word_1_674' title='bbox 3522 4710 3700 4762; x_wconf 67' lang='grc' dir='ltr'>έκεῖνο</span> <span class='ocrx_word' id='word_1_675' title='bbox 3727 4705 3945 4777; x_wconf 75' lang='grc' dir='ltr'>περιῄει</span> <span class='ocrx_word' id='word_1_676' title='bbox 3972 4705 4037 4758; x_wconf 75' lang='grc' dir='ltr'>τὸ</span> 
     </span>
    </p>
   </div>
   <div class='ocr_carea' id='block_1_99' title="bbox 2458 4798 4034 4874">
    <p class='ocr_par' dir='ltr' id='par_1_99' title="bbox 2458 4798 4034 4874">
     <span class='ocr_line' id='line_1_99' title="bbox 2458 4798 4034 4874; baseline -0.008 -10"><span class='ocrx_word' id='word_1_677' title='bbox 2458 4811 2617 4872; x_wconf 79' lang='grc' dir='ltr'>ἄστυ,</span> <span class='ocrx_word' id='word_1_678' title='bbox 2650 4808 2913 4862; x_wconf 81' lang='grc' dir='ltr'>διδάσκων</span> <span class='ocrx_word' id='word_1_679' title='bbox 2940 4805 3205 4869; x_wconf 75' lang='grc' dir='ltr'>ἅπαντας,</span> <span class='ocrx_word' id='word_1_680' title='bbox 3242 4803 3317 4868; x_wconf 82' lang='grc' dir='ltr'>ὡς</span> <span class='ocrx_word' id='word_1_681' title='bbox 3345 4803 3446 4874; x_wconf 79' lang='grc' dir='ltr'>τῆς</span> <span class='ocrx_word' id='word_1_682' title='bbox 3488 4800 3849 4869; x_wconf 82' lang='grc' dir='ltr'>ἀποστολικῆς</span> <span class='ocrx_word' id='word_1_683' title='bbox 3878 4798 4034 4852; x_wconf 77' lang='grc' dir='ltr'>διδα-</span> 
     </span>
    </p>
   </div>
   <div class='ocr_carea' id='block_1_100' title="bbox 2461 4888 4037 4971">
    <p class='ocr_par' dir='ltr' id='par_1_100' title="bbox 2461 4888 4037 4971">
     <span class='ocr_line' id='line_1_100' title="bbox 2461 4888 4037 4971; baseline -0.009 -15"><span class='ocrx_word' id='word_1_684' title='bbox 2461 4902 2687 4964; x_wconf 85' lang='grc' dir='ltr'>σκαλίας</span> <span class='ocrx_word' id='word_1_685' title='bbox 2713 4897 2891 4971; x_wconf 74' lang='grc' dir='ltr'>κῆρυξ</span> <span class='ocrx_word' id='word_1_686' title='bbox 2921 4899 3069 4951; x_wconf 70' lang='grc' dir='ltr'>εστὶν</span> <span class='ocrx_word' id='word_1_687' title='bbox 3120 4896 3457 4962; x_wconf 79' lang='grc' dir='ltr'>’Δθανὰσιος,</span> <span class='ocrx_word' id='word_1_688' title='bbox 3503 4895 3596 4949; x_wconf 78' lang='grc' dir='ltr'>καὶ</span> <span class='ocrx_word' id='word_1_689' title='bbox 3642 4892 3717 4957; x_wconf 84' lang='grc' dir='ltr'>ὡς</span> <span class='ocrx_word' id='word_1_690' title='bbox 3748 4888 4037 4945; x_wconf 76' lang='grc' dir='ltr'>ἀντίπαλοι</span> 
     </span>
    </p>
   </div>
   <div class='ocr_carea' id='block_1_101' title="bbox 2460 4980 4040 5065">
    <p class='ocr_par' dir='ltr' id='par_1_101' title="bbox 2460 4980 4040 5065">
     <span class='ocr_line' id='line_1_101' title="bbox 2460 4980 4040 5065; baseline -0.009 -18"><span class='ocrx_word' id='word_1_691' title='bbox 2460 4995 2557 5065; x_wconf 85' lang='grc' dir='ltr'>τῆς</span> <span class='ocrx_word' id='word_1_692' title='bbox 2604 4991 2861 5063; x_wconf 78' lang='grc' dir='ltr'>ἀληθείας</span> <span class='ocrx_word' id='word_1_693' title='bbox 2921 4991 2969 5042; x_wconf 79' lang='lat' dir='ltr'><strong>ot</strong></span> <span class='ocrx_word' id='word_1_694' title='bbox 3025 4987 3127 5057; x_wconf 81' lang='grc' dir='ltr'>τῆς</span> <span class='ocrx_word' id='word_1_695' title='bbox 3182 4987 3393 5061; x_wconf 76' lang='grc' dir='ltr'>’Δριίου</span> <span class='ocrx_word' id='word_1_696' title='bbox 3449 4982 3777 5058; x_wconf 79' lang='grc' dir='ltr'>συμμορίας.</span> <span class='ocrx_word' id='word_1_697' title='bbox 3844 4980 4040 5042; x_wconf 81' lang='grc' dir='ltr'>Οὕτως</span> 
     </span>
    </p>
   </div>
   <div class='ocr_carea' id='block_1_102' title="bbox 786 5077 4040 5161">
    <p class='ocr_par' dir='ltr' id='par_1_102' title="bbox 786 5077 4040 5161">
     <span class='ocr_line' id='line_1_102' title="bbox 786 5077 4040 5161; baseline 0.004 -28"><span class='ocrx_word' id='word_1_698' title='bbox 786 5079 981 5151; x_wconf 65' lang='grc' dir='ltr'>ᾔδεσαν</span> <span class='ocrx_word' id='word_1_699' title='bbox 1009 5083 1059 5135; x_wconf 90' lang='grc' dir='ltr'><strong>οί</strong></span> <span class='ocrx_word' id='word_1_700' title='bbox 1091 5082 1221 5138; x_wconf 80' lang='grc' dir='ltr'>θεῖοι</span> <span class='ocrx_word' id='word_1_701' title='bbox 1268 5085 1458 5158; x_wconf 77' lang='grc' dir='ltr'>ἄνδρες</span> <span class='ocrx_word' id='word_1_702' title='bbox 1500 5090 1698 5142; x_wconf 75' lang='grc' dir='ltr'>ἐκεῖνοι</span> <span class='ocrx_word' id='word_1_703' title='bbox 1727 5088 1799 5143; x_wconf 80' lang='grc' dir='ltr'>τὰ</span> <span class='ocrx_word' id='word_1_704' title='bbox 1831 5089 2113 5161; x_wconf 81' lang='grc' dir='ltr'>πρόσφορα</span> <span class='ocrx_word' id='word_1_705' title='bbox 2140 5089 2356 5158; x_wconf 70' lang='grc' dir='ltr'>ἑκάστῳ</span> <span class='ocrx_word' id='word_1_706' title='bbox 2387 5086 2821 5160; x_wconf 82' lang='grc' dir='ltr'>προσαρμόττειν</span> <span class='ocrx_word' id='word_1_707' title='bbox 2848 5081 3046 5154; x_wconf 85' lang='grc' dir='ltr'>καιρῷ,</span> <span class='ocrx_word' id='word_1_708' title='bbox 3078 5081 3173 5136; x_wconf 77' lang='grc' dir='ltr'>καὶ</span> <span class='ocrx_word' id='word_1_709' title='bbox 3210 5081 3415 5152; x_wconf 82' lang='grc' dir='ltr'>πηνίκα</span> <span class='ocrx_word' id='word_1_710' title='bbox 3448 5080 3546 5151; x_wconf 79' lang='grc' dir='ltr'>μὲν</span> <span class='ocrx_word' id='word_1_711' title='bbox 3593 5079 3698 5149; x_wconf 68' lang='grc' dir='ltr'><strong>Χρὴ</strong></span> <span class='ocrx_word' id='word_1_712' title='bbox 3739 5077 3839 5148; x_wconf 64' lang='grc' dir='ltr'><strong>τὴν</strong></span> <span class='ocrx_word' id='word_1_713' title='bbox 3900 5077 4040 5145; x_wconf 59' lang='grc' dir='ltr'><strong>ἧσθ’·</strong></span> 
     </span>
    </p>
   </div>
   <div class='ocr_carea' id='block_1_103' title="bbox 788 5168 2650 5250">
    <p class='ocr_par' dir='ltr' id='par_1_103' title="bbox 788 5168 2650 5250">
     <span class='ocr_line' id='line_1_103' title="bbox 788 5168 2650 5250; baseline 0.009 -28"><span class='ocrx_word' id='word_1_714' title='bbox 788 5168 914 5241; x_wconf 87' lang='grc' dir='ltr'>χίαν</span> <span class='ocrx_word' id='word_1_715' title='bbox 938 5170 1298 5243; x_wconf 78' lang='grc' dir='ltr'>ἀσπάζεσθαι,</span> <span class='ocrx_word' id='word_1_716' title='bbox 1325 5176 1530 5247; x_wconf 88' lang='grc' dir='ltr'>πηνίκα</span> <span class='ocrx_word' id='word_1_717' title='bbox 1555 5177 1612 5230; x_wconf 70' lang='grc' dir='ltr'>δὲ</span> <span class='ocrx_word' id='word_1_718' title='bbox 1633 5179 1906 5250; x_wconf 78' lang='grc' dir='ltr'>προτιμᾷν</span> <span class='ocrx_word' id='word_1_719' title='bbox 1935 5178 2033 5242; x_wconf 81' lang='grc' dir='ltr'>τὰς</span> <span class='ocrx_word' id='word_1_720' title='bbox 2058 5177 2240 5240; x_wconf 85' lang='grc' dir='ltr'>πόλεις</span> <span class='ocrx_word' id='word_1_721' title='bbox 2262 5178 2355 5247; x_wconf 78' lang='grc' dir='ltr'><strong>τῆς</strong></span> <span class='ocrx_word' id='word_1_722' title='bbox 2396 5176 2650 5247; x_wconf 69' lang='grc' dir='ltr'>ἐρημίας·</span> 
     </span>
    </p>
   </div>
   <div class='ocr_carea' id='block_1_104' title="bbox 2079 5347 2758 5407">
    <p class='ocr_par' dir='ltr' id='par_1_104' title="bbox 2079 5347 2758 5407">
     <span class='ocr_line' id='line_1_104' title="bbox 2079 5347 2758 5407; baseline -0.003 -3"><span class='ocrx_word' id='word_1_723' title='bbox 2079 5348 2313 5406; x_wconf 60' lang='grc' dir='ltr'>νΑκιλΕ</span> <span class='ocrx_word' id='word_1_724' title='bbox 2348 5347 2758 5407; x_wconf 85' lang='lat' dir='ltr'><strong>LECTIONES.</strong></span> 
     </span>
    </p>
   </div>
   <div class='ocr_carea' id='block_1_105' title="bbox 886 5466 3319 5541">
    <p class='ocr_par' dir='ltr' id='par_1_105' title="bbox 886 5466 3319 5541">
     <span class='ocr_line' id='line_1_105' title="bbox 886 5466 3319 5541; baseline 0 -22"><span class='ocrx_word' id='word_1_725' title='bbox 886 5467 929 5499; x_wconf 78' lang='grc'>¹¹</span> <span class='ocrx_word' id='word_1_726' title='bbox 962 5466 1256 5541; x_wconf 72' lang='grc' dir='ltr'>τοιοῦτόνδε</span> <span class='ocrx_word' id='word_1_727' title='bbox 1305 5467 1464 5541; x_wconf 76' lang='lat' dir='ltr'><strong>Basil.</strong></span> <span class='ocrx_word' id='word_1_728' title='bbox 1505 5470 1599 5526; x_wconf 84' lang='lat' dir='ltr'><strong>Gr.</strong></span> <span class='ocrx_word' id='word_1_729' title='bbox 1679 5472 1723 5506; x_wconf 78' lang='grc'>⁸¹</span> <span class='ocrx_word' id='word_1_730' title='bbox 1754 5471 1809 5523; x_wconf 79' lang='grc' dir='ltr'>δὲ</span> <span class='ocrx_word' id='word_1_731' title='bbox 1857 5471 1910 5523; x_wconf 89' lang='lat' dir='ltr'><strong>in</strong></span> <span class='ocrx_word' id='word_1_732' title='bbox 1948 5472 2112 5525; x_wconf 78' lang='lat' dir='ltr'><strong>Basil.</strong></span> <span class='ocrx_word' id='word_1_733' title='bbox 2173 5470 2267 5523; x_wconf 84' lang='lat' dir='ltr'><strong>Gr.</strong></span> <span class='ocrx_word' id='word_1_734' title='bbox 2304 5481 2356 5525; x_wconf 79' lang='lat' dir='ltr'><strong>rt</strong></span> <span class='ocrx_word' id='word_1_735' title='bbox 2403 5470 2592 5541; x_wconf 80' lang='lat' dir='ltr'><strong>Steph.</strong></span> <span class='ocrx_word' id='word_1_736' title='bbox 2663 5470 2956 5537; x_wconf 80' lang='lat' dir='ltr'><strong>subjicitur</strong></span> <span class='ocrx_word' id='word_1_737' title='bbox 3000 5475 3122 5541; x_wconf 81' lang='lat' dir='ltr'><strong>post</strong></span> <span class='ocrx_word' id='word_1_738' title='bbox 3162 5466 3319 5535; x_wconf 82' lang='grc' dir='ltr'>δογμ.</span> 
     </span>
    </p>
   </div>
   <div class='ocr_carea' id='block_1_106' title="bbox 3395 5462 4043 5515">
    <p class='ocr_par' dir='ltr' id='par_1_106' title="bbox 3395 5462 4043 5515">
     <span class='ocr_line' id='line_1_106' title="bbox 3395 5462 4043 5515; baseline -0.006 0"><span class='ocrx_word' id='word_1_739' title='bbox 3395 5464 3441 5495; x_wconf 76' lang='grc'><strong>⁸³</strong></span> <span class='ocrx_word' id='word_1_740' title='bbox 3474 5462 3564 5515; x_wconf 71' lang='grc' dir='ltr'><strong>καὶ</strong></span> <span class='ocrx_word' id='word_1_741' title='bbox 3616 5462 3900 5514; x_wconf 73' lang='grc' dir='ltr'>Ἀντώνιον</span> <span class='ocrx_word' id='word_1_742' title='bbox 3950 5462 4043 5511; x_wconf 57' lang='grc' dir='ltr'>τδδν</span> 
     </span>
    </p>
   </div>
   <div class='ocr_carea' id='block_1_107' title="bbox 796 5532 4039 5610">
    <p class='ocr_par' dir='ltr' id='par_1_107' title="bbox 796 5532 4039 5610">
     <span class='ocr_line' id='line_1_107' title="bbox 796 5532 4039 5610; baseline -0.002 -23"><span class='ocrx_word' id='word_1_743' title='bbox 796 5536 964 5610; x_wconf 76' lang='grc' dir='ltr'>μέγαν</span> <span class='ocrx_word' id='word_1_744' title='bbox 999 5539 1197 5591; x_wconf 77' lang='lat' dir='ltr'><strong>habent</strong></span> <span class='ocrx_word' id='word_1_745' title='bbox 1229 5539 1384 5591; x_wconf 81' lang='lat' dir='ltr'><strong>codd.</strong></span> <span class='ocrx_word' id='word_1_746' title='bbox 1415 5541 1726 5609; x_wconf 66' lang='lat' dir='ltr'><strong>Christoph.</strong></span> <span class='ocrx_word' id='word_1_747' title='bbox 1758 5552 1809 5593; x_wconf 86' lang='lat' dir='ltr'><strong>et</strong></span> <span class='ocrx_word' id='word_1_748' title='bbox 1843 5541 2061 5595; x_wconf 71' lang='lat' dir='ltr'><strong>Valcsii.</strong></span> <span class='ocrx_word' id='word_1_749' title='bbox 2122 5543 2225 5595; x_wconf 73' lang='lat' dir='ltr'><strong>Sed</strong></span> <span class='ocrx_word' id='word_1_750' title='bbox 2261 5542 2422 5595; x_wconf 62' lang='lat' dir='ltr'><strong>Basil.</strong></span> <span class='ocrx_word' id='word_1_751' title='bbox 2457 5532 2513 5595; x_wconf 72' lang='grc' dir='ltr'><strong>ιιί</strong></span> <span class='ocrx_word' id='word_1_752' title='bbox 2538 5532 2797 5610; x_wconf 59' lang='lat' dir='ltr'><strong>Stephani.</strong></span> <span class='ocrx_word' id='word_1_753' title='bbox 2850 5532 3161 5610; x_wconf 65' lang='grc' dir='ltr'>ἐπιγραςιὴν</span> <span class='ocrx_word' id='word_1_754' title='bbox 3205 5532 3281 5587; x_wconf 61' lang='lat' dir='ltr'><strong>Sit&quot;</strong></span> <span class='ocrx_word' id='word_1_755' title='bbox 3326 5534 3579 5610; x_wconf 44' lang='lat' dir='ltr'><strong>(inhibent</strong></span> <span class='ocrx_word' id='word_1_756' title='bbox 3613 5551 3623 5583; x_wconf 93' lang='lat'><strong>:</strong></span> <span class='ocrx_word' id='word_1_757' title='bbox 3652 5532 3915 5610; x_wconf 25' lang='grc' dir='ltr'><strong>’Τὰ-’καττὰ</strong></span> <span class='ocrx_word' id='word_1_758' title='bbox 3947 5534 4039 5610; x_wconf 44' lang='grc' dir='ltr'><strong>τὶν</strong></span> 
     </span>
    </p>
   </div>
   <div class='ocr_carea' id='block_1_108' title="bbox 794 5608 2193 5680">
    <p class='ocr_par' dir='ltr' id='par_1_108' title="bbox 794 5608 2193 5680">
     <span class='ocr_line' id='line_1_108' title="bbox 794 5608 2193 5680; baseline 0.005 -21"><span class='ocrx_word' id='word_1_759' title='bbox 794 5608 1128 5680; x_wconf 30' lang='grc' dir='ltr'>ᾃςίιονυᾌντ.</span> <span class='ocrx_word' id='word_1_760' title='bbox 1149 5626 1197 5661; x_wconf 88' lang='grc' dir='ltr'><strong>τ.</strong></span> <span class='ocrx_word' id='word_1_761' title='bbox 1227 5609 1425 5680; x_wconf 78' lang='grc' dir='ltr'>μέγαν.</span> <span class='ocrx_word' id='word_1_762' title='bbox 1464 5678 1475 5680; x_wconf 84' lang='lat'>_</span> <span class='ocrx_word' id='word_1_763' title='bbox 1523 5612 1567 5641; x_wconf 72' lang='lat'><strong>&quot;‘</strong></span> <span class='ocrx_word' id='word_1_764' title='bbox 1597 5608 1691 5680; x_wconf 71' lang='grc' dir='ltr'>φρ.</span> <span class='ocrx_word' id='word_1_765' title='bbox 1734 5612 1875 5675; x_wconf 67' lang='grc' dir='ltr'>λέγω</span> <span class='ocrx_word' id='word_1_766' title='bbox 1907 5613 2069 5664; x_wconf 72' lang='lat' dir='ltr'><strong>Basil.</strong></span> <span class='ocrx_word' id='word_1_767' title='bbox 2100 5614 2193 5666; x_wconf 70' lang='lat' dir='ltr'><strong>(Ir.</strong></span> 
     </span>
    </p>
   </div>
   <div class='ocr_carea' id='block_1_109' title="bbox 796 5744 2171 5821">
    <p class='ocr_par' dir='ltr' id='par_1_109' title="bbox 796 5744 2171 5821">
     <span class='ocr_line' id='line_1_109' title="bbox 796 5744 2171 5821; baseline 0.006 -24"><span class='ocrx_word' id='word_1_768' title='bbox 796 5744 841 5775; x_wconf 80' lang='lat'><strong>&quot;</strong></span> <span class='ocrx_word' id='word_1_769' title='bbox 880 5744 1301 5802; x_wconf 74' lang='grc' dir='ltr'>Κωνσταντὶνου</span> <span class='ocrx_word' id='word_1_770' title='bbox 1331 5749 1495 5803; x_wconf 66' lang='grc' dir='ltr'>ΒμδίΙ.</span> <span class='ocrx_word' id='word_1_771' title='bbox 1560 5749 1655 5805; x_wconf 64' lang='lat' dir='ltr'><strong>Gr.</strong></span> <span class='ocrx_word' id='word_1_772' title='bbox 1694 5752 1826 5804; x_wconf 79' lang='lat' dir='ltr'><strong>vitio</strong></span> <span class='ocrx_word' id='word_1_773' title='bbox 1866 5744 2171 5821; x_wconf 44' lang='grc' dir='ltr'>ᾆδε-ἰ’ἱρινημίυ.</span> 
     </span>
    </p>
   </div>
   <div class='ocr_carea' id='block_1_110' title="bbox 2299 5612 2951 5679">
    <p class='ocr_par' dir='ltr' id='par_1_110' title="bbox 2299 5612 2951 5679">
     <span class='ocr_line' id='line_1_110' title="bbox 2299 5612 2951 5679; baseline -0.005 -14"><span class='ocrx_word' id='word_1_774' title='bbox 2299 5614 2342 5647; x_wconf 72' lang='grc'><strong>⁵⁵</strong></span> <span class='ocrx_word' id='word_1_775' title='bbox 2373 5612 2650 5675; x_wconf 72' lang='grc' dir='ltr'>εὐσεϐτῖας</span> <span class='ocrx_word' id='word_1_776' title='bbox 2684 5612 2871 5679; x_wconf 73' lang='lat' dir='ltr'><strong>Sit-ph.</strong></span> <span class='ocrx_word' id='word_1_777' title='bbox 2898 5618 2951 5662; x_wconf 72' lang='lat'><strong>‘2.</strong></span> 
     </span>
    </p>
   </div>
   <div class='ocr_carea' id='block_1_111' title="bbox 792 5676 2635 5754">
    <p class='ocr_par' dir='ltr' id='par_1_111' title="bbox 792 5676 2635 5754">
     <span class='ocr_line' id='line_1_111' title="bbox 792 5676 2635 5754; baseline 0.007 -28"><span class='ocrx_word' id='word_1_778' title='bbox 792 5676 920 5754; x_wconf 47' lang='lat'><strong>22:3.&quot;</strong></span> <span class='ocrx_word' id='word_1_779' title='bbox 942 5676 1161 5745; x_wconf 75' lang='grc' dir='ltr'>Βέροιαν</span> <span class='ocrx_word' id='word_1_780' title='bbox 1196 5676 1387 5754; x_wconf 71' lang='lat' dir='ltr'><strong>_Ilasi_l.</strong></span> <span class='ocrx_word' id='word_1_781' title='bbox 1573 5676 1766 5754; x_wconf 59' lang='lat' dir='ltr'><strong>ﬂeam</strong></span> <span class='ocrx_word' id='word_1_782' title='bbox 1819 5682 2154 5754; x_wconf 50' lang='lat' dir='ltr'><strong>Epiphanius</strong></span> <span class='ocrx_word' id='word_1_783' title='bbox 2185 5680 2319 5754; x_wconf 69' lang='lat' dir='ltr'><strong>VIII,</strong></span> <span class='ocrx_word' id='word_1_784' title='bbox 2358 5683 2390 5736; x_wconf 74' lang='grc' dir='ltr'><strong><em>ὃ</em></strong></span> <span class='ocrx_word' id='word_1_785' title='bbox 2428 5685 2635 5738; x_wconf 59' lang='grc' dir='ltr'>ιιιὶυδυ.</span> 
     </span>
    </p>
   </div>
   <div class='ocr_carea' id='block_1_112' title="bbox 3054 5601 4039 5678">
    <p class='ocr_par' dir='ltr' id='par_1_112' title="bbox 3054 5601 4039 5678">
     <span class='ocr_line' id='line_1_112' title="bbox 3054 5601 4039 5678; baseline -0.008 -20"><span class='ocrx_word' id='word_1_786' title='bbox 3054 5601 3095 5637; x_wconf 54' lang='grc' dir='ltr'><strong>’λδ</strong></span> <span class='ocrx_word' id='word_1_787' title='bbox 3126 5603 3701 5678; x_wconf 50' lang='grc' dir='ltr'>Ῐίερροιαίωνδινυρξι.</span> <span class='ocrx_word' id='word_1_788' title='bbox 3740 5603 3799 5655; x_wconf 92' lang='grc' dir='ltr'><strong>ΙΙ.</strong></span> <span class='ocrx_word' id='word_1_789' title='bbox 3947 5601 4039 5678; x_wconf 62' lang='lat' dir='ltr'><strong>XI,</strong></span> 
     </span>
    </p>
   </div>
   <div class='ocr_carea' id='block_1_113' title="bbox 2739 5674 4039 5741">
    <p class='ocr_par' dir='ltr' id='par_1_113' title="bbox 2739 5674 4039 5741">
     <span class='ocr_line' id='line_1_113' title="bbox 2739 5674 4039 5741; baseline -0.007 -9"><span class='ocrx_word' id='word_1_790' title='bbox 2739 5674 2794 5712; x_wconf 64' lang='grc' dir='ltr'><strong>’τ’</strong></span> <span class='ocrx_word' id='word_1_791' title='bbox 2825 5680 3001 5732; x_wconf 79' lang='grc' dir='ltr'>ἀπιὼν</span> <span class='ocrx_word' id='word_1_792' title='bbox 3040 5681 3132 5730; x_wconf 81' lang='grc' dir='ltr'><strong>καί</strong></span> <span class='ocrx_word' id='word_1_793' title='bbox 3185 5674 3418 5729; x_wconf 70' lang='grc' dir='ltr'>ἐπανιὼν</span> <span class='ocrx_word' id='word_1_794' title='bbox 3470 5676 3605 5729; x_wconf 69' lang='lat' dir='ltr'><strong>idem</strong></span> <span class='ocrx_word' id='word_1_795' title='bbox 3663 5690 3785 5726; x_wconf 65' lang='lat' dir='ltr'><strong>(,‘Illll</strong></span> <span class='ocrx_word' id='word_1_796' title='bbox 3847 5674 4039 5741; x_wconf 54' lang='lat' dir='ltr'><strong>Steph.</strong></span> 
     </span>
    </p>
   </div>
  </div>
