  <div class='ocr_page' id='page_1' title='image "/cluster/home/n/w/nwhite01/storage/ocr_20150623/82/nnc1.0046979700/642.png"; bbox 0 0 4218 6456; ppageno 0'>
   <div class='ocr_carea' id='block_1_1' title="bbox 186 420 329 484">
    <p class='ocr_par' dir='ltr' id='par_1_1' title="bbox 186 420 329 484">
     <span class='ocr_line' id='line_1_1' title="bbox 186 420 329 484; baseline 0.014 -2"><span class='ocrx_word' id='word_1_1' title='bbox 186 420 329 484; x_wconf 83' lang='lat'><strong>1193</strong></span> 
     </span>
    </p>
   </div>
   <div class='ocr_carea' id='block_1_2' title="bbox 1164 425 2523 498">
    <p class='ocr_par' dir='ltr' id='par_1_2' title="bbox 1164 425 2523 498">
     <span class='ocr_line' id='line_1_2' title="bbox 1164 425 2523 498; baseline 0.008 -13"><span class='ocrx_word' id='word_1_2' title='bbox 1164 425 1752 489; x_wconf 63' lang='lat' dir='ltr'><strong>ECCLESIASTICE</strong></span> <span class='ocrx_word' id='word_1_3' title='bbox 1793 429 2176 494; x_wconf 74' lang='lat' dir='ltr'><strong>HISTORI/E</strong></span> <span class='ocrx_word' id='word_1_4' title='bbox 2244 434 2389 495; x_wconf 83' lang='lat' dir='ltr'><strong>LIB.</strong></span> <span class='ocrx_word' id='word_1_5' title='bbox 2426 436 2523 498; x_wconf 88' lang='lat' dir='ltr'><strong>IV.</strong></span> 
     </span>
    </p>
   </div>
   <div class='ocr_carea' id='block_1_3' title="bbox 3300 429 3438 498">
    <p class='ocr_par' dir='ltr' id='par_1_3' title="bbox 3300 429 3438 498">
     <span class='ocr_line' id='line_1_3' title="bbox 3300 429 3438 498; baseline -0.014 -1"><span class='ocrx_word' id='word_1_6' title='bbox 3300 429 3438 498; x_wconf 64' lang='grc'><strong>1194</strong></span> 
     </span>
    </p>
   </div>
   <div class='ocr_carea' id='block_1_4' title="bbox 178 535 1844 619">
    <p class='ocr_par' dir='ltr' id='par_1_4' title="bbox 178 535 1837 611">
     <span class='ocr_line' id='line_1_4' title="bbox 178 535 1837 611; baseline 0.005 -24"><span class='ocrx_word' id='word_1_7' title='bbox 178 536 372 606; x_wconf 76' lang='grc' dir='ltr'>σεῦείᾳ</span> <span class='ocrx_word' id='word_1_8' title='bbox 402 535 891 607; x_wconf 80' lang='grc' dir='ltr'><strong>συντεθραμμένον.</strong></span> <span class='ocrx_word' id='word_1_9' title='bbox 929 537 1134 611; x_wconf 79' lang='grc' dir='ltr'>ᾝτησε</span> <span class='ocrx_word' id='word_1_10' title='bbox 1166 538 1273 609; x_wconf 78' lang='grc' dir='ltr'><strong>γὰρ</strong></span> <span class='ocrx_word' id='word_1_11' title='bbox 1299 539 1359 592; x_wconf 79' lang='grc' dir='ltr'><strong>οῦ</strong></span> <span class='ocrx_word' id='word_1_12' title='bbox 1401 541 1619 611; x_wconf 81' lang='grc' dir='ltr'>χρυσὸν,</span> <span class='ocrx_word' id='word_1_13' title='bbox 1642 542 1762 596; x_wconf 80' lang='grc' dir='ltr'>οὐδὲ</span> <span class='ocrx_word' id='word_1_14' title='bbox 1792 552 1837 608; x_wconf 77' lang='grc' dir='ltr'><strong>Α</strong></span> 
     </span>
    </p>
   </div>
   <div class='ocr_carea' id='block_1_5' title="bbox 1768 535 3434 619">
    <p class='ocr_par' dir='ltr' id='par_1_5' title="bbox 1792 544 3434 619">
     <span class='ocr_line' id='line_1_5' title="bbox 1792 544 3434 619; baseline 0.002 -20"><span class='ocrx_word' id='word_1_15' title='bbox 1792 544 2030 608; x_wconf 77' lang='grc' dir='ltr'><strong>ΑΡοιίἰι</strong></span> <span class='ocrx_word' id='word_1_16' title='bbox 2084 564 2254 611; x_wconf 84' lang='lat' dir='ltr'><strong>enim,</strong></span> <span class='ocrx_word' id='word_1_17' title='bbox 2310 564 2420 605; x_wconf 90' lang='lat' dir='ltr'><strong>non</strong></span> <span class='ocrx_word' id='word_1_18' title='bbox 2479 562 2694 613; x_wconf 88' lang='lat' dir='ltr'><strong>aurum,</strong></span> <span class='ocrx_word' id='word_1_19' title='bbox 2755 562 2933 619; x_wconf 90' lang='lat' dir='ltr'><strong>neque</strong></span> <span class='ocrx_word' id='word_1_20' title='bbox 2984 555 3295 617; x_wconf 85' lang='lat' dir='ltr'><strong>argentum,</strong></span> <span class='ocrx_word' id='word_1_21' title='bbox 3324 564 3434 603; x_wconf 88' lang='lat' dir='ltr'><strong>non</strong></span> 
     </span>
    </p>
   </div>
   <div class='ocr_carea' id='block_1_6' title="bbox 173 625 1758 697">
    <p class='ocr_par' dir='ltr' id='par_1_6' title="bbox 173 625 1758 697">
     <span class='ocr_line' id='line_1_6' title="bbox 173 625 1758 697; baseline 0.006 -20"><span class='ocrx_word' id='word_1_22' title='bbox 173 625 448 696; x_wconf 73' lang='grc' dir='ltr'>ἄργυρον,</span> <span class='ocrx_word' id='word_1_23' title='bbox 480 627 541 679; x_wconf 85' lang='grc' dir='ltr'>οὐ</span> <span class='ocrx_word' id='word_1_24' title='bbox 566 626 786 697; x_wconf 82' lang='grc' dir='ltr'><strong>χωρίον,</strong></span> <span class='ocrx_word' id='word_1_25' title='bbox 814 626 874 679; x_wconf 85' lang='grc' dir='ltr'>οὐ</span> <span class='ocrx_word' id='word_1_26' title='bbox 900 626 1241 693; x_wconf 80' lang='grc' dir='ltr'><strong>δυναστείαν,</strong></span> <span class='ocrx_word' id='word_1_27' title='bbox 1269 632 1369 684; x_wconf 84' lang='grc' dir='ltr'>οὐκ</span> <span class='ocrx_word' id='word_1_28' title='bbox 1400 632 1599 694; x_wconf 90' lang='grc' dir='ltr'>οίκίαν,</span> <span class='ocrx_word' id='word_1_29' title='bbox 1641 633 1758 686; x_wconf 80' lang='grc' dir='ltr'>ἀλλ’</span> 
     </span>
    </p>
   </div>
   <div class='ocr_carea' id='block_1_7' title="bbox 175 716 1760 793">
    <p class='ocr_par' dir='ltr' id='par_1_7' title="bbox 175 716 1760 793">
     <span class='ocr_line' id='line_1_7' title="bbox 175 716 1760 793; baseline 0.008 -27"><span class='ocrx_word' id='word_1_30' title='bbox 175 716 487 786; x_wconf 74' lang='grc' dir='ltr'><strong>ἐκκλησίαν</strong></span> <span class='ocrx_word' id='word_1_31' title='bbox 514 717 926 788; x_wconf 62' lang='grc' dir='ltr'>παραηεθῆναι</span> <span class='ocrx_word' id='word_1_32' title='bbox 963 717 1093 788; x_wconf 87' lang='grc' dir='ltr'>μίαν</span> <span class='ocrx_word' id='word_1_33' title='bbox 1135 720 1247 784; x_wconf 83' lang='grc' dir='ltr'>τοῖς</span> <span class='ocrx_word' id='word_1_34' title='bbox 1274 720 1375 790; x_wconf 82' lang='grc' dir='ltr'>τῆς</span> <span class='ocrx_word' id='word_1_35' title='bbox 1399 722 1760 793; x_wconf 74' lang='grc' dir='ltr'>ἀποπολικῆς</span> 
     </span>
    </p>
   </div>
   <div class='ocr_carea' id='block_1_8' title="bbox 173 806 1760 881">
    <p class='ocr_par' dir='ltr' id='par_1_8' title="bbox 173 806 1760 881">
     <span class='ocr_line' id='line_1_8' title="bbox 173 806 1760 881; baseline 0.005 -23"><span class='ocrx_word' id='word_1_36' title='bbox 173 806 532 869; x_wconf 71' lang='grc' dir='ltr'>διδασκαλίας</span> <span class='ocrx_word' id='word_1_37' title='bbox 590 806 1120 878; x_wconf 69' lang='grc' dir='ltr'>προκινδυνεύουσιν.</span> <span class='ocrx_word' id='word_1_38' title='bbox 1183 809 1241 862; x_wconf 86' lang='lat'><strong>&#39;0</strong></span> <span class='ocrx_word' id='word_1_39' title='bbox 1287 810 1474 881; x_wconf 78' lang='grc' dir='ltr'>δὲτὴν</span> <span class='ocrx_word' id='word_1_40' title='bbox 1526 813 1760 867; x_wconf 77' lang='grc' dir='ltr'><strong>ἱκετείαν</strong></span> 
     </span>
    </p>
   </div>
   <div class='ocr_carea' id='block_1_9' title="bbox 172 896 1761 974">
    <p class='ocr_par' dir='ltr' id='par_1_9' title="bbox 172 896 1761 974">
     <span class='ocr_line' id='line_1_9' title="bbox 172 896 1761 974; baseline 0.007 -26"><span class='ocrx_word' id='word_1_41' title='bbox 172 896 493 965; x_wconf 79' lang='grc' dir='ltr'>δεξάμενος,</span> <span class='ocrx_word' id='word_1_42' title='bbox 552 897 646 952; x_wconf 89' lang='grc' dir='ltr'><strong>καὶ</strong></span> <span class='ocrx_word' id='word_1_43' title='bbox 692 906 853 968; x_wconf 85' lang='grc' dir='ltr'>γνους</span> <span class='ocrx_word' id='word_1_44' title='bbox 876 900 946 953; x_wconf 83' lang='grc' dir='ltr'><strong>τὰ</strong></span> <span class='ocrx_word' id='word_1_45' title='bbox 979 901 1294 970; x_wconf 82' lang='grc' dir='ltr'>ὲγκείμενα,</span> <span class='ocrx_word' id='word_1_46' title='bbox 1338 904 1648 974; x_wconf 83' lang='grc' dir='ltr'>χαλεπήνας</span> <span class='ocrx_word' id='word_1_47' title='bbox 1685 906 1761 959; x_wconf 89' lang='grc' dir='ltr'>δι-</span> 
     </span>
    </p>
   </div>
   <div class='ocr_carea' id='block_1_10' title="bbox 173 985 1760 1060">
    <p class='ocr_par' dir='ltr' id='par_1_10' title="bbox 173 985 1760 1060">
     <span class='ocr_line' id='line_1_10' title="bbox 173 985 1760 1060; baseline 0.006 -24"><span class='ocrx_word' id='word_1_48' title='bbox 173 985 404 1056; x_wconf 69' lang='grc' dir='ltr'>έρρηξε,</span> <span class='ocrx_word' id='word_1_49' title='bbox 444 988 539 1042; x_wconf 88' lang='grc' dir='ltr'><strong>καί</strong></span> <span class='ocrx_word' id='word_1_50' title='bbox 559 988 607 1040; x_wconf 72' lang='lat' dir='ltr'><strong>oi</strong></span> <span class='ocrx_word' id='word_1_51' title='bbox 639 987 777 1041; x_wconf 73' lang='grc' dir='ltr'>ἄλλα</span> <span class='ocrx_word' id='word_1_52' title='bbox 819 988 939 1042; x_wconf 71' lang='grc' dir='ltr'>τινὰ</span> <span class='ocrx_word' id='word_1_53' title='bbox 968 990 1190 1059; x_wconf 80' lang='grc' dir='ltr'>αίτῆσαι</span> <span class='ocrx_word' id='word_1_54' title='bbox 1224 990 1574 1060; x_wconf 76' lang='grc' dir='ltr'><strong>προσέταξεν.</strong></span> <span class='ocrx_word' id='word_1_55' title='bbox 1616 992 1676 1044; x_wconf 88' lang='grc' dir='ltr'>Ὀ</span> <span class='ocrx_word' id='word_1_56' title='bbox 1703 992 1760 1045; x_wconf 77' lang='grc' dir='ltr'>δὲ</span> 
     </span>
    </p>
   </div>
   <div class='ocr_carea' id='block_1_11' title="bbox 172 1078 1757 1153">
    <p class='ocr_par' dir='ltr' id='par_1_11' title="bbox 172 1078 1757 1153">
     <span class='ocr_line' id='line_1_11' title="bbox 172 1078 1757 1153; baseline 0.004 -22"><span class='ocrx_word' id='word_1_57' title='bbox 172 1079 272 1146; x_wconf 73' lang='grc' dir='ltr'>τῆς</span> <span class='ocrx_word' id='word_1_58' title='bbox 299 1078 513 1141; x_wconf 82' lang='grc' dir='ltr'>ἱκεσίας</span> <span class='ocrx_word' id='word_1_59' title='bbox 544 1079 800 1145; x_wconf 75' lang='grc' dir='ltr'>συλλέξας</span> <span class='ocrx_word' id='word_1_60' title='bbox 826 1078 892 1132; x_wconf 82' lang='grc' dir='ltr'><strong>τά</strong></span> <span class='ocrx_word' id='word_1_61' title='bbox 927 1080 1203 1149; x_wconf 75' lang='grc' dir='ltr'>ῥήγματαο</span> <span class='ocrx_word' id='word_1_62' title='bbox 1228 1099 1246 1134; x_wconf 83' lang='grc' dir='ltr'><strong>ι</strong></span> <span class='ocrx_word' id='word_1_63' title='bbox 1270 1082 1583 1152; x_wconf 82' lang='grc' dir='ltr'>Ἐδεξάμην,</span> <span class='ocrx_word' id='word_1_64' title='bbox 1612 1082 1757 1153; x_wconf 62' lang='lat'><strong>[194)</strong></span> 
     </span>
    </p>
   </div>
   <div class='ocr_carea' id='block_1_12' title="bbox 173 1162 1760 1245">
    <p class='ocr_par' dir='ltr' id='par_1_12' title="bbox 173 1162 1760 1245">
     <span class='ocr_line' id='line_1_12' title="bbox 173 1162 1760 1245; baseline 0.007 -28"><span class='ocrx_word' id='word_1_65' title='bbox 173 1167 302 1237; x_wconf 74' lang='grc' dir='ltr'>ἔφη,</span> <span class='ocrx_word' id='word_1_66' title='bbox 331 1162 379 1221; x_wconf 80' lang='grc' dir='ltr'><strong>ὦ</strong></span> <span class='ocrx_word' id='word_1_67' title='bbox 414 1168 655 1239; x_wconf 88' lang='grc' dir='ltr'>βασιλεῦ,</span> <span class='ocrx_word' id='word_1_68' title='bbox 696 1170 789 1223; x_wconf 82' lang='grc' dir='ltr'><strong>καὶ</strong></span> <span class='ocrx_word' id='word_1_69' title='bbox 836 1170 945 1239; x_wconf 76' lang='grc' dir='ltr'>ἔχω</span> <span class='ocrx_word' id='word_1_70' title='bbox 976 1169 1037 1222; x_wconf 82' lang='grc' dir='ltr'>τὸ</span> <span class='ocrx_word' id='word_1_71' title='bbox 1078 1171 1271 1241; x_wconf 82' lang='grc' dir='ltr'>δῶρον,</span> <span class='ocrx_word' id='word_1_72' title='bbox 1306 1173 1403 1227; x_wconf 80' lang='grc' dir='ltr'>καὶ</span> <span class='ocrx_word' id='word_1_73' title='bbox 1446 1173 1632 1245; x_wconf 71' lang='grc' dir='ltr'>ἓτερον</span> <span class='ocrx_word' id='word_1_74' title='bbox 1660 1175 1760 1227; x_wconf 82' lang='grc' dir='ltr'>οὐκ</span> 
     </span>
    </p>
   </div>
   <div class='ocr_carea' id='block_1_13' title="bbox 173 1258 1753 1338">
    <p class='ocr_par' dir='ltr' id='par_1_13' title="bbox 173 1258 1753 1338">
     <span class='ocr_line' id='line_1_13' title="bbox 173 1258 1753 1338; baseline 0.006 -29"><span class='ocrx_word' id='word_1_75' title='bbox 173 1258 409 1329; x_wconf 71' lang='grc' dir='ltr'>αἰτήσω.</span> <span class='ocrx_word' id='word_1_76' title='bbox 466 1262 682 1315; x_wconf 81' lang='grc' dir='ltr'>Σκοποῦ</span> <span class='ocrx_word' id='word_1_77' title='bbox 709 1263 816 1333; x_wconf 84' lang='grc' dir='ltr'><strong>γὰρ</strong></span> <span class='ocrx_word' id='word_1_78' title='bbox 862 1266 1052 1336; x_wconf 83' lang='grc' dir='ltr'>κριτὴς</span> <span class='ocrx_word' id='word_1_79' title='bbox 1082 1267 1111 1317; x_wconf 86' lang='grc' dir='ltr'>ὁ</span> <span class='ocrx_word' id='word_1_80' title='bbox 1162 1265 1270 1318; x_wconf 82' lang='grc' dir='ltr'>τῶν</span> <span class='ocrx_word' id='word_1_81' title='bbox 1311 1265 1447 1319; x_wconf 88' lang='grc' dir='ltr'>δλων</span> <span class='ocrx_word' id='word_1_82' title='bbox 1491 1268 1701 1338; x_wconf 77' lang='grc' dir='ltr'>κριτής.</span> <span class='ocrx_word' id='word_1_83' title='bbox 1734 1285 1753 1319; x_wconf 76' lang='grc' dir='ltr'><strong>ι</strong></span> 
     </span>
    </p>
   </div>
   <div class='ocr_carea' id='block_1_14' title="bbox 774 1457 1161 1510">
    <p class='ocr_par' dir='ltr' id='par_1_14' title="bbox 774 1457 1161 1510">
     <span class='ocr_line' id='line_1_14' title="bbox 774 1457 1161 1510; baseline 0 0"><span class='ocrx_word' id='word_1_84' title='bbox 774 1457 1027 1510; x_wconf 71' lang='grc' dir='ltr'><strong>ΚΕΦΛΛ.</strong></span> <span class='ocrx_word' id='word_1_85' title='bbox 1082 1457 1161 1510; x_wconf 82' lang='lat' dir='ltr'><strong>A&#39;.</strong></span> 
     </span>
    </p>
   </div>
   <div class='ocr_carea' id='block_1_15' title="bbox 238 1544 1758 1633">
    <p class='ocr_par' dir='ltr' id='par_1_15' title="bbox 238 1544 1758 1633">
     <span class='ocr_line' id='line_1_15' title="bbox 238 1544 1758 1633; baseline 0.001 -34"><span class='ocrx_word' id='word_1_86' title='bbox 238 1545 384 1614; x_wconf 73' lang='grc' dir='ltr'>Περὶ</span> <span class='ocrx_word' id='word_1_87' title='bbox 410 1544 522 1614; x_wconf 80' lang='grc' dir='ltr'>τῆς</span> <span class='ocrx_word' id='word_1_88' title='bbox 576 1547 879 1613; x_wconf 75' lang='grc' dir='ltr'>Τραϊανοῦ,</span> <span class='ocrx_word' id='word_1_89' title='bbox 921 1546 1027 1633; x_wconf 67' lang='grc' dir='ltr'><strong>τοῦ</strong></span> <span class='ocrx_word' id='word_1_90' title='bbox 1054 1546 1393 1615; x_wconf 77' lang='grc' dir='ltr'>στρατηγοῦ</span> <span class='ocrx_word' id='word_1_91' title='bbox 1424 1546 1490 1613; x_wconf 70' lang='grc' dir='ltr'>δ’,</span> <span class='ocrx_word' id='word_1_92' title='bbox 1529 1549 1758 1616; x_wconf 66' lang='grc' dir='ltr'>παῤῥη-</span> 
     </span>
    </p>
   </div>
   <div class='ocr_carea' id='block_1_16' title="bbox 881 1633 1041 1681">
    <p class='ocr_par' dir='ltr' id='par_1_16' title="bbox 881 1633 1041 1681">
     <span class='ocr_line' id='line_1_16' title="bbox 881 1633 1041 1681; baseline 0.006 -13"><span class='ocrx_word' id='word_1_93' title='bbox 881 1633 1041 1681; x_wconf 72' lang='grc' dir='ltr'>σίας.</span> 
     </span>
    </p>
   </div>
   <div class='ocr_carea' id='block_1_17' title="bbox 258 1704 1759 1781">
    <p class='ocr_par' dir='ltr' id='par_1_17' title="bbox 258 1704 1759 1781">
     <span class='ocr_line' id='line_1_17' title="bbox 258 1704 1759 1781; baseline 0.005 -25"><span class='ocrx_word' id='word_1_94' title='bbox 258 1704 482 1777; x_wconf 85' lang='grc' dir='ltr'>Ἐπειδὴ</span> <span class='ocrx_word' id='word_1_95' title='bbox 510 1705 566 1758; x_wconf 83' lang='grc' dir='ltr'>δὲ</span> <span class='ocrx_word' id='word_1_96' title='bbox 600 1705 691 1758; x_wconf 78' lang='grc' dir='ltr'>τὸν</span> <span class='ocrx_word' id='word_1_97' title='bbox 727 1705 1001 1777; x_wconf 83' lang='grc' dir='ltr'>Βόσπορον</span> <span class='ocrx_word' id='word_1_98' title='bbox 1043 1706 1237 1769; x_wconf 76' lang='grc' dir='ltr'>διαϐάς</span> <span class='ocrx_word' id='word_1_99' title='bbox 1284 1709 1364 1770; x_wconf 88' lang='grc' dir='ltr'><strong>είς</strong></span> <span class='ocrx_word' id='word_1_100' title='bbox 1409 1708 1508 1780; x_wconf 81' lang='grc' dir='ltr'>τὴν</span> <span class='ocrx_word' id='word_1_101' title='bbox 1539 1708 1759 1781; x_wconf 78' lang='grc' dir='ltr'>Θρᾴκην</span> 
     </span>
    </p>
   </div>
   <div class='ocr_carea' id='block_1_18' title="bbox 172 1793 1759 1864">
    <p class='ocr_par' dir='ltr' id='par_1_18' title="bbox 172 1793 1759 1864">
     <span class='ocr_line' id='line_1_18' title="bbox 172 1793 1759 1864; baseline 0.005 -19"><span class='ocrx_word' id='word_1_102' title='bbox 172 1793 430 1860; x_wconf 69' lang='grc' dir='ltr'>ἀφίκετο,</span> <span class='ocrx_word' id='word_1_103' title='bbox 460 1795 673 1863; x_wconf 83' lang='grc' dir='ltr'>πρῶτον</span> <span class='ocrx_word' id='word_1_104' title='bbox 698 1796 794 1864; x_wconf 78' lang='grc' dir='ltr'>μὲν</span> <span class='ocrx_word' id='word_1_105' title='bbox 833 1798 890 1847; x_wconf 81' lang='grc' dir='ltr'>ὲν</span> <span class='ocrx_word' id='word_1_106' title='bbox 929 1798 1487 1852; x_wconf 86' lang='grc' dir='ltr'>Κωνσταντινουπόλει</span> <span class='ocrx_word' id='word_1_107' title='bbox 1512 1799 1759 1853; x_wconf 84' lang='grc' dir='ltr'>πλεῖστον</span> 
     </span>
    </p>
   </div>
   <div class='ocr_carea' id='block_1_19' title="bbox 169 1880 1427 1957">
    <p class='ocr_par' dir='ltr' id='par_1_19' title="bbox 169 1880 1427 1957">
     <span class='ocr_line' id='line_1_19' title="bbox 169 1880 1427 1957; baseline 0.006 -25"><span class='ocrx_word' id='word_1_108' title='bbox 169 1880 413 1949; x_wconf 75' lang='grc' dir='ltr'>διέτριψε</span> <span class='ocrx_word' id='word_1_109' title='bbox 436 1883 645 1952; x_wconf 90' lang='grc' dir='ltr'>χρόνον,</span> <span class='ocrx_word' id='word_1_110' title='bbox 674 1882 961 1953; x_wconf 84' lang='grc' dir='ltr'>δειμαίνων</span> <span class='ocrx_word' id='word_1_111' title='bbox 985 1884 1028 1915; x_wconf 66' lang='grc' dir='ltr'>δ’</span> <span class='ocrx_word' id='word_1_112' title='bbox 1058 1883 1150 1937; x_wconf 83' lang='grc' dir='ltr'>τὸν</span> <span class='ocrx_word' id='word_1_113' title='bbox 1180 1885 1427 1957; x_wconf 83' lang='grc' dir='ltr'>πόλεμον.</span> 
     </span>
    </p>
   </div>
   <div class='ocr_carea' id='block_1_20' title="bbox 241 1973 1752 2047">
    <p class='ocr_par' dir='ltr' id='par_1_20' title="bbox 241 1973 1752 2047">
     <span class='ocr_line' id='line_1_20' title="bbox 241 1973 1752 2047; baseline 0.006 -24"><span class='ocrx_word' id='word_1_114' title='bbox 241 1973 511 2042; x_wconf 78' lang='grc' dir='ltr'>Τραϊανὸν</span> <span class='ocrx_word' id='word_1_115' title='bbox 542 1973 599 2025; x_wconf 86' lang='grc' dir='ltr'>δὲ</span> <span class='ocrx_word' id='word_1_116' title='bbox 641 1976 737 2027; x_wconf 81' lang='grc' dir='ltr'><strong>σὺν</strong></span> <span class='ocrx_word' id='word_1_117' title='bbox 777 1977 843 2045; x_wconf 77' lang='grc' dir='ltr'>τῇ</span> <span class='ocrx_word' id='word_1_118' title='bbox 880 1976 1113 2045; x_wconf 83' lang='grc' dir='ltr'>στρατιᾷ</span> <span class='ocrx_word' id='word_1_119' title='bbox 1140 1977 1229 2029; x_wconf 78' lang='grc' dir='ltr'>τὸν</span> <span class='ocrx_word' id='word_1_120' title='bbox 1278 1978 1581 2047; x_wconf 83' lang='grc' dir='ltr'>στρατηγὸν</span> <span class='ocrx_word' id='word_1_121' title='bbox 1613 1979 1752 2032; x_wconf 75' lang='grc' dir='ltr'>κατὰ</span> 
     </span>
    </p>
   </div>
   <div class='ocr_carea' id='block_1_21' title="bbox 169 2062 1752 2141">
    <p class='ocr_par' dir='ltr' id='par_1_21' title="bbox 169 2062 1752 2141">
     <span class='ocr_line' id='line_1_21' title="bbox 169 2062 1752 2141; baseline 0.006 -27"><span class='ocrx_word' id='word_1_122' title='bbox 169 2062 279 2114; x_wconf 81' lang='grc' dir='ltr'><strong>τῶν</strong></span> <span class='ocrx_word' id='word_1_123' title='bbox 328 2063 622 2135; x_wconf 74' lang='grc' dir='ltr'>βαρϐάρων</span> <span class='ocrx_word' id='word_1_124' title='bbox 696 2066 1036 2119; x_wconf 80' lang='grc' dir='ltr'>ἀπέστειλεν.</span> <span class='ocrx_word' id='word_1_125' title='bbox 1102 2067 1319 2137; x_wconf 73' lang='grc' dir='ltr'>Ἐπειδὴ</span> <span class='ocrx_word' id='word_1_126' title='bbox 1382 2069 1439 2121; x_wconf 78' lang='grc' dir='ltr'>δὲ</span> <span class='ocrx_word' id='word_1_127' title='bbox 1501 2070 1752 2141; x_wconf 70' lang='grc' dir='ltr'>ἡττηθεὶς</span> 
     </span>
    </p>
   </div>
   <div class='ocr_carea' id='block_1_22' title="bbox 171 2154 1751 2232">
    <p class='ocr_par' dir='ltr' id='par_1_22' title="bbox 171 2154 1751 2232">
     <span class='ocr_line' id='line_1_22' title="bbox 171 2154 1751 2232; baseline 0.008 -27"><span class='ocrx_word' id='word_1_128' title='bbox 171 2154 481 2221; x_wconf 71' lang='grc' dir='ltr'>ἐπανῆλθεν</span> <span class='ocrx_word' id='word_1_129' title='bbox 520 2158 744 2220; x_wconf 77' lang='grc' dir='ltr'>ἐκεῖνος,</span> <span class='ocrx_word' id='word_1_130' title='bbox 778 2157 1097 2227; x_wconf 76' lang='grc' dir='ltr'>ἐλοιδορεῖτο</span> <span class='ocrx_word' id='word_1_131' title='bbox 1134 2158 1252 2211; x_wconf 88' lang='grc' dir='ltr'>λίαν</span> <span class='ocrx_word' id='word_1_132' title='bbox 1285 2160 1499 2229; x_wconf 83' lang='grc' dir='ltr'>Οὐάλης</span> <span class='ocrx_word' id='word_1_133' title='bbox 1532 2162 1597 2223; x_wconf 68' lang='grc'><strong>⁸⁸,</strong></span> <span class='ocrx_word' id='word_1_134' title='bbox 1646 2180 1751 2232; x_wconf 86' lang='grc' dir='ltr'>μα-</span> 
     </span>
    </p>
   </div>
   <div class='ocr_carea' id='block_1_23' title="bbox 170 2244 1750 2326">
    <p class='ocr_par' dir='ltr' id='par_1_23' title="bbox 170 2244 1750 2326">
     <span class='ocr_line' id='line_1_23' title="bbox 170 2244 1750 2326; baseline 0.006 -29"><span class='ocrx_word' id='word_1_135' title='bbox 170 2244 367 2298; x_wconf 86' lang='grc' dir='ltr'>λακίαν</span> <span class='ocrx_word' id='word_1_136' title='bbox 402 2246 550 2317; x_wconf 76' lang='grc' dir='ltr'>αὐτῷ</span> <span class='ocrx_word' id='word_1_137' title='bbox 596 2248 690 2300; x_wconf 77' lang='grc' dir='ltr'>καὶ</span> <span class='ocrx_word' id='word_1_138' title='bbox 727 2248 926 2301; x_wconf 85' lang='grc' dir='ltr'>δειλίαν</span> <span class='ocrx_word' id='word_1_139' title='bbox 969 2249 1234 2318; x_wconf 70' lang='grc' dir='ltr'>ἐγκαλῶν.</span> <span class='ocrx_word' id='word_1_140' title='bbox 1288 2251 1347 2305; x_wconf 89' lang='lat'><strong>&#39;0</strong></span> <span class='ocrx_word' id='word_1_141' title='bbox 1377 2252 1433 2305; x_wconf 78' lang='grc' dir='ltr'>δὲ</span> <span class='ocrx_word' id='word_1_142' title='bbox 1470 2255 1750 2326; x_wconf 73' lang='grc' dir='ltr'>παρρησίᾳ</span> 
     </span>
    </p>
   </div>
   <div class='ocr_carea' id='block_1_24' title="bbox 170 2338 1745 2417">
    <p class='ocr_par' dir='ltr' id='par_1_24' title="bbox 170 2338 1745 2417">
     <span class='ocr_line' id='line_1_24' title="bbox 170 2338 1745 2417; baseline 0.006 -28"><span class='ocrx_word' id='word_1_143' title='bbox 170 2338 519 2406; x_wconf 81' lang='grc' dir='ltr'>χρησάμενος</span> <span class='ocrx_word' id='word_1_144' title='bbox 564 2340 717 2409; x_wconf 74' lang='grc' dir='ltr'>ἀνδρὶ</span> <span class='ocrx_word' id='word_1_145' title='bbox 750 2342 983 2412; x_wconf 86' lang='grc' dir='ltr'>γενναίῳ</span> <span class='ocrx_word' id='word_1_146' title='bbox 1040 2344 1345 2417; x_wconf 78' lang='grc' dir='ltr'>πρεπούσῃ²</span> <span class='ocrx_word' id='word_1_147' title='bbox 1384 2364 1403 2396; x_wconf 80' lang='lat' dir='ltr'><strong>t</strong></span> <span class='ocrx_word' id='word_1_148' title='bbox 1442 2345 1555 2399; x_wconf 78' lang='grc' dir='ltr'><strong>Οὐκ</strong></span> <span class='ocrx_word' id='word_1_149' title='bbox 1613 2348 1745 2415; x_wconf 73' lang='grc' dir='ltr'>ἐγὼ,</span> 
     </span>
    </p>
   </div>
   <div class='ocr_carea' id='block_1_25' title="bbox 169 2422 1743 2509">
    <p class='ocr_par' dir='ltr' id='par_1_25' title="bbox 169 2422 1743 2509">
     <span class='ocr_line' id='line_1_25' title="bbox 169 2422 1743 2509; baseline 0.007 -29"><span class='ocrx_word' id='word_1_150' title='bbox 169 2426 295 2499; x_wconf 75' lang='grc' dir='ltr'>ἔφη,</span> <span class='ocrx_word' id='word_1_151' title='bbox 319 2422 366 2482; x_wconf 82' lang='grc' dir='ltr'><strong>ὧ</strong></span> <span class='ocrx_word' id='word_1_152' title='bbox 392 2429 633 2499; x_wconf 87' lang='grc' dir='ltr'>βασιλεῦ,</span> <span class='ocrx_word' id='word_1_153' title='bbox 663 2432 924 2503; x_wconf 70' lang='grc' dir='ltr'>ἧττημαισ</span> <span class='ocrx_word' id='word_1_154' title='bbox 956 2434 1090 2487; x_wconf 81' lang='grc' dir='ltr'>ἀλλὰ</span> <span class='ocrx_word' id='word_1_155' title='bbox 1119 2438 1181 2488; x_wconf 72' lang='grc' dir='ltr'>σὺ</span> <span class='ocrx_word' id='word_1_156' title='bbox 1205 2437 1343 2508; x_wconf 87' lang='grc' dir='ltr'>πρόη</span> <span class='ocrx_word' id='word_1_157' title='bbox 1372 2438 1415 2469; x_wconf 69' lang='grc' dir='ltr'>δ’</span> <span class='ocrx_word' id='word_1_158' title='bbox 1441 2438 1541 2509; x_wconf 82' lang='grc' dir='ltr'>τὴν</span> <span class='ocrx_word' id='word_1_159' title='bbox 1568 2439 1743 2509; x_wconf 86' lang='grc' dir='ltr'>νίκην,</span> 
     </span>
    </p>
   </div>
   <div class='ocr_carea' id='block_1_26' title="bbox 170 2521 1745 2601">
    <p class='ocr_par' dir='ltr' id='par_1_26' title="bbox 170 2521 1745 2601">
     <span class='ocr_line' id='line_1_26' title="bbox 170 2521 1745 2601; baseline 0.008 -29"><span class='ocrx_word' id='word_1_160' title='bbox 170 2522 311 2574; x_wconf 76' lang='grc' dir='ltr'>κατὰ</span> <span class='ocrx_word' id='word_1_161' title='bbox 337 2521 433 2575; x_wconf 88' lang='grc' dir='ltr'><strong>τοῦ</strong></span> <span class='ocrx_word' id='word_1_162' title='bbox 467 2522 602 2575; x_wconf 90' lang='grc' dir='ltr'>Θεοῦ</span> <span class='ocrx_word' id='word_1_163' title='bbox 633 2525 1133 2595; x_wconf 77' lang='grc' dir='ltr'>παραταττόμενος,</span> <span class='ocrx_word' id='word_1_164' title='bbox 1164 2529 1259 2581; x_wconf 72' lang='grc' dir='ltr'><strong>καὶ</strong></span> <span class='ocrx_word' id='word_1_165' title='bbox 1294 2529 1392 2599; x_wconf 83' lang='grc' dir='ltr'>τὴν</span> <span class='ocrx_word' id='word_1_166' title='bbox 1417 2530 1628 2583; x_wconf 72' lang='grc' dir='ltr'>ἐκείνου</span> <span class='ocrx_word' id='word_1_167' title='bbox 1655 2533 1745 2601; x_wconf 63' lang='lat' dir='ltr'><strong>d0-</strong></span> 
     </span>
    </p>
   </div>
   <div class='ocr_carea' id='block_1_27' title="bbox 170 2610 1747 2691">
    <p class='ocr_par' dir='ltr' id='par_1_27' title="bbox 170 2610 1747 2691">
     <span class='ocr_line' id='line_1_27' title="bbox 170 2610 1747 2691; baseline 0.007 -29"><span class='ocrx_word' id='word_1_168' title='bbox 170 2610 279 2681; x_wconf 76' lang='grc' dir='ltr'>πὴν</span> <span class='ocrx_word' id='word_1_169' title='bbox 316 2612 593 2683; x_wconf 76' lang='grc' dir='ltr'>προξενῶν</span> <span class='ocrx_word' id='word_1_170' title='bbox 616 2617 728 2677; x_wconf 81' lang='grc' dir='ltr'>τοῖς</span> <span class='ocrx_word' id='word_1_171' title='bbox 756 2615 1071 2686; x_wconf 77' lang='grc' dir='ltr'>βαρϐάροις.</span> <span class='ocrx_word' id='word_1_172' title='bbox 1108 2620 1265 2689; x_wconf 73' lang='grc' dir='ltr'>Παρὰ</span> <span class='ocrx_word' id='word_1_173' title='bbox 1303 2618 1397 2672; x_wconf 91' lang='grc' dir='ltr'><strong>σοῦ</strong></span> <span class='ocrx_word' id='word_1_174' title='bbox 1437 2622 1546 2691; x_wconf 77' lang='grc' dir='ltr'><strong>γὰρ</strong></span> <span class='ocrx_word' id='word_1_175' title='bbox 1587 2622 1747 2673; x_wconf 86' lang='grc' dir='ltr'>πολε-</span> 
     </span>
    </p>
   </div>
   <div class='ocr_carea' id='block_1_28' title="bbox 172 2702 1743 2784">
    <p class='ocr_par' dir='ltr' id='par_1_28' title="bbox 172 2702 1743 2784">
     <span class='ocr_line' id='line_1_28' title="bbox 172 2702 1743 2784; baseline 0.008 -30"><span class='ocrx_word' id='word_1_176' title='bbox 172 2702 463 2772; x_wconf 81' lang='grc' dir='ltr'>μούμενος,</span> <span class='ocrx_word' id='word_1_177' title='bbox 514 2705 740 2769; x_wconf 75' lang='grc' dir='ltr'>ἐκείνοις</span> <span class='ocrx_word' id='word_1_178' title='bbox 788 2708 1159 2761; x_wconf 80' lang='grc' dir='ltr'>συντάττεται·</span> <span class='ocrx_word' id='word_1_179' title='bbox 1206 2710 1282 2781; x_wconf 83' lang='grc' dir='ltr'>τῷ</span> <span class='ocrx_word' id='word_1_180' title='bbox 1318 2711 1375 2762; x_wconf 83' lang='grc' dir='ltr'>δὲ</span> <span class='ocrx_word' id='word_1_181' title='bbox 1419 2711 1743 2784; x_wconf 81' lang='grc' dir='ltr'>Θεῷὴνίκη</span> 
     </span>
    </p>
   </div>
   <div class='ocr_carea' id='block_1_29' title="bbox 166 2791 1746 2872">
    <p class='ocr_par' dir='ltr' id='par_1_29' title="bbox 166 2791 1746 2872">
     <span class='ocr_line' id='line_1_29' title="bbox 166 2791 1746 2872; baseline 0.007 -28"><span class='ocrx_word' id='word_1_182' title='bbox 166 2791 384 2856; x_wconf 66' lang='grc' dir='ltr'>ἕπεται,</span> <span class='ocrx_word' id='word_1_183' title='bbox 436 2794 531 2846; x_wconf 86' lang='grc' dir='ltr'>καὶ</span> <span class='ocrx_word' id='word_1_184' title='bbox 585 2797 699 2857; x_wconf 85' lang='grc' dir='ltr'>τοῖς</span> <span class='ocrx_word' id='word_1_185' title='bbox 748 2795 851 2848; x_wconf 82' lang='grc' dir='ltr'><strong>ὑπὸ</strong></span> <span class='ocrx_word' id='word_1_186' title='bbox 912 2797 1005 2850; x_wconf 90' lang='grc' dir='ltr'><strong>τοῦ</strong></span> <span class='ocrx_word' id='word_1_187' title='bbox 1052 2798 1187 2852; x_wconf 89' lang='grc' dir='ltr'>Θεοῦ</span> <span class='ocrx_word' id='word_1_188' title='bbox 1254 2803 1746 2872; x_wconf 82' lang='grc' dir='ltr'>στρατηγουμένοις</span> 
     </span>
    </p>
   </div>
   <div class='ocr_carea' id='block_1_30' title="bbox 167 2884 1745 2965">
    <p class='ocr_par' dir='ltr' id='par_1_30' title="bbox 167 2884 1745 2965">
     <span class='ocr_line' id='line_1_30' title="bbox 167 2884 1745 2965; baseline 0.007 -30"><span class='ocrx_word' id='word_1_189' title='bbox 167 2885 543 2953; x_wconf 77' lang='grc' dir='ltr'>προσγίνεται.</span> <span class='ocrx_word' id='word_1_190' title='bbox 586 2887 656 2940; x_wconf 81' lang='grc' dir='ltr'><strong>Ἦ</strong></span> <span class='ocrx_word' id='word_1_191' title='bbox 687 2884 785 2941; x_wconf 81' lang='grc' dir='ltr'>οὐκ</span> <span class='ocrx_word' id='word_1_192' title='bbox 824 2886 1000 2954; x_wconf 70' lang='grc' dir='ltr'>οἶσθα,</span> <span class='ocrx_word' id='word_1_193' title='bbox 1042 2889 1167 2960; x_wconf 74' lang='grc' dir='ltr'>ἔφη,</span> <span class='ocrx_word' id='word_1_194' title='bbox 1202 2890 1357 2955; x_wconf 90' lang='grc' dir='ltr'>τίνας</span> <span class='ocrx_word' id='word_1_195' title='bbox 1391 2892 1500 2945; x_wconf 85' lang='grc' dir='ltr'><strong>τῶν</strong></span> <span class='ocrx_word' id='word_1_196' title='bbox 1556 2895 1745 2965; x_wconf 75' lang='grc' dir='ltr'>ἐκκλη-</span> 
     </span>
    </p>
   </div>
   <div class='ocr_carea' id='block_1_31' title="bbox 167 2974 1745 3053">
    <p class='ocr_par' dir='ltr' id='par_1_31' title="bbox 167 2974 1745 3053">
     <span class='ocr_line' id='line_1_31' title="bbox 167 2974 1745 3053; baseline 0.009 -27"><span class='ocrx_word' id='word_1_197' title='bbox 167 2974 299 3027; x_wconf 81' lang='grc' dir='ltr'>σιῶν</span> <span class='ocrx_word' id='word_1_198' title='bbox 320 2975 602 3041; x_wconf 76' lang='grc' dir='ltr'>ἐξελάσας,</span> <span class='ocrx_word' id='word_1_199' title='bbox 630 2978 739 3031; x_wconf 90' lang='grc' dir='ltr'>τίσι</span> <span class='ocrx_word' id='word_1_200' title='bbox 773 2980 1162 3051; x_wconf 82' lang='grc' dir='ltr'>παραδέδωκας</span> <span class='ocrx_word' id='word_1_201' title='bbox 1195 2983 1242 3013; x_wconf 81' lang='grc'><strong><em>⁸⁸</em></strong></span> <span class='ocrx_word' id='word_1_202' title='bbox 1270 2983 1532 3053; x_wconf 74' lang='grc' dir='ltr'>ταύταςίι</span> <span class='ocrx_word' id='word_1_203' title='bbox 1562 2986 1745 3040; x_wconf 87' lang='grc' dir='ltr'>Ταῦτα</span> 
     </span>
    </p>
   </div>
   <div class='ocr_carea' id='block_1_32' title="bbox 162 3068 1746 3149">
    <p class='ocr_par' dir='ltr' id='par_1_32' title="bbox 162 3068 1746 3149">
     <span class='ocr_line' id='line_1_32' title="bbox 162 3068 1746 3149; baseline 0.006 -27"><span class='ocrx_word' id='word_1_204' title='bbox 162 3068 220 3122; x_wconf 73' lang='grc' dir='ltr'>δὲ</span> <span class='ocrx_word' id='word_1_205' title='bbox 250 3070 655 3138; x_wconf 73' lang='grc' dir='ltr'>καὶἊρίνθεος,</span> <span class='ocrx_word' id='word_1_206' title='bbox 678 3072 772 3125; x_wconf 75' lang='grc' dir='ltr'>καὶ</span> <span class='ocrx_word' id='word_1_207' title='bbox 794 3072 1027 3144; x_wconf 86' lang='grc' dir='ltr'>Βίκτωρ,</span> <span class='ocrx_word' id='word_1_208' title='bbox 1063 3076 1359 3147; x_wconf 79' lang='grc' dir='ltr'>στρατηγοὶ</span> <span class='ocrx_word' id='word_1_209' title='bbox 1391 3078 1433 3109; x_wconf 77' lang='grc'>⁸⁸</span> <span class='ocrx_word' id='word_1_210' title='bbox 1464 3078 1572 3148; x_wconf 84' lang='grc' dir='ltr'><strong>γὰρ</strong></span> <span class='ocrx_word' id='word_1_211' title='bbox 1605 3074 1746 3149; x_wconf 78' lang='grc' dir='ltr'>ἦσαν</span> 
     </span>
    </p>
   </div>
   <div class='ocr_carea' id='block_1_33' title="bbox 166 3157 1744 3239">
    <p class='ocr_par' dir='ltr' id='par_1_33' title="bbox 166 3157 1744 3239">
     <span class='ocr_line' id='line_1_33' title="bbox 166 3157 1744 3239; baseline 0.008 -30"><span class='ocrx_word' id='word_1_212' title='bbox 166 3157 262 3210; x_wconf 80' lang='grc' dir='ltr'><strong>καὶ</strong></span> <span class='ocrx_word' id='word_1_213' title='bbox 290 3160 469 3224; x_wconf 67' lang='grc' dir='ltr'>αὐτοὶ,</span> <span class='ocrx_word' id='word_1_214' title='bbox 515 3163 974 3234; x_wconf 79' lang='grc' dir='ltr'>συνωμολόγησαν</span> <span class='ocrx_word' id='word_1_215' title='bbox 1024 3166 1070 3196; x_wconf 79' lang='grc'><strong>³⁸</strong></span> <span class='ocrx_word' id='word_1_216' title='bbox 1115 3164 1286 3230; x_wconf 71' lang='grc' dir='ltr'>οὕτως</span> <span class='ocrx_word' id='word_1_217' title='bbox 1315 3167 1478 3237; x_wconf 79' lang='grc' dir='ltr'>ἔχειν,</span> <span class='ocrx_word' id='word_1_218' title='bbox 1519 3170 1613 3222; x_wconf 80' lang='grc' dir='ltr'>καὶ</span> <span class='ocrx_word' id='word_1_219' title='bbox 1668 3168 1744 3239; x_wconf 81' lang='grc' dir='ltr'><strong>τῷ</strong></span> 
     </span>
    </p>
   </div>
   <div class='ocr_carea' id='block_1_34' title="bbox 169 3230 1814 3331">
    <p class='ocr_par' dir='ltr' id='par_1_34' title="bbox 169 3230 1814 3331">
     <span class='ocr_line' id='line_1_34' title="bbox 169 3230 1814 3331; baseline 0.012 -32"><span class='ocrx_word' id='word_1_220' title='bbox 169 3248 383 3318; x_wconf 83' lang='grc' dir='ltr'>βασιλεί</span> <span class='ocrx_word' id='word_1_221' title='bbox 410 3251 484 3323; x_wconf 86' lang='grc' dir='ltr'>μὴ</span> <span class='ocrx_word' id='word_1_222' title='bbox 506 3230 1190 3328; x_wconf 30' lang='grc' dir='ltr'>χαλεπαίνειν-παρῄνεσαν</span> <span class='ocrx_word' id='word_1_223' title='bbox 1209 3258 1306 3328; x_wconf 81' lang='grc' dir='ltr'>τὴν</span> <span class='ocrx_word' id='word_1_224' title='bbox 1435 3259 1675 3331; x_wconf 76' lang='grc' dir='ltr'>ἐλέγχοις</span> <span class='ocrx_word' id='word_1_225' title='bbox 1695 3230 1741 3296; x_wconf 41' lang='lat' dir='ltr'><strong>&#39;I&#39;</strong></span> <span class='ocrx_word' id='word_1_226' title='bbox 1771 3230 1814 3290; x_wconf 75' lang='lat' dir='ltr'><strong>C</strong></span> 
     </span>
    </p>
   </div>
   <div class='ocr_carea' id='block_1_35' title="bbox 167 3338 897 3414">
    <p class='ocr_par' dir='ltr' id='par_1_35' title="bbox 167 3338 897 3414">
     <span class='ocr_line' id='line_1_35' title="bbox 167 3338 897 3414; baseline 0.008 -23"><span class='ocrx_word' id='word_1_227' title='bbox 167 3338 424 3409; x_wconf 78' lang='grc' dir='ltr'>ἀλήθειαν</span> <span class='ocrx_word' id='word_1_228' title='bbox 445 3342 897 3414; x_wconf 77' lang='grc' dir='ltr'>συνεζευγμένην.</span> 
     </span>
    </p>
   </div>
   <div class='ocr_carea' id='block_1_36' title="bbox 745 3457 1150 3513">
    <p class='ocr_par' dir='ltr' id='par_1_36' title="bbox 745 3457 1150 3513">
     <span class='ocr_line' id='line_1_36' title="bbox 745 3457 1150 3513; baseline 0.01 -4"><span class='ocrx_word' id='word_1_229' title='bbox 745 3457 995 3513; x_wconf 80' lang='grc' dir='ltr'><strong>ΚΕΦᾹΛ.</strong></span> <span class='ocrx_word' id='word_1_230' title='bbox 1025 3459 1150 3513; x_wconf 80' lang='lat' dir='ltr'><strong>AA&#39;.</strong></span> 
     </span>
    </p>
   </div>
   <div class='ocr_carea' id='block_1_37' title="bbox 168 3542 1741 3620">
    <p class='ocr_par' dir='ltr' id='par_1_37' title="bbox 168 3542 1741 3620">
     <span class='ocr_line' id='line_1_37' title="bbox 168 3542 1741 3620; baseline 0.008 -25"><span class='ocrx_word' id='word_1_231' title='bbox 168 3542 305 3620; x_wconf 72' lang='grc' dir='ltr'>Περὶ</span> <span class='ocrx_word' id='word_1_232' title='bbox 338 3544 642 3620; x_wconf 78' lang='grc' dir='ltr'>’Ῑσαακίου</span> <span class='ocrx_word' id='word_1_233' title='bbox 663 3548 773 3620; x_wconf 74' lang='grc' dir='ltr'><strong>τοῦ</strong></span> <span class='ocrx_word' id='word_1_234' title='bbox 806 3548 875 3600; x_wconf 86' lang='grc' dir='ltr'><strong>ἐν</strong></span> <span class='ocrx_word' id='word_1_235' title='bbox 904 3552 1535 3605; x_wconf 75' lang='grc' dir='ltr'>Κωνσταντιγουπόλει</span> <span class='ocrx_word' id='word_1_236' title='bbox 1559 3555 1741 3620; x_wconf 83' lang='grc' dir='ltr'>μονά-</span> 
     </span>
    </p>
   </div>
   <div class='ocr_carea' id='block_1_38' title="bbox 233 3560 1740 3685">
    <p class='ocr_par' dir='ltr' id='par_1_38' title="bbox 233 3560 1740 3685">
     <span class='ocr_line' id='line_1_38' title="bbox 233 3560 1740 3620; baseline 0.009 -26"><span class='ocrx_word' id='word_1_237' title='bbox 233 3560 247 3594; x_wconf 77' lang='lat' dir='ltr'><em>z</em></span> <span class='ocrx_word' id='word_1_238' title='bbox 287 3560 305 3595; x_wconf 83' lang='grc' dir='ltr'><strong>ι</strong></span> <span class='ocrx_word' id='word_1_239' title='bbox 344 3560 642 3600; x_wconf 32' lang='grc' dir='ltr'>έισαακιου</span> <span class='ocrx_word' id='word_1_240' title='bbox 669 3564 773 3600; x_wconf 83' lang='grc' dir='ltr'><strong>του</strong></span> <span class='ocrx_word' id='word_1_241' title='bbox 806 3560 875 3600; x_wconf 84' lang='grc' dir='ltr'>εν</span> <span class='ocrx_word' id='word_1_242' title='bbox 904 3560 1535 3605; x_wconf 72' lang='grc' dir='ltr'>κωνσταντιγουπόλει</span> <span class='ocrx_word' id='word_1_243' title='bbox 1559 3560 1740 3620; x_wconf 81' lang='grc' dir='ltr'>μονά-</span> 
     </span>
     <span class='ocr_line' id='line_1_39' title="bbox 233 3560 1740 3685; baseline 0.009 -21"><span class='ocrx_word' id='word_1_244' title='bbox 233 3560 461 3678; x_wconf 49' lang='lat' dir='ltr'><strong>gar-(oc,</strong></span> <span class='ocrx_word' id='word_1_245' title='bbox 508 3618 605 3667; x_wconf 75' lang='grc' dir='ltr'><strong>καί</strong></span> <span class='ocrx_word' id='word_1_246' title='bbox 648 3619 1051 3685; x_wconf 79' lang='grc' dir='ltr'>Βρετανίωνος</span> <span class='ocrx_word' id='word_1_247' title='bbox 1084 3620 1131 3650; x_wconf 67' lang='grc'><strong><em>⁵⁵</em></strong></span> <span class='ocrx_word' id='word_1_248' title='bbox 1173 3621 1279 3674; x_wconf 86' lang='grc' dir='ltr'><strong>τοῦ</strong></span> <span class='ocrx_word' id='word_1_249' title='bbox 1326 3623 1583 3676; x_wconf 82' lang='grc' dir='ltr'>Σκυθίου</span> <span class='ocrx_word' id='word_1_250' title='bbox 1614 3625 1740 3677; x_wconf 86' lang='grc' dir='ltr'>ἐπι-</span> 
     </span>
    </p>
   </div>
   <div class='ocr_carea' id='block_1_39' title="bbox 231 3685 857 3754">
    <p class='ocr_par' dir='ltr' id='par_1_39' title="bbox 231 3685 857 3754">
     <span class='ocr_line' id='line_1_40' title="bbox 231 3685 857 3754; baseline 0.008 -19"><span class='ocrx_word' id='word_1_251' title='bbox 231 3685 473 3736; x_wconf 83' lang='grc' dir='ltr'>σκόπου</span> <span class='ocrx_word' id='word_1_252' title='bbox 500 3687 857 3754; x_wconf 65' lang='grc' dir='ltr'>παρρησίας.</span> 
     </span>
    </p>
   </div>
   <div class='ocr_carea' id='block_1_40' title="bbox 232 3774 1739 3853">
    <p class='ocr_par' dir='ltr' id='par_1_40' title="bbox 232 3774 1739 3853">
     <span class='ocr_line' id='line_1_41' title="bbox 232 3774 1739 3853; baseline 0.008 -28"><span class='ocrx_word' id='word_1_253' title='bbox 232 3774 371 3826; x_wconf 65' lang='grc' dir='ltr'>Φασὶ</span> <span class='ocrx_word' id='word_1_254' title='bbox 415 3774 473 3827; x_wconf 86' lang='grc' dir='ltr'>δὲ</span> <span class='ocrx_word' id='word_1_255' title='bbox 510 3776 603 3828; x_wconf 73' lang='grc' dir='ltr'>καὶ</span> <span class='ocrx_word' id='word_1_256' title='bbox 669 3778 943 3848; x_wconf 82' lang='grc' dir='ltr'>Ἰσαάκην,</span> <span class='ocrx_word' id='word_1_257' title='bbox 979 3779 1186 3848; x_wconf 82' lang='grc' dir='ltr'>σκηνὴν</span> <span class='ocrx_word' id='word_1_258' title='bbox 1218 3780 1406 3835; x_wconf 78' lang='grc' dir='ltr'>αὐτόθι</span> <span class='ocrx_word' id='word_1_259' title='bbox 1439 3784 1739 3853; x_wconf 77' lang='grc' dir='ltr'>μοναχικὴν</span> 
     </span>
    </p>
   </div>
   <div class='ocr_carea' id='block_1_41' title="bbox 167 3859 1736 3941">
    <p class='ocr_par' dir='ltr' id='par_1_41' title="bbox 167 3859 1736 3941">
     <span class='ocr_line' id='line_1_42' title="bbox 167 3859 1736 3941; baseline -0.003 -28"><span class='ocrx_word' id='word_1_260' title='bbox 167 3861 375 3931; x_wconf 73' lang='grc' dir='ltr'>ἔχοντα,</span> <span class='ocrx_word' id='word_1_261' title='bbox 408 3864 595 3933; x_wconf 80' lang='grc' dir='ltr'>ἐπειδὴ</span> <span class='ocrx_word' id='word_1_262' title='bbox 626 3859 763 3917; x_wconf 80' lang='grc' dir='ltr'>εἶδεν</span> <span class='ocrx_word' id='word_1_263' title='bbox 819 3866 982 3919; x_wconf 76' lang='grc' dir='ltr'>αὑτὸν</span> <span class='ocrx_word' id='word_1_264' title='bbox 1016 3866 1327 3932; x_wconf 79' lang='grc' dir='ltr'>συνεξιόντα</span> <span class='ocrx_word' id='word_1_265' title='bbox 1367 3872 1432 3939; x_wconf 80' lang='grc' dir='ltr'>τῇ</span> <span class='ocrx_word' id='word_1_266' title='bbox 1488 3872 1736 3941; x_wconf 59' lang='grc' dir='ltr'>στρατιᾷ,</span> 
     </span>
    </p>
   </div>
   <div class='ocr_carea' id='block_1_42' title="bbox 168 3950 1736 4028">
    <p class='ocr_par' dir='ltr' id='par_1_42' title="bbox 168 3950 1736 4028">
     <span class='ocr_line' id='line_1_43' title="bbox 168 3950 1736 4028; baseline 0.004 -21"><span class='ocrx_word' id='word_1_267' title='bbox 168 3950 259 4020; x_wconf 80' lang='grc' dir='ltr'><strong>βοῇ</strong></span> <span class='ocrx_word' id='word_1_268' title='bbox 317 3954 662 4024; x_wconf 83' lang='grc' dir='ltr'>χρησάμενον</span> <span class='ocrx_word' id='word_1_269' title='bbox 698 3955 883 4022; x_wconf 75' lang='grc' dir='ltr'>φάναιο</span> <span class='ocrx_word' id='word_1_270' title='bbox 921 3976 939 4009; x_wconf 85' lang='grc' dir='ltr'><strong>ι</strong></span> <span class='ocrx_word' id='word_1_271' title='bbox 986 3958 1084 4010; x_wconf 75' lang='grc' dir='ltr'><strong>Ποῖ</strong></span> <span class='ocrx_word' id='word_1_272' title='bbox 1123 3958 1376 4027; x_wconf 80' lang='grc' dir='ltr'>βαδίζεις,</span> <span class='ocrx_word' id='word_1_273' title='bbox 1410 3955 1457 4014; x_wconf 81' lang='grc' dir='ltr'>ὧ</span> <span class='ocrx_word' id='word_1_274' title='bbox 1495 3960 1736 4028; x_wconf 86' lang='grc' dir='ltr'>βασιλεῦ,</span> 
     </span>
    </p>
   </div>
   <div class='ocr_carea' id='block_1_43' title="bbox 167 4042 1738 4119">
    <p class='ocr_par' dir='ltr' id='par_1_43' title="bbox 167 4042 1738 4119">
     <span class='ocr_line' id='line_1_44' title="bbox 167 4042 1738 4119; baseline 0.006 -26"><span class='ocrx_word' id='word_1_275' title='bbox 167 4042 304 4095; x_wconf 69' lang='grc' dir='ltr'>κατὰ</span> <span class='ocrx_word' id='word_1_276' title='bbox 354 4042 495 4094; x_wconf 88' lang='grc' dir='ltr'>Θεοῦ</span> <span class='ocrx_word' id='word_1_277' title='bbox 550 4043 1043 4114; x_wconf 83' lang='grc' dir='ltr'>στρατευσάμενος,</span> <span class='ocrx_word' id='word_1_278' title='bbox 1101 4048 1195 4099; x_wconf 77' lang='grc' dir='ltr'>καὶ</span> <span class='ocrx_word' id='word_1_279' title='bbox 1226 4047 1415 4101; x_wconf 82' lang='grc' dir='ltr'>τοῦτον</span> <span class='ocrx_word' id='word_1_280' title='bbox 1446 4049 1545 4102; x_wconf 82' lang='grc' dir='ltr'>οὐκ</span> <span class='ocrx_word' id='word_1_281' title='bbox 1600 4049 1738 4119; x_wconf 76' lang='grc' dir='ltr'>ἔχων</span> 
     </span>
    </p>
   </div>
   <div class='ocr_carea' id='block_1_44' title="bbox 164 4133 1732 4208">
    <p class='ocr_par' dir='ltr' id='par_1_44' title="bbox 164 4133 1732 4208">
     <span class='ocr_line' id='line_1_45' title="bbox 164 4133 1732 4208; baseline 0.004 -23"><span class='ocrx_word' id='word_1_282' title='bbox 164 4134 485 4204; x_wconf 81' lang='grc' dir='ltr'>ὲπίκουρον;</span> <span class='ocrx_word' id='word_1_283' title='bbox 544 4134 715 4196; x_wconf 76' lang='grc' dir='ltr'>Αὐτὸς</span> <span class='ocrx_word' id='word_1_284' title='bbox 766 4133 875 4204; x_wconf 70' lang='grc' dir='ltr'><strong>γάρ</strong></span> <span class='ocrx_word' id='word_1_285' title='bbox 928 4136 1067 4188; x_wconf 86' lang='grc' dir='ltr'>κατά</span> <span class='ocrx_word' id='word_1_286' title='bbox 1113 4135 1207 4189; x_wconf 90' lang='grc' dir='ltr'><strong>σοῦ</strong></span> <span class='ocrx_word' id='word_1_287' title='bbox 1259 4138 1382 4199; x_wconf 81' lang='grc' dir='ltr'>τοὺς</span> <span class='ocrx_word' id='word_1_288' title='bbox 1426 4138 1732 4208; x_wconf 77' lang='grc' dir='ltr'>βαρϐάρους</span> 
     </span>
    </p>
   </div>
   <div class='ocr_carea' id='block_1_45' title="bbox 86 4225 1771 4298">
    <p class='ocr_par' dir='ltr' id='par_1_45' title="bbox 86 4225 1771 4298">
     <span class='ocr_line' id='line_1_46' title="bbox 86 4225 1771 4298; baseline 0.003 -20"><span class='ocrx_word' id='word_1_289' title='bbox 86 4226 88 4235; x_wconf 85' lang='grc'><em>’</em></span> <span class='ocrx_word' id='word_1_290' title='bbox 165 4225 472 4291; x_wconf 78' lang='grc' dir='ltr'>κεκίνηκεν,</span> <span class='ocrx_word' id='word_1_291' title='bbox 499 4225 682 4296; x_wconf 77' lang='grc' dir='ltr'>ἐπειδὴ</span> <span class='ocrx_word' id='word_1_292' title='bbox 707 4226 801 4279; x_wconf 83' lang='grc' dir='ltr'>καὶ</span> <span class='ocrx_word' id='word_1_293' title='bbox 853 4226 919 4277; x_wconf 79' lang='grc' dir='ltr'>σὺ</span> <span class='ocrx_word' id='word_1_294' title='bbox 946 4228 1065 4280; x_wconf 82' lang='grc' dir='ltr'>κατ’</span> <span class='ocrx_word' id='word_1_295' title='bbox 1098 4229 1294 4292; x_wconf 77' lang='grc' dir='ltr'>αὐτοὺς</span> <span class='ocrx_word' id='word_1_296' title='bbox 1339 4229 1540 4293; x_wconf 81' lang='grc' dir='ltr'>πολλὰς</span> <span class='ocrx_word' id='word_1_297' title='bbox 1564 4230 1739 4298; x_wconf 88' lang='grc' dir='ltr'>γλώτ-</span> <span class='ocrx_word' id='word_1_298' title='bbox 1764 4260 1771 4282; x_wconf 87' lang='lat' dir='ltr'><strong>l</strong></span> 
     </span>
    </p>
   </div>
   <div class='ocr_carea' id='block_1_46' title="bbox 162 4318 1736 4390">
    <p class='ocr_par' dir='ltr' id='par_1_46' title="bbox 162 4318 1736 4390">
     <span class='ocr_line' id='line_1_47' title="bbox 162 4318 1736 4390; baseline 0.004 -20"><span class='ocrx_word' id='word_1_299' title='bbox 162 4336 259 4381; x_wconf 87' lang='grc' dir='ltr'><strong>τας</strong></span> <span class='ocrx_word' id='word_1_300' title='bbox 296 4321 379 4380; x_wconf 86' lang='grc' dir='ltr'><strong>είς</strong></span> <span class='ocrx_word' id='word_1_301' title='bbox 417 4318 763 4388; x_wconf 81' lang='grc' dir='ltr'>βλασφημίαν</span> <span class='ocrx_word' id='word_1_302' title='bbox 792 4321 838 4351; x_wconf 85' lang='grc'>⁸⁸</span> <span class='ocrx_word' id='word_1_303' title='bbox 892 4321 1171 4390; x_wconf 78' lang='grc' dir='ltr'>ἐκίνησας,</span> <span class='ocrx_word' id='word_1_304' title='bbox 1222 4322 1315 4374; x_wconf 74' lang='grc' dir='ltr'>καὶ</span> <span class='ocrx_word' id='word_1_305' title='bbox 1356 4323 1482 4386; x_wconf 84' lang='grc' dir='ltr'>τοὺς</span> <span class='ocrx_word' id='word_1_306' title='bbox 1529 4324 1736 4377; x_wconf 79' lang='grc' dir='ltr'>ἐκεῖνον</span> 
     </span>
    </p>
   </div>
   <div class='ocr_carea' id='block_1_47' title="bbox 164 4409 1737 4486">
    <p class='ocr_par' dir='ltr' id='par_1_47' title="bbox 164 4409 1737 4486">
     <span class='ocr_line' id='line_1_48' title="bbox 164 4409 1737 4486; baseline 0.005 -25"><span class='ocrx_word' id='word_1_307' title='bbox 164 4410 466 4479; x_wconf 76' lang='grc' dir='ltr'>ὑμνοῦντας</span> <span class='ocrx_word' id='word_1_308' title='bbox 493 4409 604 4461; x_wconf 84' lang='grc' dir='ltr'>τῶν</span> <span class='ocrx_word' id='word_1_309' title='bbox 657 4409 819 4461; x_wconf 85' lang='grc' dir='ltr'>θείων</span> <span class='ocrx_word' id='word_1_310' title='bbox 858 4409 1024 4462; x_wconf 79' lang='grc' dir='ltr'>οῐκων</span> <span class='ocrx_word' id='word_1_311' title='bbox 1074 4412 1362 4479; x_wconf 81' lang='grc' dir='ltr'>ἑξήλασας.</span> <span class='ocrx_word' id='word_1_312' title='bbox 1416 4413 1629 4467; x_wconf 84' lang='grc' dir='ltr'>Παῦσαι</span> <span class='ocrx_word' id='word_1_313' title='bbox 1673 4416 1737 4486; x_wconf 82' lang='grc' dir='ltr'>δὴ</span> 
     </span>
    </p>
   </div>
   <div class='ocr_carea' id='block_1_48' title="bbox 161 4499 1735 4573">
    <p class='ocr_par' dir='ltr' id='par_1_48' title="bbox 161 4499 1735 4573">
     <span class='ocr_line' id='line_1_49' title="bbox 161 4499 1735 4573; baseline 0.003 -18"><span class='ocrx_word' id='word_1_314' title='bbox 161 4499 250 4555; x_wconf 73' lang='grc' dir='ltr'><strong>οὖν</strong></span> <span class='ocrx_word' id='word_1_315' title='bbox 283 4501 559 4571; x_wconf 72' lang='grc' dir='ltr'>πολεμῶν,</span> <span class='ocrx_word' id='word_1_316' title='bbox 595 4504 690 4554; x_wconf 78' lang='grc' dir='ltr'>καὶ</span> <span class='ocrx_word' id='word_1_317' title='bbox 714 4501 910 4554; x_wconf 85' lang='grc' dir='ltr'>παύσει</span> <span class='ocrx_word' id='word_1_318' title='bbox 944 4503 1034 4555; x_wconf 81' lang='grc' dir='ltr'>τὸν</span> <span class='ocrx_word' id='word_1_319' title='bbox 1066 4504 1321 4573; x_wconf 85' lang='grc' dir='ltr'>πόλεμον·</span> <span class='ocrx_word' id='word_1_320' title='bbox 1366 4505 1559 4569; x_wconf 81' lang='grc' dir='ltr'>ἀπόδος</span> <span class='ocrx_word' id='word_1_321' title='bbox 1614 4512 1735 4570; x_wconf 85' lang='grc' dir='ltr'>ταῖς</span> 
     </span>
    </p>
   </div>
   <div class='ocr_carea' id='block_1_49' title="bbox 1863 639 3436 712">
    <p class='ocr_par' dir='ltr' id='par_1_49' title="bbox 1863 639 3436 712">
     <span class='ocr_line' id='line_1_50' title="bbox 1863 639 3436 712; baseline 0.004 -23"><span class='ocrx_word' id='word_1_322' title='bbox 1863 650 2075 706; x_wconf 85' lang='lat' dir='ltr'><strong>agrum,</strong></span> <span class='ocrx_word' id='word_1_323' title='bbox 2125 655 2234 693; x_wconf 89' lang='lat' dir='ltr'><strong>non</strong></span> <span class='ocrx_word' id='word_1_324' title='bbox 2285 646 2639 712; x_wconf 89' lang='lat' dir='ltr'><strong>potestatem,</strong></span> <span class='ocrx_word' id='word_1_325' title='bbox 2674 653 2783 694; x_wconf 88' lang='lat' dir='ltr'><strong>non</strong></span> <span class='ocrx_word' id='word_1_326' title='bbox 2832 640 3076 703; x_wconf 93' lang='lat' dir='ltr'><strong>domum,</strong></span> <span class='ocrx_word' id='word_1_327' title='bbox 3128 639 3223 695; x_wconf 85' lang='lat' dir='ltr'><strong>sed</strong></span> <span class='ocrx_word' id='word_1_328' title='bbox 3258 642 3436 696; x_wconf 88' lang='lat' dir='ltr'><strong>eccle-</strong></span> 
     </span>
    </p>
   </div>
   <div class='ocr_carea' id='block_1_50' title="bbox 1862 729 3435 801">
    <p class='ocr_par' dir='ltr' id='par_1_50' title="bbox 1862 729 3435 801">
     <span class='ocr_line' id='line_1_51' title="bbox 1862 729 3435 801; baseline 0.002 -20"><span class='ocrx_word' id='word_1_329' title='bbox 1862 730 2002 781; x_wconf 88' lang='lat' dir='ltr'><strong>siam</strong></span> <span class='ocrx_word' id='word_1_330' title='bbox 2039 744 2203 781; x_wconf 83' lang='lat' dir='ltr'><strong>unam</strong></span> <span class='ocrx_word' id='word_1_331' title='bbox 2237 731 2305 785; x_wconf 91' lang='lat' dir='ltr'><strong>iis</strong></span> <span class='ocrx_word' id='word_1_332' title='bbox 2334 729 2562 786; x_wconf 81' lang='lat' dir='ltr'><strong>concedi</strong></span> <span class='ocrx_word' id='word_1_333' title='bbox 2597 731 2687 801; x_wconf 89' lang='lat' dir='ltr'><strong>qui</strong></span> <span class='ocrx_word' id='word_1_334' title='bbox 2730 742 2832 801; x_wconf 91' lang='lat' dir='ltr'><strong>pro</strong></span> <span class='ocrx_word' id='word_1_335' title='bbox 2856 729 3107 785; x_wconf 75' lang='lat' dir='ltr'><strong>doctrina</strong></span> <span class='ocrx_word' id='word_1_336' title='bbox 3134 729 3435 801; x_wconf 83' lang='lat' dir='ltr'><strong>apostolica</strong></span> 
     </span>
    </p>
   </div>
   <div class='ocr_carea' id='block_1_51' title="bbox 1860 816 3434 890">
    <p class='ocr_par' dir='ltr' id='par_1_51' title="bbox 1860 816 3434 890">
     <span class='ocr_line' id='line_1_52' title="bbox 1860 816 3434 890; baseline 0.001 -19"><span class='ocrx_word' id='word_1_337' title='bbox 1860 816 2233 873; x_wconf 77' lang='lat' dir='ltr'><strong>decertabant.</strong></span> <span class='ocrx_word' id='word_1_338' title='bbox 2270 819 2466 875; x_wconf 84' lang='lat' dir='ltr'><strong>Valens</strong></span> <span class='ocrx_word' id='word_1_339' title='bbox 2502 836 2653 885; x_wconf 89' lang='lat' dir='ltr'><strong>vero,</strong></span> <span class='ocrx_word' id='word_1_340' title='bbox 2691 827 2915 890; x_wconf 84' lang='lat' dir='ltr'><strong>accepto</strong></span> <span class='ocrx_word' id='word_1_341' title='bbox 2953 818 3159 885; x_wconf 90' lang='lat' dir='ltr'><strong>libello,</strong></span> <span class='ocrx_word' id='word_1_342' title='bbox 3193 827 3247 875; x_wconf 93' lang='lat' dir='ltr'><strong>et</strong></span> <span class='ocrx_word' id='word_1_343' title='bbox 3279 833 3434 874; x_wconf 66' lang='lat' dir='ltr'><strong>como</strong></span> 
     </span>
    </p>
   </div>
   <div class='ocr_carea' id='block_1_52' title="bbox 1860 909 3433 981">
    <p class='ocr_par' dir='ltr' id='par_1_52' title="bbox 1860 909 3433 981">
     <span class='ocr_line' id='line_1_53' title="bbox 1860 909 3433 981; baseline 0 -19"><span class='ocrx_word' id='word_1_344' title='bbox 1860 917 2016 977; x_wconf 84' lang='lat' dir='ltr'><strong>perte</strong></span> <span class='ocrx_word' id='word_1_345' title='bbox 2046 910 2178 981; x_wconf 87' lang='lat' dir='ltr'><strong>quid</strong></span> <span class='ocrx_word' id='word_1_346' title='bbox 2212 910 2545 976; x_wconf 75' lang='lat' dir='ltr'><strong>contineret,</strong></span> <span class='ocrx_word' id='word_1_347' title='bbox 2581 911 2958 966; x_wconf 80' lang='lat' dir='ltr'><strong>stomachatus</strong></span> <span class='ocrx_word' id='word_1_348' title='bbox 2981 910 3132 964; x_wconf 92' lang='lat' dir='ltr'><strong>illum</strong></span> <span class='ocrx_word' id='word_1_349' title='bbox 3172 909 3433 964; x_wconf 87' lang='lat' dir='ltr'><strong>dilacera-</strong></span> 
     </span>
    </p>
   </div>
   <div class='ocr_carea' id='block_1_53' title="bbox 1861 998 3431 1073">
    <p class='ocr_par' dir='ltr' id='par_1_53' title="bbox 1861 998 3431 1073">
     <span class='ocr_line' id='line_1_54' title="bbox 1861 998 3431 1073; baseline 0.001 -20"><span class='ocrx_word' id='word_1_350' title='bbox 1861 998 2256 1072; x_wconf 88' lang='lat' dir='ltr'><strong>vit,jussitque</strong></span> <span class='ocrx_word' id='word_1_351' title='bbox 2295 1010 2355 1055; x_wconf 92' lang='lat' dir='ltr'><strong>ut</strong></span> <span class='ocrx_word' id='word_1_352' title='bbox 2408 1004 2513 1057; x_wconf 92' lang='lat' dir='ltr'><strong>alia</strong></span> <span class='ocrx_word' id='word_1_353' title='bbox 2566 1002 2777 1073; x_wconf 82' lang='lat'><strong>1011</strong></span> <span class='ocrx_word' id='word_1_354' title='bbox 2839 1002 3164 1072; x_wconf 76' lang='lat' dir='ltr'><strong>postularet.</strong></span> <span class='ocrx_word' id='word_1_355' title='bbox 3215 1000 3284 1054; x_wconf 84' lang='lat' dir='ltr'><strong>At</strong></span> <span class='ocrx_word' id='word_1_356' title='bbox 3317 1001 3431 1066; x_wconf 90' lang='lat' dir='ltr'><strong>ille,</strong></span> 
     </span>
    </p>
   </div>
   <div class='ocr_carea' id='block_1_54' title="bbox 1860 1091 3433 1165">
    <p class='ocr_par' dir='ltr' id='par_1_54' title="bbox 1860 1091 3433 1165">
     <span class='ocr_line' id='line_1_55' title="bbox 1860 1091 3433 1165; baseline 0.001 -22"><span class='ocrx_word' id='word_1_357' title='bbox 1860 1091 2106 1148; x_wconf 86' lang='lat' dir='ltr'><strong>collectis</strong></span> <span class='ocrx_word' id='word_1_358' title='bbox 2141 1094 2306 1149; x_wconf 83' lang='lat' dir='ltr'><strong>libelli</strong></span> <span class='ocrx_word' id='word_1_359' title='bbox 2348 1094 2702 1164; x_wconf 74' lang='lat' dir='ltr'><strong>fragmentis:</strong></span> <span class='ocrx_word' id='word_1_360' title='bbox 2738 1113 2756 1146; x_wconf 93' lang='grc' dir='ltr'><strong>ι</strong></span> <span class='ocrx_word' id='word_1_361' title='bbox 2808 1093 3032 1165; x_wconf 78' lang='lat' dir='ltr'><strong>Accepi,</strong></span> <span class='ocrx_word' id='word_1_362' title='bbox 3064 1095 3159 1159; x_wconf 92' lang='lat' dir='ltr'><strong>ait,</strong></span> <span class='ocrx_word' id='word_1_363' title='bbox 3194 1094 3433 1161; x_wconf 86' lang='lat' dir='ltr'><strong>impera-</strong></span> 
     </span>
    </p>
   </div>
   <div class='ocr_carea' id='block_1_55' title="bbox 1860 1182 3431 1254">
    <p class='ocr_par' dir='ltr' id='par_1_55' title="bbox 1860 1182 3431 1254">
     <span class='ocr_line' id='line_1_56' title="bbox 1860 1182 3431 1254; baseline 0.002 -20"><span class='ocrx_word' id='word_1_364' title='bbox 1860 1188 1970 1245; x_wconf 91' lang='lat' dir='ltr'><strong>tor,</strong></span> <span class='ocrx_word' id='word_1_365' title='bbox 2012 1182 2296 1254; x_wconf 86' lang='lat' dir='ltr'><strong>habeoque</strong></span> <span class='ocrx_word' id='word_1_366' title='bbox 2336 1186 2434 1241; x_wconf 90' lang='lat' dir='ltr'><strong>abs</strong></span> <span class='ocrx_word' id='word_1_367' title='bbox 2463 1194 2514 1240; x_wconf 92' lang='lat' dir='ltr'><strong>te</strong></span> <span class='ocrx_word' id='word_1_368' title='bbox 2561 1185 2788 1250; x_wconf 85' lang='lat' dir='ltr'><strong>donum,</strong></span> <span class='ocrx_word' id='word_1_369' title='bbox 2838 1199 2939 1240; x_wconf 93' lang='lat' dir='ltr'><strong>nec</strong></span> <span class='ocrx_word' id='word_1_370' title='bbox 2979 1184 3123 1239; x_wconf 84' lang='lat' dir='ltr'><strong>aliud</strong></span> <span class='ocrx_word' id='word_1_371' title='bbox 3155 1183 3431 1254; x_wconf 86' lang='lat' dir='ltr'><strong>petiturus</strong></span> 
     </span>
    </p>
   </div>
   <div class='ocr_carea' id='block_1_56' title="bbox 1860 1274 3429 1348">
    <p class='ocr_par' dir='ltr' id='par_1_56' title="bbox 1860 1274 3429 1348">
     <span class='ocr_line' id='line_1_57' title="bbox 1860 1274 3429 1348; baseline 0.001 -21"><span class='ocrx_word' id='word_1_372' title='bbox 1860 1288 2005 1329; x_wconf 90' lang='lat' dir='ltr'><strong>sum.</strong></span> <span class='ocrx_word' id='word_1_373' title='bbox 2035 1275 2168 1329; x_wconf 86' lang='lat' dir='ltr'><strong>Nam</strong></span> <span class='ocrx_word' id='word_1_374' title='bbox 2200 1278 2325 1347; x_wconf 88' lang='lat' dir='ltr'><strong>quis</strong></span> <span class='ocrx_word' id='word_1_375' title='bbox 2358 1294 2561 1348; x_wconf 90' lang='lat' dir='ltr'><strong>scopus</strong></span> <span class='ocrx_word' id='word_1_376' title='bbox 2590 1293 2745 1334; x_wconf 88' lang='lat' dir='ltr'><strong>meus</strong></span> <span class='ocrx_word' id='word_1_377' title='bbox 2781 1276 2970 1343; x_wconf 88' lang='lat' dir='ltr'><strong>fuerit,</strong></span> <span class='ocrx_word' id='word_1_378' title='bbox 2998 1275 3167 1347; x_wconf 74' lang='lat' dir='ltr'><strong>iudex</strong></span> <span class='ocrx_word' id='word_1_379' title='bbox 3197 1276 3303 1331; x_wconf 93' lang='lat' dir='ltr'><strong>erit</strong></span> <span class='ocrx_word' id='word_1_380' title='bbox 3333 1274 3429 1346; x_wconf 86' lang='lat' dir='ltr'><strong>qui</strong></span> 
     </span>
    </p>
   </div>
   <div class='ocr_carea' id='block_1_57' title="bbox 1855 1364 2477 1433">
    <p class='ocr_par' dir='ltr' id='par_1_57' title="bbox 1855 1364 2477 1433">
     <span class='ocr_line' id='line_1_58' title="bbox 1855 1364 2477 1433; baseline 0.003 -14"><span class='ocrx_word' id='word_1_381' title='bbox 1855 1364 2023 1433; x_wconf 78' lang='lat' dir='ltr'><strong>judex</strong></span> <span class='ocrx_word' id='word_1_382' title='bbox 2050 1376 2135 1422; x_wconf 93' lang='lat' dir='ltr'><strong>est</strong></span> <span class='ocrx_word' id='word_1_383' title='bbox 2156 1369 2419 1423; x_wconf 91' lang='lat' dir='ltr'><strong>omnium.</strong></span> <span class='ocrx_word' id='word_1_384' title='bbox 2459 1389 2477 1421; x_wconf 70' lang='grc' dir='ltr'><strong>ι</strong></span> 
     </span>
    </p>
   </div>
   <div class='ocr_carea' id='block_1_58' title="bbox 2211 1457 3091 1532">
    <p class='ocr_par' dir='ltr' id='par_1_58' title="bbox 2211 1457 3091 1532">
     <span class='ocr_line' id='line_1_59' title="bbox 2211 1457 3091 1532; baseline 0.001 -20"><span class='ocrx_word' id='word_1_385' title='bbox 2211 1457 2365 1514; x_wconf 67' lang='lat' dir='ltr'><strong>cap.</strong></span> <span class='ocrx_word' id='word_1_386' title='bbox 2395 1458 2561 1515; x_wconf 84' lang='lat' dir='ltr'><strong>xxx.</strong></span> <span class='ocrx_word' id='word_1_387' title='bbox 2592 1458 2683 1532; x_wconf 77' lang='grc' dir='ltr'><strong>[ν.</strong></span> <span class='ocrx_word' id='word_1_388' title='bbox 2726 1458 2817 1515; x_wconf 76' lang='lat'><strong>33.</strong></span> <span class='ocrx_word' id='word_1_389' title='bbox 2850 1459 2949 1515; x_wconf 89' lang='lat' dir='ltr'><strong>Ch.</strong></span> <span class='ocrx_word' id='word_1_390' title='bbox 2976 1458 3091 1531; x_wconf 72' lang='lat'><strong>29.,</strong></span> 
     </span>
    </p>
   </div>
   <div class='ocr_carea' id='block_1_59' title="bbox 2011 1547 3278 1622">
    <p class='ocr_par' dir='ltr' id='par_1_59' title="bbox 2011 1547 3278 1622">
     <span class='ocr_line' id='line_1_60' title="bbox 2011 1547 3278 1622; baseline 0.002 -20"><span class='ocrx_word' id='word_1_391' title='bbox 2011 1547 2088 1603; x_wconf 83' lang='lat' dir='ltr'><strong>De</strong></span> <span class='ocrx_word' id='word_1_392' title='bbox 2118 1548 2286 1604; x_wconf 86' lang='lat' dir='ltr'><strong>libera</strong></span> <span class='ocrx_word' id='word_1_393' title='bbox 2316 1566 2437 1605; x_wconf 81' lang='lat' dir='ltr'><strong>voce</strong></span> <span class='ocrx_word' id='word_1_394' title='bbox 2466 1550 2713 1621; x_wconf 87' lang='lat' dir='ltr'><strong>Trajani,</strong></span> <span class='ocrx_word' id='word_1_395' title='bbox 2744 1552 2987 1622; x_wconf 75' lang='lat' dir='ltr'><strong>magistri</strong></span> <span class='ocrx_word' id='word_1_396' title='bbox 3026 1551 3278 1605; x_wconf 80' lang='lat' dir='ltr'><strong>militum.</strong></span> 
     </span>
    </p>
   </div>
   <div class='ocr_carea' id='block_1_60' title="bbox 1931 1704 3426 1779">
    <p class='ocr_par' dir='ltr' id='par_1_60' title="bbox 1931 1704 3426 1779">
     <span class='ocr_line' id='line_1_61' title="bbox 1931 1704 3426 1779; baseline 0 -21"><span class='ocrx_word' id='word_1_397' title='bbox 1931 1704 2223 1776; x_wconf 83' lang='lat' dir='ltr'><strong>Postquam</strong></span> <span class='ocrx_word' id='word_1_398' title='bbox 2266 1717 2443 1762; x_wconf 89' lang='lat' dir='ltr'><strong>autem</strong></span> <span class='ocrx_word' id='word_1_399' title='bbox 2472 1710 2704 1779; x_wconf 73' lang='lat' dir='ltr'><strong>traiecto</strong></span> <span class='ocrx_word' id='word_1_400' title='bbox 2751 1707 2997 1779; x_wconf 84' lang='lat' dir='ltr'><strong>Bosporo</strong></span> <span class='ocrx_word' id='word_1_401' title='bbox 3047 1707 3101 1763; x_wconf 90' lang='lat' dir='ltr'><strong>in</strong></span> <span class='ocrx_word' id='word_1_402' title='bbox 3133 1706 3426 1761; x_wconf 85' lang='lat' dir='ltr'><strong>Thraciam</strong></span> 
     </span>
    </p>
   </div>
   <div class='ocr_carea' id='block_1_61' title="bbox 1859 1797 3431 1871">
    <p class='ocr_par' dir='ltr' id='par_1_61' title="bbox 1859 1797 3431 1871">
     <span class='ocr_line' id='line_1_62' title="bbox 1859 1797 3431 1871; baseline 0.003 -24"><span class='ocrx_word' id='word_1_403' title='bbox 1859 1797 2041 1859; x_wconf 89' lang='lat' dir='ltr'><strong>venit,</strong></span> <span class='ocrx_word' id='word_1_404' title='bbox 2074 1800 2307 1867; x_wconf 91' lang='lat' dir='ltr'><strong>primum</strong></span> <span class='ocrx_word' id='word_1_405' title='bbox 2341 1800 2561 1871; x_wconf 84' lang='lat' dir='ltr'><strong>quidem</strong></span> <span class='ocrx_word' id='word_1_406' title='bbox 2590 1801 3067 1871; x_wconf 78' lang='lat' dir='ltr'><strong>Constantinopoli</strong></span> <span class='ocrx_word' id='word_1_407' title='bbox 3120 1798 3431 1854; x_wconf 88' lang='lat' dir='ltr'><strong>diutissime</strong></span> 
     </span>
    </p>
   </div>
   <div class='ocr_carea' id='block_1_62' title="bbox 1788 1890 2768 1956">
    <p class='ocr_par' dir='ltr' id='par_1_62' title="bbox 1788 1890 2768 1956">
     <span class='ocr_line' id='line_1_63' title="bbox 1788 1890 2768 1956; baseline 0.006 -14"><span class='ocrx_word' id='word_1_408' title='bbox 1788 1901 1830 1956; x_wconf 76' lang='grc' dir='ltr'><strong>Β</strong></span> <span class='ocrx_word' id='word_1_409' title='bbox 1859 1890 2125 1954; x_wconf 81' lang='lat' dir='ltr'><strong>substitit,</strong></span> <span class='ocrx_word' id='word_1_410' title='bbox 2149 1892 2347 1946; x_wconf 91' lang='lat' dir='ltr'><strong>bellum</strong></span> <span class='ocrx_word' id='word_1_411' title='bbox 2381 1891 2768 1948; x_wconf 82' lang='lat' dir='ltr'><strong>reformidans.</strong></span> 
     </span>
    </p>
   </div>
   <div class='ocr_carea' id='block_1_63' title="bbox 1924 1979 3405 2056">
    <p class='ocr_par' dir='ltr' id='par_1_63' title="bbox 1924 1979 3405 2056">
     <span class='ocr_line' id='line_1_64' title="bbox 1924 1979 3405 2056; baseline 0.003 -22"><span class='ocrx_word' id='word_1_412' title='bbox 1924 1979 2008 2053; x_wconf 88' lang='grc' dir='ltr'><strong>[Β.</strong></span> <span class='ocrx_word' id='word_1_413' title='bbox 2042 1982 2122 2036; x_wconf 92' lang='lat' dir='ltr'><strong>St.</strong></span> <span class='ocrx_word' id='word_1_414' title='bbox 2153 1983 2269 2055; x_wconf 80' lang='lat'><strong>33.]</strong></span> <span class='ocrx_word' id='word_1_415' title='bbox 2315 1984 2612 2055; x_wconf 71' lang='lat' dir='ltr'><strong>Traianum</strong></span> <span class='ocrx_word' id='word_1_416' title='bbox 2662 1985 2871 2040; x_wconf 89' lang='lat' dir='ltr'><strong>interea</strong></span> <span class='ocrx_word' id='word_1_417' title='bbox 2906 1984 3227 2056; x_wconf 88' lang='lat' dir='ltr'><strong>magistrum</strong></span> <span class='ocrx_word' id='word_1_418' title='bbox 3269 1984 3405 2038; x_wconf 85' lang='lat' dir='ltr'><strong>mili-</strong></span> 
     </span>
    </p>
   </div>
   <div class='ocr_carea' id='block_1_64' title="bbox 1851 2074 3430 2141">
    <p class='ocr_par' dir='ltr' id='par_1_64' title="bbox 1851 2074 3430 2141">
     <span class='ocr_line' id='line_1_65' title="bbox 1851 2074 3430 2141; baseline 0.003 -16"><span class='ocrx_word' id='word_1_419' title='bbox 1851 2078 1966 2126; x_wconf 90' lang='lat' dir='ltr'><strong>tum</strong></span> <span class='ocrx_word' id='word_1_420' title='bbox 1993 2088 2117 2128; x_wconf 93' lang='lat' dir='ltr'><strong>cum</strong></span> <span class='ocrx_word' id='word_1_421' title='bbox 2146 2077 2393 2131; x_wconf 77' lang='lat' dir='ltr'><strong>exercitu</strong></span> <span class='ocrx_word' id='word_1_422' title='bbox 2416 2081 2435 2097; x_wconf 91' lang='lat'><strong>&#39;</strong></span> <span class='ocrx_word' id='word_1_423' title='bbox 2474 2086 2670 2131; x_wconf 88' lang='lat' dir='ltr'><strong>contra</strong></span> <span class='ocrx_word' id='word_1_424' title='bbox 2715 2076 2981 2133; x_wconf 83' lang='lat' dir='ltr'><strong>barbaros</strong></span> <span class='ocrx_word' id='word_1_425' title='bbox 3026 2076 3197 2131; x_wconf 83' lang='lat' dir='ltr'><strong>misit.</strong></span> <span class='ocrx_word' id='word_1_426' title='bbox 3225 2074 3327 2141; x_wconf 86' lang='lat' dir='ltr'><strong>Qui</strong></span> <span class='ocrx_word' id='word_1_427' title='bbox 3358 2074 3430 2130; x_wconf 89' lang='lat' dir='ltr'><strong>ab</strong></span> 
     </span>
    </p>
   </div>
   <div class='ocr_carea' id='block_1_65' title="bbox 1850 2165 3430 2238">
    <p class='ocr_par' dir='ltr' id='par_1_65' title="bbox 1850 2165 3430 2238">
     <span class='ocr_line' id='line_1_66' title="bbox 1850 2165 3430 2238; baseline 0.001 -19"><span class='ocrx_word' id='word_1_428' title='bbox 1850 2165 1930 2220; x_wconf 90' lang='lat' dir='ltr'><strong>eis</strong></span> <span class='ocrx_word' id='word_1_429' title='bbox 1960 2166 2163 2231; x_wconf 89' lang='lat' dir='ltr'><strong>victus,</strong></span> <span class='ocrx_word' id='word_1_430' title='bbox 2196 2176 2421 2237; x_wconf 78' lang='lat' dir='ltr'><strong>accepta</strong></span> <span class='ocrx_word' id='word_1_431' title='bbox 2450 2168 2623 2232; x_wconf 89' lang='lat' dir='ltr'><strong>clade,</strong></span> <span class='ocrx_word' id='word_1_432' title='bbox 2676 2184 2801 2223; x_wconf 91' lang='lat' dir='ltr'><strong>cum</strong></span> <span class='ocrx_word' id='word_1_433' title='bbox 2840 2169 3118 2232; x_wconf 85' lang='lat' dir='ltr'><strong>rediisset,</strong></span> <span class='ocrx_word' id='word_1_434' title='bbox 3170 2168 3430 2238; x_wconf 74' lang='lat' dir='ltr'><strong>gravibus</strong></span> 
     </span>
    </p>
   </div>
   <div class='ocr_carea' id='block_1_66' title="bbox 1849 2256 3421 2330">
    <p class='ocr_par' dir='ltr' id='par_1_66' title="bbox 1849 2256 3421 2330">
     <span class='ocr_line' id='line_1_67' title="bbox 1849 2256 3421 2330; baseline 0.003 -22"><span class='ocrx_word' id='word_1_435' title='bbox 1849 2256 2118 2313; x_wconf 80' lang='lat' dir='ltr'><strong>conviciis</strong></span> <span class='ocrx_word' id='word_1_436' title='bbox 2155 2270 2418 2329; x_wconf 79' lang='lat' dir='ltr'><strong>exceptus</strong></span> <span class='ocrx_word' id='word_1_437' title='bbox 2460 2270 2546 2315; x_wconf 92' lang='lat' dir='ltr'><strong>est</strong></span> <span class='ocrx_word' id='word_1_438' title='bbox 2593 2274 2623 2313; x_wconf 91' lang='lat' dir='ltr'><strong>a</strong></span> <span class='ocrx_word' id='word_1_439' title='bbox 2664 2259 2919 2325; x_wconf 77' lang='lat' dir='ltr'><strong>Valente,</strong></span> <span class='ocrx_word' id='word_1_440' title='bbox 2953 2261 3223 2330; x_wconf 83' lang='lat' dir='ltr'><strong>ignaviam</strong></span> <span class='ocrx_word' id='word_1_441' title='bbox 3261 2258 3339 2313; x_wconf 90' lang='lat' dir='ltr'><strong>illi</strong></span> <span class='ocrx_word' id='word_1_442' title='bbox 3365 2267 3421 2313; x_wconf 91' lang='lat' dir='ltr'><strong>et</strong></span> 
     </span>
    </p>
   </div>
   <div class='ocr_carea' id='block_1_67' title="bbox 1852 2348 3428 2420">
    <p class='ocr_par' dir='ltr' id='par_1_67' title="bbox 1852 2348 3428 2420">
     <span class='ocr_line' id='line_1_68' title="bbox 1852 2348 3428 2420; baseline 0.003 -19"><span class='ocrx_word' id='word_1_443' title='bbox 1852 2348 2201 2405; x_wconf 83' lang='lat' dir='ltr'><strong>timiditatem</strong></span> <span class='ocrx_word' id='word_1_444' title='bbox 2245 2354 2632 2420; x_wconf 79' lang='lat' dir='ltr'><strong>exprobrante.</strong></span> <span class='ocrx_word' id='word_1_445' title='bbox 2668 2352 2763 2409; x_wconf 87' lang='lat' dir='ltr'><strong>Ille</strong></span> <span class='ocrx_word' id='word_1_446' title='bbox 2794 2364 2972 2409; x_wconf 88' lang='lat' dir='ltr'><strong>autem</strong></span> <span class='ocrx_word' id='word_1_447' title='bbox 3009 2354 3201 2418; x_wconf 89' lang='lat' dir='ltr'><strong>libere,</strong></span> <span class='ocrx_word' id='word_1_448' title='bbox 3252 2358 3313 2406; x_wconf 93' lang='lat' dir='ltr'><strong>ut</strong></span> <span class='ocrx_word' id='word_1_449' title='bbox 3344 2351 3428 2405; x_wconf 88' lang='lat' dir='ltr'><strong>vi-</strong></span> 
     </span>
    </p>
   </div>
   <div class='ocr_carea' id='block_1_68' title="bbox 1849 2441 3428 2517">
    <p class='ocr_par' dir='ltr' id='par_1_68' title="bbox 1849 2441 3428 2517">
     <span class='ocr_line' id='line_1_69' title="bbox 1849 2441 3428 2517; baseline 0.001 -20"><span class='ocrx_word' id='word_1_450' title='bbox 1849 2457 1971 2497; x_wconf 89' lang='lat' dir='ltr'><strong>rum</strong></span> <span class='ocrx_word' id='word_1_451' title='bbox 2008 2441 2206 2497; x_wconf 90' lang='lat' dir='ltr'><strong>fortem</strong></span> <span class='ocrx_word' id='word_1_452' title='bbox 2253 2444 2515 2501; x_wconf 89' lang='lat' dir='ltr'><strong>decebat:</strong></span> <span class='ocrx_word' id='word_1_453' title='bbox 2558 2466 2575 2496; x_wconf 77' lang='grc' dir='ltr'><strong>ι</strong></span> <span class='ocrx_word' id='word_1_454' title='bbox 2638 2442 2758 2499; x_wconf 83' lang='lat' dir='ltr'><strong>Non</strong></span> <span class='ocrx_word' id='word_1_455' title='bbox 2788 2459 2891 2517; x_wconf 87' lang='lat' dir='ltr'><strong>ego</strong></span> <span class='ocrx_word' id='word_1_456' title='bbox 2942 2445 3121 2501; x_wconf 88' lang='lat' dir='ltr'><strong>victus</strong></span> <span class='ocrx_word' id='word_1_457' title='bbox 3169 2459 3314 2509; x_wconf 87' lang='lat' dir='ltr'><strong>sum,</strong></span> <span class='ocrx_word' id='word_1_458' title='bbox 3344 2444 3428 2498; x_wconf 86' lang='lat' dir='ltr'><strong>in-</strong></span> 
     </span>
    </p>
   </div>
   <div class='ocr_carea' id='block_1_69' title="bbox 1848 2535 3424 2609">
    <p class='ocr_par' dir='ltr' id='par_1_69' title="bbox 1848 2535 3424 2609">
     <span class='ocr_line' id='line_1_70' title="bbox 1848 2535 3424 2609; baseline 0.002 -21"><span class='ocrx_word' id='word_1_459' title='bbox 1848 2535 1987 2604; x_wconf 91' lang='lat' dir='ltr'><strong>quit,</strong></span> <span class='ocrx_word' id='word_1_460' title='bbox 2012 2551 2045 2591; x_wconf 92' lang='lat' dir='ltr'><strong>o</strong></span> <span class='ocrx_word' id='word_1_461' title='bbox 2077 2536 2395 2607; x_wconf 90' lang='lat' dir='ltr'><strong>imperator,</strong></span> <span class='ocrx_word' id='word_1_462' title='bbox 2429 2537 2524 2593; x_wconf 89' lang='lat' dir='ltr'><strong>sed</strong></span> <span class='ocrx_word' id='word_1_463' title='bbox 2557 2545 2615 2593; x_wconf 90' lang='lat' dir='ltr'><strong>tu</strong></span> <span class='ocrx_word' id='word_1_464' title='bbox 2656 2539 2943 2594; x_wconf 83' lang='lat' dir='ltr'><strong>victoriam</strong></span> <span class='ocrx_word' id='word_1_465' title='bbox 2978 2536 3294 2609; x_wconf 86' lang='lat' dir='ltr'><strong>prodidisti,</strong></span> <span class='ocrx_word' id='word_1_466' title='bbox 3326 2536 3424 2608; x_wconf 86' lang='lat' dir='ltr'><strong>qui</strong></span> 
     </span>
    </p>
   </div>
   <div class='ocr_carea' id='block_1_70' title="bbox 1847 2627 3421 2700">
    <p class='ocr_par' dir='ltr' id='par_1_70' title="bbox 1847 2627 3421 2700">
     <span class='ocr_line' id='line_1_71' title="bbox 1847 2627 3421 2700; baseline 0.003 -21"><span class='ocrx_word' id='word_1_467' title='bbox 1847 2627 2115 2683; x_wconf 87' lang='lat' dir='ltr'><strong>adversus</strong></span> <span class='ocrx_word' id='word_1_468' title='bbox 2144 2627 2311 2683; x_wconf 87' lang='lat' dir='ltr'><strong>Deum</strong></span> <span class='ocrx_word' id='word_1_469' title='bbox 2339 2629 2511 2685; x_wconf 85' lang='lat' dir='ltr'><strong>aciem</strong></span> <span class='ocrx_word' id='word_1_470' title='bbox 2567 2630 2819 2693; x_wconf 87' lang='lat' dir='ltr'><strong>instruis,</strong></span> <span class='ocrx_word' id='word_1_471' title='bbox 2873 2638 2934 2686; x_wconf 89' lang='lat' dir='ltr'><strong>et</strong></span> <span class='ocrx_word' id='word_1_472' title='bbox 2978 2630 3102 2700; x_wconf 76' lang='lat' dir='ltr'><strong>eius</strong></span> <span class='ocrx_word' id='word_1_473' title='bbox 3155 2629 3421 2684; x_wconf 80' lang='lat' dir='ltr'><strong>auxilium</strong></span> 
     </span>
    </p>
   </div>
   <div class='ocr_carea' id='block_1_71' title="bbox 1847 2716 3423 2777">
    <p class='ocr_par' dir='ltr' id='par_1_71' title="bbox 1847 2716 3423 2777">
     <span class='ocr_line' id='line_1_72' title="bbox 1847 2716 3423 2777; baseline 0.003 -5"><span class='ocrx_word' id='word_1_474' title='bbox 1847 2716 2101 2772; x_wconf 83' lang='lat' dir='ltr'><strong>barbaris</strong></span> <span class='ocrx_word' id='word_1_475' title='bbox 2133 2720 2423 2774; x_wconf 86' lang='lat' dir='ltr'><strong>concilias.</strong></span> <span class='ocrx_word' id='word_1_476' title='bbox 2460 2718 2593 2774; x_wconf 78' lang='lat' dir='ltr'><strong>Nam</strong></span> <span class='ocrx_word' id='word_1_477' title='bbox 2638 2720 2739 2776; x_wconf 86' lang='lat' dir='ltr'><strong>abs</strong></span> <span class='ocrx_word' id='word_1_478' title='bbox 2779 2728 2835 2776; x_wconf 86' lang='lat' dir='ltr'><strong>te</strong></span> <span class='ocrx_word' id='word_1_479' title='bbox 2864 2719 3155 2777; x_wconf 78' lang='lat' dir='ltr'><strong>lacessitus</strong></span> <span class='ocrx_word' id='word_1_480' title='bbox 3192 2718 3261 2774; x_wconf 82' lang='lat' dir='ltr'><strong>ad</strong></span> <span class='ocrx_word' id='word_1_481' title='bbox 3300 2719 3423 2776; x_wconf 87' lang='lat' dir='ltr'><strong>illos</strong></span> 
     </span>
    </p>
   </div>
   <div class='ocr_carea' id='block_1_72' title="bbox 1846 2808 3424 2883">
    <p class='ocr_par' dir='ltr' id='par_1_72' title="bbox 1846 2808 3424 2883">
     <span class='ocr_line' id='line_1_73' title="bbox 1846 2808 3424 2883; baseline 0.003 -21"><span class='ocrx_word' id='word_1_482' title='bbox 1846 2810 2083 2864; x_wconf 88' lang='lat' dir='ltr'><strong>transit:</strong></span> <span class='ocrx_word' id='word_1_483' title='bbox 2113 2808 2282 2865; x_wconf 91' lang='lat' dir='ltr'><strong>Deum</strong></span> <span class='ocrx_word' id='word_1_484' title='bbox 2314 2819 2497 2867; x_wconf 90' lang='lat' dir='ltr'><strong>autem</strong></span> <span class='ocrx_word' id='word_1_485' title='bbox 2527 2812 2779 2883; x_wconf 82' lang='lat' dir='ltr'><strong>sequitur</strong></span> <span class='ocrx_word' id='word_1_486' title='bbox 2816 2812 3077 2877; x_wconf 84' lang='lat' dir='ltr'><strong>victoria,</strong></span> <span class='ocrx_word' id='word_1_487' title='bbox 3105 2821 3162 2867; x_wconf 93' lang='lat' dir='ltr'><strong>et</strong></span> <span class='ocrx_word' id='word_1_488' title='bbox 3194 2810 3307 2867; x_wconf 89' lang='lat' dir='ltr'><strong>illis</strong></span> <span class='ocrx_word' id='word_1_489' title='bbox 3332 2824 3424 2867; x_wconf 55' lang='lat' dir='ltr'><strong>ce.</strong></span> 
     </span>
    </p>
   </div>
   <div class='ocr_carea' id='block_1_73' title="bbox 1846 2901 3423 2976">
    <p class='ocr_par' dir='ltr' id='par_1_73' title="bbox 1846 2901 3423 2976">
     <span class='ocr_line' id='line_1_74' title="bbox 1846 2901 3423 2976; baseline 0.002 -20"><span class='ocrx_word' id='word_1_490' title='bbox 1846 2901 1926 2956; x_wconf 90' lang='lat' dir='ltr'><strong>dit</strong></span> <span class='ocrx_word' id='word_1_491' title='bbox 1959 2903 2051 2972; x_wconf 94' lang='lat' dir='ltr'><strong>qui</strong></span> <span class='ocrx_word' id='word_1_492' title='bbox 2088 2902 2200 2957; x_wconf 88' lang='lat' dir='ltr'><strong>Deo</strong></span> <span class='ocrx_word' id='word_1_493' title='bbox 2236 2903 2377 2959; x_wconf 91' lang='lat' dir='ltr'><strong>duce</strong></span> <span class='ocrx_word' id='word_1_494' title='bbox 2419 2904 2681 2959; x_wconf 91' lang='lat' dir='ltr'><strong>militant.</strong></span> <span class='ocrx_word' id='word_1_495' title='bbox 2715 2903 2798 2959; x_wconf 85' lang='lat' dir='ltr'><strong>An</strong></span> <span class='ocrx_word' id='word_1_496' title='bbox 2835 2905 3017 2961; x_wconf 86' lang='lat' dir='ltr'><strong>nescis</strong></span> <span class='ocrx_word' id='word_1_497' title='bbox 3061 2919 3205 2976; x_wconf 87' lang='lat' dir='ltr'><strong>quos</strong></span> <span class='ocrx_word' id='word_1_498' title='bbox 3245 2903 3423 2960; x_wconf 82' lang='lat' dir='ltr'><strong>eccle-</strong></span> 
     </span>
    </p>
   </div>
   <div class='ocr_carea' id='block_1_74' title="bbox 1847 2996 3425 3069">
    <p class='ocr_par' dir='ltr' id='par_1_74' title="bbox 1847 2996 3425 3069">
     <span class='ocr_line' id='line_1_75' title="bbox 1847 2996 3425 3069; baseline -0.001 -18"><span class='ocrx_word' id='word_1_499' title='bbox 1847 2996 1945 3051; x_wconf 91' lang='lat' dir='ltr'><strong>siis</strong></span> <span class='ocrx_word' id='word_1_500' title='bbox 1971 2996 2219 3067; x_wconf 86' lang='lat' dir='ltr'><strong>ejeceris,</strong></span> <span class='ocrx_word' id='word_1_501' title='bbox 2250 3006 2304 3054; x_wconf 91' lang='lat' dir='ltr'><strong>et</strong></span> <span class='ocrx_word' id='word_1_502' title='bbox 2337 2999 2539 3069; x_wconf 87' lang='lat' dir='ltr'><strong>quibus</strong></span> <span class='ocrx_word' id='word_1_503' title='bbox 2561 2998 2683 3055; x_wconf 88' lang='lat' dir='ltr'><strong>illas</strong></span> <span class='ocrx_word' id='word_1_504' title='bbox 2714 3000 3101 3055; x_wconf 76' lang='lat' dir='ltr'><strong>commiseris?</strong></span> <span class='ocrx_word' id='word_1_505' title='bbox 3137 3016 3158 3051; x_wconf 74' lang='grc' dir='ltr'><strong>ι</strong></span> <span class='ocrx_word' id='word_1_506' title='bbox 3190 2996 3316 3053; x_wconf 70' lang='lat' dir='ltr'><strong>Haec</strong></span> <span class='ocrx_word' id='word_1_507' title='bbox 3347 2997 3425 3051; x_wconf 88' lang='lat' dir='ltr'><strong>ita</strong></span> 
     </span>
    </p>
   </div>
   <div class='ocr_carea' id='block_1_75' title="bbox 1847 3088 3420 3153">
    <p class='ocr_par' dir='ltr' id='par_1_75' title="bbox 1847 3088 3420 3153">
     <span class='ocr_line' id='line_1_76' title="bbox 1847 3088 3420 3153; baseline 0.001 -12"><span class='ocrx_word' id='word_1_508' title='bbox 1847 3101 1908 3141; x_wconf 91' lang='lat' dir='ltr'><strong>se</strong></span> <span class='ocrx_word' id='word_1_509' title='bbox 1940 3088 2141 3144; x_wconf 91' lang='lat' dir='ltr'><strong>habere</strong></span> <span class='ocrx_word' id='word_1_510' title='bbox 2174 3088 2520 3144; x_wconf 76' lang='lat' dir='ltr'><strong>afﬁrmabant</strong></span> <span class='ocrx_word' id='word_1_511' title='bbox 2567 3090 2734 3145; x_wconf 88' lang='lat' dir='ltr'><strong>etiam</strong></span> <span class='ocrx_word' id='word_1_512' title='bbox 2777 3090 3075 3147; x_wconf 84' lang='lat' dir='ltr'><strong>Arintheus</strong></span> <span class='ocrx_word' id='word_1_513' title='bbox 3104 3098 3160 3146; x_wconf 87' lang='lat' dir='ltr'><strong>et</strong></span> <span class='ocrx_word' id='word_1_514' title='bbox 3193 3088 3383 3144; x_wconf 82' lang='lat' dir='ltr'><strong>Victor</strong></span> <span class='ocrx_word' id='word_1_515' title='bbox 3403 3127 3420 3153; x_wconf 92' lang='lat'><strong>,</strong></span> 
     </span>
    </p>
   </div>
   <div class='ocr_carea' id='block_1_76' title="bbox 1848 3181 3422 3254">
    <p class='ocr_par' dir='ltr' id='par_1_76' title="bbox 1848 3181 3422 3254">
     <span class='ocr_line' id='line_1_77' title="bbox 1848 3181 3422 3254; baseline 0.001 -20"><span class='ocrx_word' id='word_1_516' title='bbox 1848 3181 1941 3249; x_wconf 90' lang='lat' dir='ltr'><strong>qui</strong></span> <span class='ocrx_word' id='word_1_517' title='bbox 1975 3191 2028 3235; x_wconf 91' lang='lat' dir='ltr'><strong>et</strong></span> <span class='ocrx_word' id='word_1_518' title='bbox 2066 3181 2173 3251; x_wconf 86' lang='lat' dir='ltr'><strong>ipsi</strong></span> <span class='ocrx_word' id='word_1_519' title='bbox 2231 3182 2485 3254; x_wconf 74' lang='lat' dir='ltr'><strong>magistri</strong></span> <span class='ocrx_word' id='word_1_520' title='bbox 2547 3182 2784 3237; x_wconf 88' lang='lat' dir='ltr'><strong>militum</strong></span> <span class='ocrx_word' id='word_1_521' title='bbox 2844 3190 3027 3248; x_wconf 86' lang='lat' dir='ltr'><strong>erant,</strong></span> <span class='ocrx_word' id='word_1_522' title='bbox 3079 3182 3422 3251; x_wconf 86' lang='lat' dir='ltr'><strong>orabantque</strong></span> 
     </span>
    </p>
   </div>
   <div class='ocr_carea' id='block_1_77' title="bbox 1848 3273 3417 3345">
    <p class='ocr_par' dir='ltr' id='par_1_77' title="bbox 1848 3273 3417 3345">
     <span class='ocr_line' id='line_1_78' title="bbox 1848 3273 3417 3345; baseline 0.001 -18"><span class='ocrx_word' id='word_1_523' title='bbox 1848 3273 2230 3343; x_wconf 87' lang='lat' dir='ltr'><strong>imperatorem</strong></span> <span class='ocrx_word' id='word_1_524' title='bbox 2256 3317 2273 3342; x_wconf 93' lang='lat'><strong>,</strong></span> <span class='ocrx_word' id='word_1_525' title='bbox 2316 3292 2385 3330; x_wconf 89' lang='lat' dir='ltr'><strong>ne</strong></span> <span class='ocrx_word' id='word_1_526' title='bbox 2439 3274 2752 3345; x_wconf 83' lang='lat' dir='ltr'><strong>conjunctis</strong></span> <span class='ocrx_word' id='word_1_527' title='bbox 2792 3291 2916 3333; x_wconf 92' lang='lat' dir='ltr'><strong>cum</strong></span> <span class='ocrx_word' id='word_1_528' title='bbox 2948 3276 3182 3332; x_wconf 80' lang='lat' dir='ltr'><strong>veritate</strong></span> <span class='ocrx_word' id='word_1_529' title='bbox 3230 3289 3417 3345; x_wconf 90' lang='lat' dir='ltr'><strong>reprc-</strong></span> 
     </span>
    </p>
   </div>
   <div class='ocr_carea' id='block_1_78' title="bbox 1844 3362 2608 3423">
    <p class='ocr_par' dir='ltr' id='par_1_78' title="bbox 1844 3362 2608 3423">
     <span class='ocr_line' id='line_1_79' title="bbox 1844 3362 2608 3423; baseline 0.004 -5"><span class='ocrx_word' id='word_1_530' title='bbox 1844 3362 2201 3422; x_wconf 88' lang='lat' dir='ltr'><strong>henslonibus</strong></span> <span class='ocrx_word' id='word_1_531' title='bbox 2240 3376 2608 3423; x_wconf 89' lang='lat' dir='ltr'><strong>succcnseret.</strong></span> 
     </span>
    </p>
   </div>
   <div class='ocr_carea' id='block_1_79' title="bbox 1952 3456 3312 3533">
    <p class='ocr_par' dir='ltr' id='par_1_79' title="bbox 1952 3456 3312 3533">
     <span class='ocr_line' id='line_1_80' title="bbox 1952 3456 3312 3533; baseline 0 -20"><span class='ocrx_word' id='word_1_532' title='bbox 1952 3456 2162 3528; x_wconf 72' lang='lat'><strong>1012</strong></span> <span class='ocrx_word' id='word_1_533' title='bbox 2192 3457 2342 3512; x_wconf 77' lang='lat' dir='ltr'><strong>CAP.</strong></span> <span class='ocrx_word' id='word_1_534' title='bbox 2380 3458 2568 3513; x_wconf 78' lang='lat' dir='ltr'><strong>XXXI.</strong></span> <span class='ocrx_word' id='word_1_535' title='bbox 2602 3459 2685 3533; x_wconf 77' lang='grc' dir='ltr'><strong>[Β.</strong></span> <span class='ocrx_word' id='word_1_536' title='bbox 2725 3460 2806 3514; x_wconf 88' lang='lat' dir='ltr'><strong>St.</strong></span> <span class='ocrx_word' id='word_1_537' title='bbox 2840 3462 2903 3515; x_wconf 68' lang='grc' dir='ltr'>ν.</span> <span class='ocrx_word' id='word_1_538' title='bbox 2936 3461 3025 3515; x_wconf 70' lang='grc'><strong>54.</strong></span> <span class='ocrx_word' id='word_1_539' title='bbox 3057 3460 3155 3516; x_wconf 87' lang='lat' dir='ltr'><strong>Ch.</strong></span> <span class='ocrx_word' id='word_1_540' title='bbox 3197 3459 3312 3530; x_wconf 80' lang='lat'><strong>30.]</strong></span> 
     </span>
    </p>
   </div>
   <div class='ocr_carea' id='block_1_80' title="bbox 1844 3541 3415 3617">
    <p class='ocr_par' dir='ltr' id='par_1_80' title="bbox 1844 3541 3415 3617">
     <span class='ocr_line' id='line_1_81' title="bbox 1844 3541 3415 3617; baseline 0.003 -20"><span class='ocrx_word' id='word_1_541' title='bbox 1844 3541 1920 3598; x_wconf 81' lang='lat' dir='ltr'><strong>De</strong></span> <span class='ocrx_word' id='word_1_542' title='bbox 1960 3543 2177 3601; x_wconf 80' lang='lat' dir='ltr'><strong>lsaacio</strong></span> <span class='ocrx_word' id='word_1_543' title='bbox 2209 3547 2465 3601; x_wconf 81' lang='lat' dir='ltr'><strong>monacho</strong></span> <span class='ocrx_word' id='word_1_544' title='bbox 2498 3548 3110 3617; x_wconf 78' lang='lat' dir='ltr'><strong>Constantinopolitano,</strong></span> <span class='ocrx_word' id='word_1_545' title='bbox 3152 3561 3201 3605; x_wconf 83' lang='lat' dir='ltr'><strong>et</strong></span> <span class='ocrx_word' id='word_1_546' title='bbox 3231 3550 3415 3604; x_wconf 85' lang='lat' dir='ltr'><strong>Brcta-</strong></span> 
     </span>
    </p>
   </div>
   <div class='ocr_carea' id='block_1_81' title="bbox 2298 3619 2994 3699">
    <p class='ocr_par' dir='ltr' id='par_1_81' title="bbox 2298 3619 2994 3699">
     <span class='ocr_line' id='line_1_82' title="bbox 2298 3619 2994 3699; baseline 0.006 -30"><span class='ocrx_word' id='word_1_547' title='bbox 2298 3619 2451 3699; x_wconf 76' lang='lat' dir='ltr'><strong>nione</strong></span> <span class='ocrx_word' id='word_1_548' title='bbox 2481 3620 2719 3687; x_wconf 77' lang='lat' dir='ltr'><strong>episcopo</strong></span> <span class='ocrx_word' id='word_1_549' title='bbox 2744 3619 2994 3690; x_wconf 79' lang='lat' dir='ltr'><strong>Scytltiw.</strong></span> 
     </span>
    </p>
   </div>
   <div class='ocr_carea' id='block_1_82' title="bbox 1947 3764 3418 3843">
    <p class='ocr_par' dir='ltr' id='par_1_82' title="bbox 1947 3764 3418 3843">
     <span class='ocr_line' id='line_1_83' title="bbox 1947 3764 3418 3843; baseline 0.008 -22"><span class='ocrx_word' id='word_1_550' title='bbox 1947 3764 2153 3827; x_wconf 88' lang='lat' dir='ltr'><strong>Ferunt</strong></span> <span class='ocrx_word' id='word_1_551' title='bbox 2175 3780 2229 3828; x_wconf 92' lang='lat' dir='ltr'><strong>et</strong></span> <span class='ocrx_word' id='word_1_552' title='bbox 2260 3772 2521 3837; x_wconf 85' lang='lat' dir='ltr'><strong>lsaacem,</strong></span> <span class='ocrx_word' id='word_1_553' title='bbox 2554 3774 2649 3843; x_wconf 88' lang='lat' dir='ltr'><strong>qui</strong></span> <span class='ocrx_word' id='word_1_554' title='bbox 2700 3775 2895 3830; x_wconf 92' lang='lat' dir='ltr'><strong>cellam</strong></span> <span class='ocrx_word' id='word_1_555' title='bbox 2935 3775 3006 3831; x_wconf 93' lang='lat' dir='ltr'><strong>ibi</strong></span> <span class='ocrx_word' id='word_1_556' title='bbox 3036 3776 3273 3832; x_wconf 82' lang='lat' dir='ltr'><strong>habebat</strong></span> <span class='ocrx_word' id='word_1_557' title='bbox 3308 3793 3418 3834; x_wconf 89' lang='lat' dir='ltr'><strong>mo-</strong></span> 
     </span>
    </p>
   </div>
   <div class='ocr_carea' id='block_1_83' title="bbox 1843 3864 3416 3937">
    <p class='ocr_par' dir='ltr' id='par_1_83' title="bbox 1843 3864 3416 3937">
     <span class='ocr_line' id='line_1_84' title="bbox 1843 3864 3416 3937; baseline 0.007 -22"><span class='ocrx_word' id='word_1_558' title='bbox 1843 3864 2147 3929; x_wconf 88' lang='lat' dir='ltr'><strong>nasticam,</strong></span> <span class='ocrx_word' id='word_1_559' title='bbox 2191 3879 2315 3919; x_wconf 91' lang='lat' dir='ltr'><strong>cum</strong></span> <span class='ocrx_word' id='word_1_560' title='bbox 2358 3864 2509 3918; x_wconf 90' lang='lat' dir='ltr'><strong>illum</strong></span> <span class='ocrx_word' id='word_1_561' title='bbox 2547 3866 2757 3920; x_wconf 90' lang='lat' dir='ltr'><strong>videret</strong></span> <span class='ocrx_word' id='word_1_562' title='bbox 2797 3867 2852 3920; x_wconf 92' lang='lat' dir='ltr'><strong>in</strong></span> <span class='ocrx_word' id='word_1_563' title='bbox 2878 3868 3284 3937; x_wconf 82' lang='lat' dir='ltr'><strong>expeditionem</strong></span> <span class='ocrx_word' id='word_1_564' title='bbox 3316 3872 3416 3926; x_wconf 83' lang='lat' dir='ltr'><strong>ab-</strong></span> 
     </span>
    </p>
   </div>
   <div class='ocr_carea' id='block_1_84' title="bbox 1839 3956 3415 4039">
    <p class='ocr_par' dir='ltr' id='par_1_84' title="bbox 1839 3956 3415 4039">
     <span class='ocr_line' id='line_1_85' title="bbox 1839 3956 3415 4039; baseline 0.008 -33"><span class='ocrx_word' id='word_1_565' title='bbox 1839 3964 2057 4009; x_wconf 89' lang='lat' dir='ltr'><strong>euntem</strong></span> <span class='ocrx_word' id='word_1_566' title='bbox 2117 3968 2243 4009; x_wconf 91' lang='lat' dir='ltr'><strong>cum</strong></span> <span class='ocrx_word' id='word_1_567' title='bbox 2297 3956 2579 4020; x_wconf 81' lang='lat' dir='ltr'><strong>exercitu,</strong></span> <span class='ocrx_word' id='word_1_568' title='bbox 2639 3956 2792 4011; x_wconf 89' lang='lat' dir='ltr'><strong>clara</strong></span> <span class='ocrx_word' id='word_1_569' title='bbox 2842 3973 2977 4039; x_wconf 75' lang='lat' dir='ltr'><strong>voce</strong></span> <span class='ocrx_word' id='word_1_570' title='bbox 3024 3960 3415 4020; x_wconf 80' lang='lat' dir='ltr'><strong>exclamasse:</strong></span> 
     </span>
    </p>
   </div>
   <div class='ocr_carea' id='block_1_85' title="bbox 1844 4044 3406 4117">
    <p class='ocr_par' dir='ltr' id='par_1_85' title="bbox 1844 4044 3406 4117">
     <span class='ocr_line' id='line_1_86' title="bbox 1844 4044 3406 4117; baseline 0.007 -21"><span class='ocrx_word' id='word_1_571' title='bbox 1844 4063 1863 4096; x_wconf 78' lang='grc' dir='ltr'><strong>ι</strong></span> <span class='ocrx_word' id='word_1_572' title='bbox 1904 4044 2025 4111; x_wconf 86' lang='lat' dir='ltr'><strong>Quo</strong></span> <span class='ocrx_word' id='word_1_573' title='bbox 2068 4046 2272 4115; x_wconf 85' lang='lat' dir='ltr'><strong>pergis,</strong></span> <span class='ocrx_word' id='word_1_574' title='bbox 2328 4046 2650 4117; x_wconf 90' lang='lat' dir='ltr'><strong>imperator,</strong></span> <span class='ocrx_word' id='word_1_575' title='bbox 2710 4049 2821 4103; x_wconf 85' lang='lat' dir='ltr'><strong>Deo</strong></span> <span class='ocrx_word' id='word_1_576' title='bbox 2874 4052 3076 4106; x_wconf 90' lang='lat' dir='ltr'><strong>bellum</strong></span> <span class='ocrx_word' id='word_1_577' title='bbox 3140 4051 3406 4113; x_wconf 84' lang='lat' dir='ltr'><strong>inferens,</strong></span> 
     </span>
    </p>
   </div>
   <div class='ocr_carea' id='block_1_86' title="bbox 1842 4137 3414 4209">
    <p class='ocr_par' dir='ltr' id='par_1_86' title="bbox 1842 4137 3414 4209">
     <span class='ocr_line' id='line_1_87' title="bbox 1842 4137 3414 4209; baseline 0.006 -20"><span class='ocrx_word' id='word_1_578' title='bbox 1842 4137 2075 4206; x_wconf 87' lang='lat' dir='ltr'><strong>ejusque</strong></span> <span class='ocrx_word' id='word_1_579' title='bbox 2116 4153 2316 4193; x_wconf 87' lang='lat' dir='ltr'><strong>carens</strong></span> <span class='ocrx_word' id='word_1_580' title='bbox 2346 4139 2603 4193; x_wconf 77' lang='lat' dir='ltr'><strong>auxilio?</strong></span> <span class='ocrx_word' id='word_1_581' title='bbox 2648 4138 2767 4209; x_wconf 89' lang='lat' dir='ltr'><strong>Ipse</strong></span> <span class='ocrx_word' id='word_1_582' title='bbox 2792 4142 2937 4195; x_wconf 88' lang='lat' dir='ltr'><strong>enim</strong></span> <span class='ocrx_word' id='word_1_583' title='bbox 2972 4142 3236 4197; x_wconf 83' lang='lat' dir='ltr'><strong>barbaros</strong></span> <span class='ocrx_word' id='word_1_584' title='bbox 3284 4159 3414 4197; x_wconf 87' lang='lat' dir='ltr'><strong>con-</strong></span> 
     </span>
    </p>
   </div>
   <div class='ocr_carea' id='block_1_87' title="bbox 1840 4227 3410 4298">
    <p class='ocr_par' dir='ltr' id='par_1_87' title="bbox 1840 4227 3410 4298">
     <span class='ocr_line' id='line_1_88' title="bbox 1840 4227 3410 4298; baseline 0.005 -19"><span class='ocrx_word' id='word_1_585' title='bbox 1840 4235 1922 4279; x_wconf 88' lang='lat' dir='ltr'><strong>tra</strong></span> <span class='ocrx_word' id='word_1_586' title='bbox 1978 4235 2031 4281; x_wconf 86' lang='lat' dir='ltr'><strong>te</strong></span> <span class='ocrx_word' id='word_1_587' title='bbox 2072 4227 2395 4291; x_wconf 84' lang='lat' dir='ltr'><strong>concitavit,</strong></span> <span class='ocrx_word' id='word_1_588' title='bbox 2428 4230 2557 4298; x_wconf 89' lang='lat' dir='ltr'><strong>quia</strong></span> <span class='ocrx_word' id='word_1_589' title='bbox 2596 4239 2651 4283; x_wconf 90' lang='lat' dir='ltr'><strong>tu</strong></span> <span class='ocrx_word' id='word_1_590' title='bbox 2687 4239 2881 4284; x_wconf 88' lang='lat' dir='ltr'><strong>contra</strong></span> <span class='ocrx_word' id='word_1_591' title='bbox 2915 4232 3066 4285; x_wconf 91' lang='lat' dir='ltr'><strong>illum</strong></span> <span class='ocrx_word' id='word_1_592' title='bbox 3111 4233 3410 4287; x_wconf 89' lang='lat' dir='ltr'><strong>multorum</strong></span> 
     </span>
    </p>
   </div>
   <div class='ocr_carea' id='block_1_88' title="bbox 1840 4316 3410 4393">
    <p class='ocr_par' dir='ltr' id='par_1_88' title="bbox 1840 4316 3410 4393">
     <span class='ocr_line' id='line_1_89' title="bbox 1840 4316 3410 4393; baseline 0.004 -22"><span class='ocrx_word' id='word_1_593' title='bbox 1840 4318 2056 4388; x_wconf 89' lang='lat' dir='ltr'><strong>linguas</strong></span> <span class='ocrx_word' id='word_1_594' title='bbox 2091 4316 2158 4370; x_wconf 90' lang='lat' dir='ltr'><strong>ad</strong></span> <span class='ocrx_word' id='word_1_595' title='bbox 2193 4318 2588 4389; x_wconf 86' lang='lat' dir='ltr'><strong>blasphemiam</strong></span> <span class='ocrx_word' id='word_1_596' title='bbox 2635 4320 2929 4390; x_wconf 89' lang='lat' dir='ltr'><strong>instigasti,</strong></span> <span class='ocrx_word' id='word_1_597' title='bbox 2964 4322 3197 4393; x_wconf 87' lang='lat' dir='ltr'><strong>piosque</strong></span> <span class='ocrx_word' id='word_1_598' title='bbox 3233 4324 3410 4393; x_wconf 85' lang='lat' dir='ltr'><strong>ipsum</strong></span> 
     </span>
    </p>
   </div>
   <div class='ocr_carea' id='block_1_89' title="bbox 1840 4408 3409 4479">
    <p class='ocr_par' dir='ltr' id='par_1_89' title="bbox 1840 4408 3409 4479">
     <span class='ocr_line' id='line_1_90' title="bbox 1840 4408 3409 4479; baseline 0.004 -19"><span class='ocrx_word' id='word_1_599' title='bbox 1840 4408 2128 4463; x_wconf 87' lang='lat' dir='ltr'><strong>laudantes</strong></span> <span class='ocrx_word' id='word_1_600' title='bbox 2147 4424 2208 4461; x_wconf 76' lang='lat' dir='ltr'><strong>ex</strong></span> <span class='ocrx_word' id='word_1_601' title='bbox 2252 4409 2431 4463; x_wconf 82' lang='lat' dir='ltr'><strong>sacris</strong></span> <span class='ocrx_word' id='word_1_602' title='bbox 2455 4410 2666 4465; x_wconf 76' lang='lat' dir='ltr'><strong>mdibus</strong></span> <span class='ocrx_word' id='word_1_603' title='bbox 2692 4410 3017 4466; x_wconf 88' lang='lat' dir='ltr'><strong>deturbasti.</strong></span> <span class='ocrx_word' id='word_1_604' title='bbox 3041 4412 3292 4479; x_wconf 86' lang='lat' dir='ltr'><strong>Proinde,</strong></span> <span class='ocrx_word' id='word_1_605' title='bbox 3330 4426 3409 4477; x_wconf 93' lang='lat' dir='ltr'><strong>tu,</strong></span> 
     </span>
    </p>
   </div>
   <div class='ocr_carea' id='block_1_90' title="bbox 1839 4500 3402 4572">
    <p class='ocr_par' dir='ltr' id='par_1_90' title="bbox 1839 4500 3402 4572">
     <span class='ocr_line' id='line_1_91' title="bbox 1839 4500 3402 4572; baseline 0.005 -19"><span class='ocrx_word' id='word_1_606' title='bbox 1839 4500 2040 4553; x_wconf 88' lang='lat' dir='ltr'><strong>bellare</strong></span> <span class='ocrx_word' id='word_1_607' title='bbox 2100 4502 2397 4572; x_wconf 31' lang='lat' dir='ltr'><strong>desineaet</strong></span> <span class='ocrx_word' id='word_1_608' title='bbox 2436 4502 2553 4571; x_wconf 90' lang='lat' dir='ltr'><strong>ipse</strong></span> <span class='ocrx_word' id='word_1_609' title='bbox 2587 4502 2789 4557; x_wconf 90' lang='lat' dir='ltr'><strong>bellum</strong></span> <span class='ocrx_word' id='word_1_610' title='bbox 2831 4513 3143 4572; x_wconf 90' lang='lat' dir='ltr'><strong>compescet</strong></span> <span class='ocrx_word' id='word_1_611' title='bbox 3188 4524 3200 4559; x_wconf 91' lang='lat'>:</span> <span class='ocrx_word' id='word_1_612' title='bbox 3235 4507 3402 4561; x_wconf 84' lang='lat' dir='ltr'><strong>redde</strong></span> 
     </span>
    </p>
   </div>
   <div class='ocr_carea' id='block_1_91' title="bbox 162 4577 1828 4670">
    <p class='ocr_par' dir='ltr' id='par_1_91' title="bbox 162 4577 1808 4670">
     <span class='ocr_line' id='line_1_92' title="bbox 162 4577 1808 4670; baseline 0.003 -22"><span class='ocrx_word' id='word_1_613' title='bbox 162 4596 418 4664; x_wconf 84' lang='grc' dir='ltr'>ποίμναις</span> <span class='ocrx_word' id='word_1_614' title='bbox 449 4593 575 4656; x_wconf 80' lang='grc' dir='ltr'>τοὺς</span> <span class='ocrx_word' id='word_1_615' title='bbox 621 4594 875 4663; x_wconf 83' lang='grc' dir='ltr'>ἀρίστους</span> <span class='ocrx_word' id='word_1_616' title='bbox 905 4595 1129 4665; x_wconf 82' lang='grc' dir='ltr'>νομέας,</span> <span class='ocrx_word' id='word_1_617' title='bbox 1166 4597 1259 4649; x_wconf 81' lang='grc' dir='ltr'>καὶ</span> <span class='ocrx_word' id='word_1_618' title='bbox 1282 4597 1425 4667; x_wconf 72' lang='grc' dir='ltr'>λήψῃ</span> <span class='ocrx_word' id='word_1_619' title='bbox 1448 4599 1547 4669; x_wconf 79' lang='grc' dir='ltr'>τὴν</span> <span class='ocrx_word' id='word_1_620' title='bbox 1578 4599 1732 4670; x_wconf 85' lang='grc' dir='ltr'>νίκην</span> <span class='ocrx_word' id='word_1_621' title='bbox 1765 4577 1808 4632; x_wconf 79' lang='lat' dir='ltr'><strong>D</strong></span> 
     </span>
    </p>
   </div>
   <div class='ocr_carea' id='block_1_92' title="bbox 1742 4577 3408 4670">
    <p class='ocr_par' dir='ltr' id='par_1_92' title="bbox 1765 4577 3408 4663">
     <span class='ocr_line' id='line_1_93' title="bbox 1765 4577 3408 4663; baseline 0.004 -18"><span class='ocrx_word' id='word_1_622' title='bbox 1765 4577 1808 4632; x_wconf 75' lang='grc' dir='ltr'>υ</span> <span class='ocrx_word' id='word_1_623' title='bbox 1838 4592 2093 4662; x_wconf 84' lang='lat' dir='ltr'><strong>gregibus</strong></span> <span class='ocrx_word' id='word_1_624' title='bbox 2118 4593 2356 4661; x_wconf 87' lang='lat' dir='ltr'><strong>optimos</strong></span> <span class='ocrx_word' id='word_1_625' title='bbox 2386 4588 2660 4663; x_wconf 79' lang='lat' dir='ltr'><strong>pastores,</strong></span> <span class='ocrx_word' id='word_1_626' title='bbox 2682 4602 2736 4648; x_wconf 91' lang='lat' dir='ltr'><strong>et</strong></span> <span class='ocrx_word' id='word_1_627' title='bbox 2763 4595 3046 4649; x_wconf 89' lang='lat' dir='ltr'><strong>victoriam</strong></span> <span class='ocrx_word' id='word_1_628' title='bbox 3072 4597 3194 4651; x_wconf 91' lang='lat' dir='ltr'><strong>sine</strong></span> <span class='ocrx_word' id='word_1_629' title='bbox 3226 4598 3408 4653; x_wconf 87' lang='lat' dir='ltr'><strong>labore</strong></span> 
     </span>
    </p>
   </div>
   <div class='ocr_carea' id='block_1_93' title="bbox 160 4686 1731 4761">
    <p class='ocr_par' dir='ltr' id='par_1_93' title="bbox 160 4686 1731 4761">
     <span class='ocr_line' id='line_1_94' title="bbox 160 4686 1731 4761; baseline 0.003 -20"><span class='ocrx_word' id='word_1_630' title='bbox 160 4686 409 4755; x_wconf 81' lang='grc' dir='ltr'>ἀπονητί.</span> <span class='ocrx_word' id='word_1_631' title='bbox 452 4687 515 4738; x_wconf 84' lang='grc' dir='ltr'><strong>Εἰ</strong></span> <span class='ocrx_word' id='word_1_632' title='bbox 574 4686 629 4739; x_wconf 86' lang='grc' dir='ltr'>δὲ</span> <span class='ocrx_word' id='word_1_633' title='bbox 677 4688 881 4741; x_wconf 82' lang='grc' dir='ltr'>τούτων</span> <span class='ocrx_word' id='word_1_634' title='bbox 939 4688 1104 4757; x_wconf 78' lang='grc' dir='ltr'>μηδὲν</span> <span class='ocrx_word' id='word_1_635' title='bbox 1152 4688 1426 4758; x_wconf 80' lang='grc' dir='ltr'>δεδρακὼς</span> <span class='ocrx_word' id='word_1_636' title='bbox 1485 4694 1731 4761; x_wconf 74' lang='grc' dir='ltr'>παρατάυ</span> 
     </span>
    </p>
   </div>
   <div class='ocr_carea' id='block_1_94' title="bbox 163 4776 1729 4852">
    <p class='ocr_par' dir='ltr' id='par_1_94' title="bbox 163 4776 1729 4852">
     <span class='ocr_line' id='line_1_95' title="bbox 163 4776 1729 4852; baseline 0.004 -23"><span class='ocrx_word' id='word_1_637' title='bbox 163 4778 275 4841; x_wconf 84' lang='grc' dir='ltr'>ξαιο</span> <span class='ocrx_word' id='word_1_638' title='bbox 308 4778 378 4841; x_wconf 79' lang='grc'><strong>⁸⁸,</strong></span> <span class='ocrx_word' id='word_1_639' title='bbox 414 4776 628 4847; x_wconf 74' lang='grc' dir='ltr'>μαθήσῃ</span> <span class='ocrx_word' id='word_1_640' title='bbox 666 4780 731 4847; x_wconf 78' lang='grc' dir='ltr'>τῇ</span> <span class='ocrx_word' id='word_1_641' title='bbox 791 4778 973 4848; x_wconf 81' lang='grc' dir='ltr'>πείρᾳ.</span> <span class='ocrx_word' id='word_1_642' title='bbox 1007 4779 1154 4844; x_wconf 86' lang='grc' dir='ltr'>ὅπως</span> <span class='ocrx_word' id='word_1_643' title='bbox 1202 4780 1439 4851; x_wconf 78' lang='grc' dir='ltr'>σκληρὸν</span> <span class='ocrx_word' id='word_1_644' title='bbox 1479 4781 1541 4833; x_wconf 86' lang='grc' dir='ltr'>τὸ</span> <span class='ocrx_word' id='word_1_645' title='bbox 1594 4784 1729 4852; x_wconf 75' lang='grc' dir='ltr'>πρὸς</span> 
     </span>
    </p>
   </div>
   <div class='ocr_carea' id='block_1_95' title="bbox 162 4868 1727 4946">
    <p class='ocr_par' dir='ltr' id='par_1_95' title="bbox 162 4868 1727 4946">
     <span class='ocr_line' id='line_1_96' title="bbox 162 4868 1727 4946; baseline 0.002 -22"><span class='ocrx_word' id='word_1_646' title='bbox 162 4870 357 4940; x_wconf 81' lang='grc' dir='ltr'>κέντρα</span> <span class='ocrx_word' id='word_1_647' title='bbox 393 4870 691 4934; x_wconf 77' lang='grc' dir='ltr'>λακτίζειν.</span> <span class='ocrx_word' id='word_1_648' title='bbox 722 4868 859 4923; x_wconf 78' lang='grc' dir='ltr'>Οὔτε</span> <span class='ocrx_word' id='word_1_649' title='bbox 902 4871 1009 4941; x_wconf 83' lang='grc' dir='ltr'><strong>γὰρ</strong></span> <span class='ocrx_word' id='word_1_650' title='bbox 1052 4873 1365 4943; x_wconf 75' lang='grc' dir='ltr'>ἐπανήξεις,</span> <span class='ocrx_word' id='word_1_651' title='bbox 1411 4873 1506 4927; x_wconf 79' lang='grc' dir='ltr'>καὶ</span> <span class='ocrx_word' id='word_1_652' title='bbox 1558 4892 1727 4946; x_wconf 86' lang='grc' dir='ltr'>προσ-</span> 
     </span>
    </p>
   </div>
   <div class='ocr_carea' id='block_1_96' title="bbox 1835 4684 3407 4759">
    <p class='ocr_par' dir='ltr' id='par_1_96' title="bbox 1835 4684 3407 4759">
     <span class='ocr_line' id='line_1_97' title="bbox 1835 4684 3407 4759; baseline 0.003 -20"><span class='ocrx_word' id='word_1_653' title='bbox 1835 4686 2215 4754; x_wconf 82' lang='lat' dir='ltr'><strong>consequeris.</strong></span> <span class='ocrx_word' id='word_1_654' title='bbox 2244 4684 2400 4750; x_wconf 84' lang='lat' dir='ltr'><strong>Quod</strong></span> <span class='ocrx_word' id='word_1_655' title='bbox 2433 4687 2479 4740; x_wconf 92' lang='lat' dir='ltr'><strong>si</strong></span> <span class='ocrx_word' id='word_1_656' title='bbox 2509 4686 2594 4740; x_wconf 90' lang='lat' dir='ltr'><strong>his</strong></span> <span class='ocrx_word' id='word_1_657' title='bbox 2627 4686 2891 4756; x_wconf 85' lang='lat' dir='ltr'><strong>neglectis</strong></span> <span class='ocrx_word' id='word_1_658' title='bbox 2917 4686 2981 4739; x_wconf 88' lang='lat' dir='ltr'><strong>ad</strong></span> <span class='ocrx_word' id='word_1_659' title='bbox 3011 4703 3250 4757; x_wconf 81' lang='lat' dir='ltr'><strong>pugnam</strong></span> <span class='ocrx_word' id='word_1_660' title='bbox 3282 4706 3407 4759; x_wconf 84' lang='lat' dir='ltr'><strong>pro-</strong></span> 
     </span>
    </p>
   </div>
   <div class='ocr_carea' id='block_1_97' title="bbox 1835 4778 3406 4849">
    <p class='ocr_par' dir='ltr' id='par_1_97' title="bbox 1835 4778 3406 4849">
     <span class='ocr_line' id='line_1_98' title="bbox 1835 4778 3406 4849; baseline 0.001 -17"><span class='ocrx_word' id='word_1_661' title='bbox 1835 4780 2094 4842; x_wconf 86' lang='lat' dir='ltr'><strong>cesseris,</strong></span> <span class='ocrx_word' id='word_1_662' title='bbox 2135 4795 2193 4833; x_wconf 90' lang='lat' dir='ltr'><strong>re</strong></span> <span class='ocrx_word' id='word_1_663' title='bbox 2224 4780 2340 4849; x_wconf 90' lang='lat' dir='ltr'><strong>ipsa</strong></span> <span class='ocrx_word' id='word_1_664' title='bbox 2367 4779 2649 4849; x_wconf 81' lang='lat' dir='ltr'><strong>experiere</strong></span> <span class='ocrx_word' id='word_1_665' title='bbox 2678 4778 2823 4848; x_wconf 90' lang='lat' dir='ltr'><strong>quod</strong></span> <span class='ocrx_word' id='word_1_666' title='bbox 2855 4779 3051 4832; x_wconf 89' lang='lat' dir='ltr'><strong>durum</strong></span> <span class='ocrx_word' id='word_1_667' title='bbox 3089 4781 3160 4834; x_wconf 92' lang='lat' dir='ltr'><strong>sit</strong></span> <span class='ocrx_word' id='word_1_668' title='bbox 3215 4789 3406 4835; x_wconf 89' lang='lat' dir='ltr'><strong>contra</strong></span> 
     </span>
    </p>
   </div>
   <div class='ocr_carea' id='block_1_98' title="bbox 1837 4868 3405 4939">
    <p class='ocr_par' dir='ltr' id='par_1_98' title="bbox 1837 4868 3405 4939">
     <span class='ocr_line' id='line_1_99' title="bbox 1837 4868 3405 4939; baseline 0 -14"><span class='ocrx_word' id='word_1_669' title='bbox 1837 4871 2091 4925; x_wconf 90' lang='lat' dir='ltr'><strong>stimulos</strong></span> <span class='ocrx_word' id='word_1_670' title='bbox 2148 4872 2464 4923; x_wconf 86' lang='lat' dir='ltr'><strong>calcitrare.</strong></span> <span class='ocrx_word' id='word_1_671' title='bbox 2508 4868 2642 4923; x_wconf 87' lang='lat' dir='ltr'><strong>Nam</strong></span> <span class='ocrx_word' id='word_1_672' title='bbox 2688 4885 2789 4924; x_wconf 91' lang='lat' dir='ltr'><strong>nec</strong></span> <span class='ocrx_word' id='word_1_673' title='bbox 2839 4869 2957 4939; x_wconf 88' lang='lat' dir='ltr'><strong>ipse</strong></span> <span class='ocrx_word' id='word_1_674' title='bbox 2991 4872 3309 4937; x_wconf 86' lang='lat' dir='ltr'><strong>reverteris,</strong></span> <span class='ocrx_word' id='word_1_675' title='bbox 3351 4881 3405 4927; x_wconf 90' lang='lat' dir='ltr'><strong>ct</strong></span> 
     </span>
    </p>
   </div>
   <div class='ocr_carea' id='block_1_99' title="bbox 1451 5005 2125 5066">
    <p class='ocr_par' dir='ltr' id='par_1_99' title="bbox 1451 5005 2125 5066">
     <span class='ocr_line' id='line_1_100' title="bbox 1451 5005 2125 5066; baseline -0.004 -2"><span class='ocrx_word' id='word_1_676' title='bbox 1451 5010 1688 5065; x_wconf 73' lang='lat' dir='ltr'><strong>VARUE</strong></span> <span class='ocrx_word' id='word_1_677' title='bbox 1728 5005 2125 5066; x_wconf 83' lang='lat' dir='ltr'><strong>LECTIONES.</strong></span> 
     </span>
    </p>
   </div>
   <div class='ocr_carea' id='block_1_100' title="bbox 224 5096 507 5169">
    <p class='ocr_par' dir='ltr' id='par_1_100' title="bbox 224 5096 507 5169">
     <span class='ocr_line' id='line_1_101' title="bbox 224 5096 507 5169; baseline -0.004 0"><span class='ocrx_word' id='word_1_678' title='bbox 224 5096 288 5169; x_wconf 70' lang='lat'><strong>‘1</strong></span> <span class='ocrx_word' id='word_1_679' title='bbox 305 5115 507 5169; x_wconf 82' lang='grc' dir='ltr'>στρατη</span> 
     </span>
    </p>
   </div>
   <div class='ocr_carea' id='block_1_101' title="bbox 510 5094 3398 5169">
    <p class='ocr_par' dir='ltr' id='par_1_101' title="bbox 510 5094 3398 5169">
     <span class='ocr_line' id='line_1_102' title="bbox 510 5094 3398 5169; baseline 0 -18"><span class='ocrx_word' id='word_1_680' title='bbox 510 5098 695 5169; x_wconf 62' lang='grc' dir='ltr'>λάτον.</span> <span class='ocrx_word' id='word_1_681' title='bbox 738 5096 959 5152; x_wconf 66' lang='lat' dir='ltr'><strong>Ctetcrzc</strong></span> <span class='ocrx_word' id='word_1_682' title='bbox 992 5098 1149 5154; x_wconf 90' lang='lat' dir='ltr'><strong>editt.</strong></span> <span class='ocrx_word' id='word_1_683' title='bbox 1212 5101 1256 5132; x_wconf 78' lang='lat'><strong>&quot;</strong></span> <span class='ocrx_word' id='word_1_684' title='bbox 1289 5099 1362 5155; x_wconf 88' lang='lat' dir='ltr'><strong>Ita</strong></span> <span class='ocrx_word' id='word_1_685' title='bbox 1395 5102 1569 5154; x_wconf 78' lang='lat' dir='ltr'><strong>codex</strong></span> <span class='ocrx_word' id='word_1_686' title='bbox 1620 5100 1736 5154; x_wconf 81' lang='lat' dir='ltr'><strong>Pini</strong></span> <span class='ocrx_word' id='word_1_687' title='bbox 1761 5146 1774 5165; x_wconf 80' lang='grc'><strong>,</strong></span> <span class='ocrx_word' id='word_1_688' title='bbox 1826 5102 2064 5169; x_wconf 86' lang='lat' dir='ltr'><strong>itemque</strong></span> <span class='ocrx_word' id='word_1_689' title='bbox 2093 5096 2495 5169; x_wconf 77' lang='lat' dir='ltr'><strong>Christoph.et</strong></span> <span class='ocrx_word' id='word_1_690' title='bbox 2539 5094 2815 5169; x_wconf 57' lang='lat' dir='ltr'><strong>Scaliger,</strong></span> <span class='ocrx_word' id='word_1_691' title='bbox 2836 5110 2959 5150; x_wconf 94' lang='lat' dir='ltr'><strong>cum</strong></span> <span class='ocrx_word' id='word_1_692' title='bbox 2989 5096 3297 5169; x_wconf 56' lang='lat' dir='ltr'><strong>ljicephoro</strong></span> <span class='ocrx_word' id='word_1_693' title='bbox 3327 5097 3398 5153; x_wconf 92' lang='grc'><strong>11.</strong></span> 
     </span>
    </p>
   </div>
   <div class='ocr_carea' id='block_1_102' title="bbox 160 5165 3397 5248">
    <p class='ocr_par' dir='ltr' id='par_1_102' title="bbox 160 5165 3397 5248">
     <span class='ocr_line' id='line_1_103' title="bbox 160 5165 3397 5248; baseline 0.001 -26"><span class='ocrx_word' id='word_1_694' title='bbox 245 5166 341 5248; x_wconf 54' lang='grc' dir='ltr'>ξι,</span> <span class='ocrx_word' id='word_1_695' title='bbox 498 5165 613 5248; x_wconf 59' lang='grc' dir='ltr'>ξω</span> <span class='ocrx_word' id='word_1_696' title='bbox 638 5168 812 5248; x_wconf 55' lang='lat' dir='ltr'><strong>_Basjl.</strong></span> <span class='ocrx_word' id='word_1_697' title='bbox 850 5176 904 5221; x_wconf 89' lang='lat' dir='ltr'><strong>et</strong></span> <span class='ocrx_word' id='word_1_698' title='bbox 934 5169 1124 5248; x_wconf 69' lang='lat' dir='ltr'><strong>Steph.</strong></span> <span class='ocrx_word' id='word_1_699' title='bbox 1182 5186 1307 5248; x_wconf 77' lang='lat' dir='ltr'><strong>cum</strong></span> <span class='ocrx_word' id='word_1_700' title='bbox 1368 5172 1675 5248; x_wconf 83' lang='lat' dir='ltr'><strong>Epiphanio</strong></span> <span class='ocrx_word' id='word_1_701' title='bbox 1712 5170 1854 5248; x_wconf 67' lang='lat' dir='ltr'><strong>Vill,</strong></span> <span class='ocrx_word' id='word_1_702' title='bbox 1890 5165 2331 5248; x_wconf 55' lang='lat' dir='ltr'><strong>__14&#39;,__8:avéuuiv.</strong></span> <span class='ocrx_word' id='word_1_703' title='bbox 2368 5238 2379 5248; x_wconf 84' lang='lat'>_</span> <span class='ocrx_word' id='word_1_704' title='bbox 2423 5168 2479 5248; x_wconf 70' lang='lat'><strong>&quot;&quot;_</strong></span> <span class='ocrx_word' id='word_1_705' title='bbox 2504 5170 2532 5220; x_wconf 86' lang='grc' dir='ltr'>ὁ</span> <span class='ocrx_word' id='word_1_706' title='bbox 2554 5165 2751 5248; x_wconf 33' lang='lat' dir='ltr'><strong>Baio};-</strong></span> <span class='ocrx_word' id='word_1_707' title='bbox 2785 5165 2950 5248; x_wconf 45' lang='lat' dir='ltr'><strong>Bis“.</strong></span> <span class='ocrx_word' id='word_1_708' title='bbox 2984 5167 3081 5248; x_wconf 77' lang='lat' dir='ltr'><strong>G_r_.</strong></span> <span class='ocrx_word' id='word_1_709' title='bbox 3118 5176 3171 5221; x_wconf 89' lang='lat' dir='ltr'><strong>et</strong></span> <span class='ocrx_word' id='word_1_710' title='bbox 3208 5167 3397 5248; x_wconf 56' lang='lat' dir='ltr'><strong>Steph.</strong></span> 
     </span>
    </p>
   </div>
   <div class='ocr_carea' id='block_1_103' title="bbox 159 5236 3398 5320">
    <p class='ocr_par' dir='ltr' id='par_1_103' title="bbox 159 5236 3398 5320">
     <span class='ocr_line' id='line_1_104' title="bbox 159 5236 3398 5320; baseline -0 -28"><span class='ocrx_word' id='word_1_711' title='bbox 248 5239 450 5320; x_wconf 81' lang='lat' dir='ltr'><strong>Sic__et</strong></span> <span class='ocrx_word' id='word_1_712' title='bbox 501 5237 699 5320; x_wconf 42' lang='lat' dir='ltr'><strong>Steph.‘</strong></span> <span class='ocrx_word' id='word_1_713' title='bbox 734 5239 790 5301; x_wconf 78' lang='grc'>2,</span> <span class='ocrx_word' id='word_1_714' title='bbox 842 5249 899 5320; x_wconf 75' lang='lat' dir='ltr'><strong>u_t</strong></span> <span class='ocrx_word' id='word_1_715' title='bbox 939 5236 1497 5320; x_wconf 46' lang='lat' dir='ltr'><strong>Pin—icodexhveri&#39;u&#39;s</strong></span> <span class='ocrx_word' id='word_1_716' title='bbox 1544 5243 1729 5320; x_wconf 75' lang='grc' dir='ltr'>προΐῃ.</span> <span class='ocrx_word' id='word_1_717' title='bbox 1767 5241 1944 5320; x_wconf 83' lang='lat' dir='ltr'><strong>_Basi|.</strong></span> <span class='ocrx_word' id='word_1_718' title='bbox 1994 5239 2087 5291; x_wconf 79' lang='lat' dir='ltr'><strong>Gr.</strong></span> <span class='ocrx_word' id='word_1_719' title='bbox 2125 5247 2178 5291; x_wconf 93' lang='lat' dir='ltr'><strong>et</strong></span> <span class='ocrx_word' id='word_1_720' title='bbox 2224 5238 2480 5320; x_wconf 43' lang='lat' dir='ltr'><strong>&#39;Stcph.__l</strong></span> <span class='ocrx_word' id='word_1_721' title='bbox 2529 5236 2793 5320; x_wconf 51' lang='grc' dir='ltr'>προῄει.η</span> <span class='ocrx_word' id='word_1_722' title='bbox 2830 5239 2875 5268; x_wconf 86' lang='grc'><strong>⁸⁰</strong></span> <span class='ocrx_word' id='word_1_723' title='bbox 2903 5238 3259 5320; x_wconf 46' lang='grc' dir='ltr'>ττ-αρέδωκαςλ</span> <span class='ocrx_word' id='word_1_724' title='bbox 3279 5238 3398 5320; x_wconf 61' lang='lat' dir='ltr'><strong>Pint</strong></span> 
     </span>
    </p>
   </div>
   <div class='ocr_carea' id='block_1_104' title="bbox 159 5306 3399 5380">
    <p class='ocr_par' dir='ltr' id='par_1_104' title="bbox 159 5306 3399 5380">
     <span class='ocr_line' id='line_1_105' title="bbox 159 5306 3399 5380; baseline 0 -19"><span class='ocrx_word' id='word_1_725' title='bbox 159 5309 316 5363; x_wconf 88' lang='lat' dir='ltr'><strong>liber.</strong></span> <span class='ocrx_word' id='word_1_726' title='bbox 347 5310 389 5339; x_wconf 85' lang='lat'><strong>&quot;</strong></span> <span class='ocrx_word' id='word_1_727' title='bbox 415 5306 986 5380; x_wconf 66' lang='grc' dir='ltr'>στρατηγὼ-τούτω.</span> <span class='ocrx_word' id='word_1_728' title='bbox 1020 5310 1189 5367; x_wconf 87' lang='lat' dir='ltr'><strong>Idem.</strong></span> <span class='ocrx_word' id='word_1_729' title='bbox 1280 5311 1325 5342; x_wconf 85' lang='lat'><strong>&quot;</strong></span> <span class='ocrx_word' id='word_1_730' title='bbox 1364 5306 2365 5380; x_wconf 75' lang='grc' dir='ltr'>συνωμολογῆσάτην-παρῃνεσάτην.</span> <span class='ocrx_word' id='word_1_731' title='bbox 2406 5307 2713 5380; x_wconf 74' lang='lat' dir='ltr'><strong>_lden_i__cu_i_n</strong></span> <span class='ocrx_word' id='word_1_732' title='bbox 2736 5306 3195 5380; x_wconf 75' lang='lat' dir='ltr'><strong>_C_asauboniano.</strong></span> <span class='ocrx_word' id='word_1_733' title='bbox 3227 5306 3399 5380; x_wconf 79' lang='lat' dir='ltr'><strong>Scali-</strong></span> 
     </span>
    </p>
   </div>
   <div class='ocr_carea' id='block_1_105' title="bbox 158 5377 1848 5449">
    <p class='ocr_par' dir='ltr' id='par_1_105' title="bbox 158 5377 1848 5449">
     <span class='ocr_line' id='line_1_106' title="bbox 158 5377 1848 5449; baseline 0 -16"><span class='ocrx_word' id='word_1_734' title='bbox 158 5396 281 5441; x_wconf 64' lang='grc' dir='ltr'><strong>μοτο</strong></span> <span class='ocrx_word' id='word_1_735' title='bbox 320 5388 373 5433; x_wconf 86' lang='lat' dir='ltr'><strong>et</strong></span> <span class='ocrx_word' id='word_1_736' title='bbox 403 5377 910 5446; x_wconf 88' lang='lat' dir='ltr'><strong>Christophorsono</strong></span> <span class='ocrx_word' id='word_1_737' title='bbox 938 5394 1251 5449; x_wconf 82' lang='lat' dir='ltr'><strong>quanquam</strong></span> <span class='ocrx_word' id='word_1_738' title='bbox 1292 5382 1377 5435; x_wconf 92' lang='lat' dir='ltr'><strong>hic</strong></span> <span class='ocrx_word' id='word_1_739' title='bbox 1412 5377 1573 5435; x_wconf 83' lang='lat' dir='ltr'><strong>habet</strong></span> <span class='ocrx_word' id='word_1_740' title='bbox 1611 5377 1848 5449; x_wconf 65' lang='grc' dir='ltr'>ὡμολογέ</span> 
     </span>
    </p>
   </div>
   <div class='ocr_carea' id='block_1_106' title="bbox 1950 5375 3397 5432">
    <p class='ocr_par' dir='ltr' id='par_1_106' title="bbox 1950 5375 3397 5432">
     <span class='ocr_line' id='line_1_107' title="bbox 1950 5375 3397 5432; baseline 0.002 -3"><span class='ocrx_word' id='word_1_741' title='bbox 1950 5381 1995 5411; x_wconf 79' lang='grc'>⁵³</span> <span class='ocrx_word' id='word_1_742' title='bbox 2029 5375 2110 5430; x_wconf 61' lang='lat' dir='ltr'><strong>ns</strong></span> <span class='ocrx_word' id='word_1_743' title='bbox 2136 5387 2190 5431; x_wconf 89' lang='lat' dir='ltr'><strong>et</strong></span> <span class='ocrx_word' id='word_1_744' title='bbox 2233 5375 2371 5432; x_wconf 82' lang='lat' dir='ltr'><strong>liber</strong></span> <span class='ocrx_word' id='word_1_745' title='bbox 2402 5375 2613 5430; x_wconf 90' lang='lat' dir='ltr'><strong>Savilii.</strong></span> <span class='ocrx_word' id='word_1_746' title='bbox 2647 5376 2751 5429; x_wconf 73' lang='lat' dir='ltr'><strong>Sed</strong></span> <span class='ocrx_word' id='word_1_747' title='bbox 2780 5375 3028 5431; x_wconf 81' lang='lat' dir='ltr'><strong>Valesius</strong></span> <span class='ocrx_word' id='word_1_748' title='bbox 3053 5392 3177 5429; x_wconf 90' lang='lat' dir='ltr'><strong>cum</strong></span> <span class='ocrx_word' id='word_1_749' title='bbox 3206 5378 3397 5432; x_wconf 86' lang='lat' dir='ltr'><strong>codice</strong></span> 
     </span>
    </p>
   </div>
   <div class='ocr_carea' id='block_1_107' title="bbox 156 5447 3395 5528">
    <p class='ocr_par' dir='ltr' id='par_1_107' title="bbox 156 5447 3395 5528">
     <span class='ocr_line' id='line_1_108' title="bbox 156 5447 3395 5528; baseline 0 -28"><span class='ocrx_word' id='word_1_750' title='bbox 156 5450 232 5503; x_wconf 82' lang='lat' dir='ltr'><strong>Jo.</strong></span> <span class='ocrx_word' id='word_1_751' title='bbox 267 5449 562 5528; x_wconf 41' lang='lat' dir='ltr'><strong>Pininrecte</strong></span> <span class='ocrx_word' id='word_1_752' title='bbox 592 5449 874 5528; x_wconf 45' lang='lat' dir='ltr'><strong>restituit“:</strong></span> <span class='ocrx_word' id='word_1_753' title='bbox 910 5450 995 5528; x_wconf 63' lang='grc' dir='ltr'><strong>ἐπ’</strong></span> <span class='ocrx_word' id='word_1_754' title='bbox 1018 5447 1197 5528; x_wconf 73' lang='grc' dir='ltr'>ἐλεγχ.</span> <span class='ocrx_word' id='word_1_755' title='bbox 1228 5453 1290 5520; x_wconf 84' lang='grc' dir='ltr'>τῇ</span> <span class='ocrx_word' id='word_1_756' title='bbox 1330 5447 2043 5528; x_wconf 28' lang='grc' dir='ltr'>ἀληθείᾳ-συνεζευγμένοι-ς,</span> <span class='ocrx_word' id='word_1_757' title='bbox 2076 5449 2221 5528; x_wconf 70' lang='lat' dir='ltr'><strong>quod</strong></span> <span class='ocrx_word' id='word_1_758' title='bbox 2266 5449 2374 5515; x_wconf 88' lang='lat' dir='ltr'><strong>jam</strong></span> <span class='ocrx_word' id='word_1_759' title='bbox 2433 5448 2670 5528; x_wconf 68' lang='lat' dir='ltr'><strong>habebat</strong></span> <span class='ocrx_word' id='word_1_760' title='bbox 2694 5447 3057 5528; x_wconf 74' lang='lat' dir='ltr'><strong>_Nieeph0_rus</strong></span> <span class='ocrx_word' id='word_1_761' title='bbox 3087 5448 3120 5499; x_wconf 93' lang='grc' dir='ltr'>Ι.</span> <span class='ocrx_word' id='word_1_762' title='bbox 3154 5461 3204 5500; x_wconf 94' lang='lat' dir='ltr'><strong>c.</strong></span> <span class='ocrx_word' id='word_1_763' title='bbox 3246 5448 3395 5527; x_wconf 87' lang='lat' dir='ltr'><strong>vide-</strong></span> 
     </span>
    </p>
   </div>
   <div class='ocr_carea' id='block_1_108' title="bbox 166 5517 3394 5597">
    <p class='ocr_par' dir='ltr' id='par_1_108' title="bbox 166 5517 3394 5597">
     <span class='ocr_line' id='line_1_109' title="bbox 166 5517 3394 5597; baseline -0.001 -27"><span class='ocrx_word' id='word_1_764' title='bbox 166 5530 354 5587; x_wconf 82' lang='lat' dir='ltr'><strong>ratqne</strong></span> <span class='ocrx_word' id='word_1_765' title='bbox 390 5519 710 5597; x_wconf 55' lang='grc' dir='ltr'><strong>(ἐιῃςίειιιῃιιζ</strong></span> <span class='ocrx_word' id='word_1_766' title='bbox 748 5529 801 5571; x_wconf 87' lang='lat' dir='ltr'><strong>et</strong></span> <span class='ocrx_word' id='word_1_767' title='bbox 826 5517 1110 5597; x_wconf 72' lang='lat' dir='ltr'><strong>Scaliger;</strong></span> <span class='ocrx_word' id='word_1_768' title='bbox 1146 5517 1384 5597; x_wconf 54' lang='lat' dir='ltr'><strong>iteniilue</strong></span> <span class='ocrx_word' id='word_1_769' title='bbox 1428 5517 1591 5597; x_wconf 68' lang='lat' dir='ltr'><strong>Basil.</strong></span> <span class='ocrx_word' id='word_1_770' title='bbox 1634 5517 2041 5597; x_wconf 23' lang='lat' dir='ltr'><strong>Gr._et;_Stc-ph.</strong></span> <span class='ocrx_word' id='word_1_771' title='bbox 2080 5521 2335 5597; x_wconf 55' lang='lat' dir='ltr'><strong>e§_liiln:iit</strong></span> <span class='ocrx_word' id='word_1_772' title='bbox 2372 5517 2840 5597; x_wconf 56' lang='grc' dir='ltr'>συνεζευγμένας,</span> <span class='ocrx_word' id='word_1_773' title='bbox 2870 5519 2963 5570; x_wconf 87' lang='lat' dir='ltr'><strong>sed</strong></span> <span class='ocrx_word' id='word_1_774' title='bbox 3000 5518 3051 5570; x_wconf 92' lang='lat' dir='ltr'><strong>in</strong></span> <span class='ocrx_word' id='word_1_775' title='bbox 3079 5521 3394 5597; x_wconf 59' lang='lat' dir='ltr'><strong>accusativo</strong></span> 
     </span>
    </p>
   </div>
   <div class='ocr_carea' id='block_1_109' title="bbox 156 5586 3392 5660">
    <p class='ocr_par' dir='ltr' id='par_1_109' title="bbox 156 5586 3392 5660">
     <span class='ocr_line' id='line_1_110' title="bbox 156 5586 3392 5660; baseline -0.001 -20"><span class='ocrx_word' id='word_1_776' title='bbox 156 5586 504 5660; x_wconf 44' lang='grc' dir='ltr'>ἀλήθειανη⁸³</span> <span class='ocrx_word' id='word_1_777' title='bbox 536 5588 645 5660; x_wconf 56' lang='grc' dir='ltr'><strong>και</strong></span> <span class='ocrx_word' id='word_1_778' title='bbox 673 5588 828 5657; x_wconf 82' lang='grc' dir='ltr'>Βρετ.</span> <span class='ocrx_word' id='word_1_779' title='bbox 864 5616 930 5660; x_wconf 53' lang='grc' dir='ltr'><strong>-έ</strong></span> <span class='ocrx_word' id='word_1_780' title='bbox 962 5586 1200 5659; x_wconf 77' lang='grc' dir='ltr'>παρῤησ.</span> <span class='ocrx_word' id='word_1_781' title='bbox 1254 5586 1376 5645; x_wconf 53' lang='lat' dir='ltr'><strong>Ilaec</strong></span> <span class='ocrx_word' id='word_1_782' title='bbox 1436 5593 1637 5646; x_wconf 83' lang='lat' dir='ltr'><strong>absunt</strong></span> <span class='ocrx_word' id='word_1_783' title='bbox 1669 5607 1697 5643; x_wconf 72' lang='grc' dir='ltr'><strong>τι</strong></span> <span class='ocrx_word' id='word_1_784' title='bbox 1729 5590 1893 5643; x_wconf 86' lang='lat' dir='ltr'><strong>Basil.</strong></span> <span class='ocrx_word' id='word_1_785' title='bbox 1944 5586 2060 5651; x_wconf 64' lang='lat' dir='ltr'><strong>GL.</strong></span> <span class='ocrx_word' id='word_1_786' title='bbox 2086 5658 2100 5660; x_wconf 90' lang='lat'><em>_</em></span> <span class='ocrx_word' id='word_1_787' title='bbox 2123 5588 2385 5651; x_wconf 80' lang='lat' dir='ltr'><strong>Stephani</strong></span> <span class='ocrx_word' id='word_1_788' title='bbox 2437 5598 2490 5641; x_wconf 87' lang='lat' dir='ltr'><strong>et</strong></span> <span class='ocrx_word' id='word_1_789' title='bbox 2520 5586 2738 5660; x_wconf 70' lang='lat' dir='ltr'><strong>_Va_lesii</strong></span> <span class='ocrx_word' id='word_1_790' title='bbox 2760 5590 2914 5660; x_wconf 75' lang='lat' dir='ltr'><strong>edit.,</strong></span> <span class='ocrx_word' id='word_1_791' title='bbox 2948 5602 3097 5660; x_wconf 85' lang='lat' dir='ltr'><strong>cum_</strong></span> <span class='ocrx_word' id='word_1_792' title='bbox 3236 5586 3392 5660; x_wconf 61' lang='lat' dir='ltr'><strong>illud,</strong></span> 
     </span>
    </p>
   </div>
   <div class='ocr_carea' id='block_1_110' title="bbox 157 5654 1651 5730">
    <p class='ocr_par' dir='ltr' id='par_1_110' title="bbox 157 5654 1651 5730">
     <span class='ocr_line' id='line_1_111' title="bbox 157 5654 1651 5730; baseline 0.002 -19"><span class='ocrx_word' id='word_1_793' title='bbox 157 5654 293 5725; x_wconf 79' lang='lat' dir='ltr'><strong>quod</strong></span> <span class='ocrx_word' id='word_1_794' title='bbox 346 5654 400 5711; x_wconf 80' lang='lat' dir='ltr'><strong>in</strong></span> <span class='ocrx_word' id='word_1_795' title='bbox 438 5659 522 5711; x_wconf 89' lang='lat' dir='ltr'><strong>his</strong></span> <span class='ocrx_word' id='word_1_796' title='bbox 566 5654 727 5711; x_wconf 66' lang='lat' dir='ltr'><strong>editt.</strong></span> <span class='ocrx_word' id='word_1_797' title='bbox 775 5654 1274 5730; x_wconf 44' lang='lat' dir='ltr'><strong>sequitur&#39;fc&#39;aput</strong></span> <span class='ocrx_word' id='word_1_798' title='bbox 1326 5661 1651 5715; x_wconf 62' lang='lat' dir='ltr'><strong>refcrantur.</strong></span> 
     </span>
    </p>
   </div>
   <div class='ocr_carea' id='block_1_111' title="bbox 158 5797 1475 5869">
    <p class='ocr_par' dir='ltr' id='par_1_111' title="bbox 158 5797 1475 5869">
     <span class='ocr_line' id='line_1_112' title="bbox 158 5797 1475 5869; baseline 0.002 -18"><span class='ocrx_word' id='word_1_799' title='bbox 158 5797 391 5869; x_wconf 66' lang='lat' dir='ltr'><strong>Scaliger</strong></span> <span class='ocrx_word' id='word_1_800' title='bbox 436 5802 588 5852; x_wconf 80' lang='lat' dir='ltr'><strong>bene.</strong></span> <span class='ocrx_word' id='word_1_801' title='bbox 621 5797 779 5853; x_wconf 84' lang='lat' dir='ltr'><strong>Basil.</strong></span> <span class='ocrx_word' id='word_1_802' title='bbox 815 5809 868 5853; x_wconf 90' lang='lat' dir='ltr'><strong>et</strong></span> <span class='ocrx_word' id='word_1_803' title='bbox 923 5800 1109 5867; x_wconf 90' lang='lat' dir='ltr'><strong>Steph.</strong></span> <span class='ocrx_word' id='word_1_804' title='bbox 1148 5802 1475 5869; x_wconf 80' lang='grc' dir='ltr'>παρατάξεο.</span> 
     </span>
    </p>
   </div>
   <div class='ocr_carea' id='block_1_112' title="bbox 428 5894 1223 5953">
    <p class='ocr_par' dir='ltr' id='par_1_112' title="bbox 428 5894 1223 5953">
     <span class='ocr_line' id='line_1_113' title="bbox 428 5894 1223 5953; baseline 0.001 -3"><span class='ocrx_word' id='word_1_805' title='bbox 428 5894 697 5953; x_wconf 45' lang='grc' dir='ltr'>Ρμιτιιοι..</span> <span class='ocrx_word' id='word_1_806' title='bbox 737 5894 853 5950; x_wconf 74' lang='lat' dir='ltr'><strong>Gn.</strong></span> <span class='ocrx_word' id='word_1_807' title='bbox 911 5894 1223 5953; x_wconf 74' lang='lat' dir='ltr'><strong>LXXXII.</strong></span> 
     </span>
    </p>
   </div>
   <div class='ocr_carea' id='block_1_113' title="bbox 1763 5662 2011 5695">
    <p class='ocr_par' dir='ltr' id='par_1_113' title="bbox 1763 5662 2011 5695">
     <span class='ocr_line' id='line_1_114' title="bbox 1763 5662 2011 5695; baseline 0.016 -4"><span class='ocrx_word' id='word_1_808' title='bbox 1763 5662 1810 5692; x_wconf 70' lang='lat' dir='ltr'><strong>II</strong></span> <span class='ocrx_word' id='word_1_809' title='bbox 1843 5662 1934 5695; x_wconf 53' lang='grc' dir='ltr'><strong>εἷο</strong></span> <span class='ocrx_word' id='word_1_810' title='bbox 1982 5677 2011 5695; x_wconf 77' lang='grc' dir='ltr'><strong>ιι</strong></span> 
     </span>
    </p>
   </div>
   <div class='ocr_carea' id='block_1_114' title="bbox 157 5658 2640 5852">
    <p class='ocr_par' dir='ltr' id='par_1_114' title="bbox 157 5658 2640 5852">
     <span class='ocr_line' id='line_1_115' title="bbox 157 5658 2640 5737; baseline -0.001 -26"><span class='ocrx_word' id='word_1_811' title='bbox 157 5658 293 5725; x_wconf 80' lang='lat' dir='ltr'><strong>qu0d</strong></span> <span class='ocrx_word' id='word_1_812' title='bbox 346 5658 400 5711; x_wconf 80' lang='lat' dir='ltr'><strong>in</strong></span> <span class='ocrx_word' id='word_1_813' title='bbox 438 5659 522 5711; x_wconf 88' lang='lat' dir='ltr'><strong>his</strong></span> <span class='ocrx_word' id='word_1_814' title='bbox 566 5658 721 5711; x_wconf 88' lang='lat' dir='ltr'><strong>editt.</strong></span> <span class='ocrx_word' id='word_1_815' title='bbox 775 5658 1274 5730; x_wconf 21' lang='lat' dir='ltr'><strong>seqttitur,’capul</strong></span> <span class='ocrx_word' id='word_1_816' title='bbox 1326 5661 1651 5715; x_wconf 63' lang='lat' dir='ltr'><strong>refcrantur.</strong></span> <span class='ocrx_word' id='word_1_817' title='bbox 1763 5662 1810 5692; x_wconf 83' lang='grc'>⁸⁸</span> <span class='ocrx_word' id='word_1_818' title='bbox 1843 5660 1935 5714; x_wconf 87' lang='lat' dir='ltr'><strong>Sic</strong></span> <span class='ocrx_word' id='word_1_819' title='bbox 1982 5670 2035 5712; x_wconf 86' lang='lat' dir='ltr'><strong>et</strong></span> <span class='ocrx_word' id='word_1_820' title='bbox 2078 5658 2266 5728; x_wconf 76' lang='lat' dir='ltr'><strong>Sleph.</strong></span> <span class='ocrx_word' id='word_1_821' title='bbox 2315 5660 2368 5710; x_wconf 81' lang='lat'><strong>‘2.</strong></span> <span class='ocrx_word' id='word_1_822' title='bbox 2429 5658 2533 5737; x_wconf 68' lang='lat' dir='ltr'><strong>Sui</strong></span> <span class='ocrx_word' id='word_1_823' title='bbox 2578 5658 2640 5737; x_wconf 38' lang='lat' dir='ltr'><strong>.Sl</strong></span> 
     </span>
     <span class='ocr_line' id='line_1_116' title="bbox 157 5727 2640 5852; baseline -0.001 -73"><span class='ocrx_word' id='word_1_824' title='bbox 157 5734 224 5791; x_wconf 83' lang='grc' dir='ltr'><strong>εἰς</strong></span> <span class='ocrx_word' id='word_1_825' title='bbox 258 5730 607 5852; x_wconf 75' lang='grc' dir='ltr'>βλασφημίας</span> <span class='ocrx_word' id='word_1_826' title='bbox 650 5729 982 5809; x_wconf 68' lang='grc' dir='ltr'>παρέθηξας,</span> <span class='ocrx_word' id='word_1_827' title='bbox 1029 5746 1192 5797; x_wconf 85' lang='lat' dir='ltr'><strong>quam</strong></span> <span class='ocrx_word' id='word_1_828' title='bbox 1240 5732 1527 5817; x_wconf 72' lang='lat' dir='ltr'><strong>lectionem</strong></span> <span class='ocrx_word' id='word_1_829' title='bbox 1584 5734 1875 5787; x_wconf 83' lang='lat' dir='ltr'><strong>continuat</strong></span> <span class='ocrx_word' id='word_1_830' title='bbox 1931 5731 2158 5799; x_wconf 85' lang='lat' dir='ltr'><strong>Niceph.</strong></span> <span class='ocrx_word' id='word_1_831' title='bbox 2199 5730 2262 5783; x_wconf 88' lang='lat' dir='ltr'><strong>ll.</strong></span> <span class='ocrx_word' id='word_1_832' title='bbox 2312 5727 2384 5779; x_wconf 68' lang='grc' dir='ltr'><strong>Ινὶ.</strong></span> <span class='ocrx_word' id='word_1_833' title='bbox 2421 5727 2509 5785; x_wconf 72' lang='grc' dir='ltr'>λΙ,</span> <span class='ocrx_word' id='word_1_834' title='bbox 2556 5728 2640 5779; x_wconf 69' lang='lat'><strong>50.</strong></span> 
     </span>
     <span class='ocr_line' id='line_1_117' title="bbox 158 5797 1475 5852; baseline 0.001 -1"><span class='ocrx_word' id='word_1_835' title='bbox 158 5797 249 5852; x_wconf 71' lang='lat' dir='ltr'><strong>St&#39;ﬂ</strong></span> <span class='ocrx_word' id='word_1_836' title='bbox 278 5816 391 5852; x_wconf 74' lang='lat' dir='ltr'><strong>mer</strong></span> <span class='ocrx_word' id='word_1_837' title='bbox 436 5802 588 5852; x_wconf 80' lang='lat' dir='ltr'><strong>bene.</strong></span> <span class='ocrx_word' id='word_1_838' title='bbox 621 5798 779 5852; x_wconf 76' lang='lat' dir='ltr'><strong>Basnl.</strong></span> <span class='ocrx_word' id='word_1_839' title='bbox 815 5809 868 5852; x_wconf 90' lang='lat' dir='ltr'><strong>et</strong></span> <span class='ocrx_word' id='word_1_840' title='bbox 923 5801 1109 5852; x_wconf 78' lang='lat' dir='ltr'><strong>Steph.</strong></span> <span class='ocrx_word' id='word_1_841' title='bbox 1148 5816 1475 5852; x_wconf 73' lang='grc' dir='ltr'>παραταςεο.</span> 
     </span>
    </p>
   </div>
   <div class='ocr_carea' id='block_1_115' title="bbox 2429 5655 3363 5725">
    <p class='ocr_par' dir='ltr' id='par_1_115' title="bbox 2429 5655 3363 5725">
     <span class='ocr_line' id='line_1_118' title="bbox 2429 5655 3363 5725; baseline 0.003 -17"><span class='ocrx_word' id='word_1_842' title='bbox 2429 5658 2533 5708; x_wconf 64' lang='lat' dir='ltr'><strong>Sed</strong></span> <span class='ocrx_word' id='word_1_843' title='bbox 2594 5656 2780 5725; x_wconf 81' lang='lat' dir='ltr'><strong>Steph.</strong></span> <span class='ocrx_word' id='word_1_844' title='bbox 2818 5657 2838 5708; x_wconf 78' lang='lat' dir='ltr'><strong>l</strong></span> <span class='ocrx_word' id='word_1_845' title='bbox 2879 5673 2999 5709; x_wconf 85' lang='lat' dir='ltr'><strong>cum</strong></span> <span class='ocrx_word' id='word_1_846' title='bbox 3064 5655 3227 5709; x_wconf 88' lang='lat' dir='ltr'><strong>Basil.</strong></span> <span class='ocrx_word' id='word_1_847' title='bbox 3269 5656 3363 5711; x_wconf 85' lang='lat' dir='ltr'><strong>Gr.</strong></span> 
     </span>
    </p>
   </div>
   <div class='ocr_carea' id='block_1_116' title="bbox 2782 5726 3390 5795">
    <p class='ocr_par' dir='ltr' id='par_1_116' title="bbox 2782 5726 3390 5795">
     <span class='ocr_line' id='line_1_119' title="bbox 2782 5726 3390 5795; baseline -0.002 -17"><span class='ocrx_word' id='word_1_848' title='bbox 2782 5726 2828 5755; x_wconf 78' lang='lat'><strong>&quot;‘</strong></span> <span class='ocrx_word' id='word_1_849' title='bbox 2856 5727 2928 5778; x_wconf 84' lang='lat' dir='ltr'><strong>Ita</strong></span> <span class='ocrx_word' id='word_1_850' title='bbox 2966 5726 3281 5795; x_wconf 72' lang='lat' dir='ltr'><strong>(Ihrisloph.</strong></span> <span class='ocrx_word' id='word_1_851' title='bbox 3335 5733 3390 5779; x_wconf 79' lang='lat' dir='ltr'><strong>et</strong></span> 
     </span>
    </p>
   </div>
   <div class='ocr_carea' id='block_1_117' title="bbox 2960 5887 3033 5946">
    <p class='ocr_par' dir='ltr' id='par_1_117' title="bbox 2960 5887 3033 5946">
     <span class='ocr_line' id='line_1_120' title="bbox 2960 5887 3033 5946; baseline -0.014 0"><span class='ocrx_word' id='word_1_852' title='bbox 2960 5887 3033 5946; x_wconf 86' lang='lat'><strong>38</strong></span> 
     </span>
    </p>
   </div>
  </div>
