4218 6456
804 404 938 470 1195

1775 400 2263 465 TIIEODORETI
2300 399 2639 460 EPISCOPI
2678 400 3041 464 CVBENSIS

3916 398 4061 465 1196

800 522 1106 576 exercitum
1139 519 1362 588 insuper
1403 516 1645 571 amittes.
1682 534 1699 567 ι
1737 516 1815 568 Ad
1852 517 1965 571 haec
1994 516 2167 570 iratus
2193 516 2367 584 impc-

2471 514 2757 578 απολέσεις
2782 514 2880 585 τὴν
2918 514 3194 585 στρατιάν.
3239 530 3254 563 ι
3284 512 3590 582 Ὀργισθεὶς
3618 514 3675 567 δὲ
3706 515 3734 566 ό
3774 513 4055 584 βασιλεύς·

803 618 953 665 rator
977 630 990 665 :
1018 629 1035 662 ι
1060 611 1125 663 Et
1149 620 1416 673 revertar,
1446 609 1653 677 inquit,
1680 614 1735 662 et
1764 607 2012 662 occidam
2042 613 2118 669 te,
2148 620 2370 676 parnas-

801 716 911 770 que
947 701 1158 770 exigam
1195 698 1348 756 falsa:
1381 698 1782 769 praedictionis.
1817 718 1835 749 ι
1868 696 2008 751 Tum
2046 698 2137 753 ille
2193 698 2372 751 minas

802 792 936 845 nihil
960 792 1204 847 veritus:
1230 810 1247 843 ι
1275 792 1480 855 Eueca,
1502 791 1749 845 clamans
1772 790 1868 856 ait,
1901 791 1945 843 si
1973 788 2373 859 deprehensum

801 882 968 936 fuerit
1016 881 1071 935 iu
1109 880 1295 936 verbis
1342 880 1481 934 meis
1538 878 1955 934 mendacium.»

872 970 956 1041 [Β.
982 970 1065 1024 St.
1092 968 1158 1024 V.
1184 968 1297 1040 35.]
1326 968 1431 1022 Sed
1462 976 1515 1023 et
1548 967 1831 1031 Bretanin,
1874 968 1958 1022 vir
1995 965 2240 1021 omnium
2262 966 2373 1019 vir-

799 1067 979 1114 tutum
1009 1058 1319 1130 insignibus
1351 1058 1606 1123 illustris,
1635 1059 1912 1127 totiusque
1945 1055 2179 1127 Scythia:
2209 1055 2373 1110 urbes

794 1150 1077 1219 pontiﬁcis
1112 1163 1305 1219 regens
1331 1156 1621 1218 potestate,
1656 1150 1896 1203 animum
1916 1147 2105 1201 divino
2137 1146 2255 1201 zelo
2278 1160 2372 1201 ac-

799 1240 1005 1301 cendit,
1053 1245 1108 1294 et
1157 1238 1473 1309 dogmatum
1510 1238 1943 1308 corruptionem,
1984 1238 2313 1308 iniquasque
2353 1239 2372 1258 '

800 1338 1111 1383 sanctorum
1130 1330 1451 1385 vexationes
1470 1330 1524 1384 in
1544 1328 1770 1384 Valente
1788 1330 2085 1400 redarguit,
2102 1345 2224 1383 cum
2244 1329 2376 1383 divi-

802 1420 1031 1475 uissimo
1054 1418 1258 1475 Davide
1279 1421 1544 1475 clamans.
1581 1440 1599 1472 ι
1633 1421 1923 1490 Loquebar
1940 1420 2008 1474 dc
2035 1420 2374 1474 testimoniis

799 1510 910 1563 tuis
939 1510 993 1565 in
1022 1519 1321 1581 conspectu
1348 1525 1564 1581 regum,
1605 1522 1658 1565 et
1683 1524 1793 1563 non
1825 1508 2206 1564 coniundebar
2233 1508 2281 1562 δ.
2310 1524 2332 1559 ι

977 1712 1189 1782 1013
1226 1711 1380 1766 me.
1426 1710 1643 1767 χχχιι.
1705 1710 1794 1783 [ν.
1828 1710 1918 1766 56.
1954 1710 2056 1765 Ch.
2085 1708 2203 1782 ει]

800 1805 876 1860 De
914 1802 1149 1859 Valentis
1190 1803 1520 1872 expeditione
1562 1806 1614 1856 in
1648 1802 1871 1872 Gothos,
1912 1810 1964 1856 et
2012 1800 2271 1871 quomodo
2320 1802 2373 1855 in

1333 1890 1393 1927 ea
1424 1888 1604 1940 pinnas
1645 1871 1828 1925 luerit.

867 1965 937 2018 At
963 1962 1189 2030 Valens,
1239 1965 1437 2034 spretis
1468 1962 1694 2033 optimis
1742 1962 1851 2018 illis
1877 1962 2211 2021 consiliariis
2235 2002 2251 2030 ,
2285 1964 2374 2018 in-

797 2064 1043 2113 structas
1082 2057 1271 2125 copias
1316 2055 1384 2109 ad
1432 2054 1835 2110 conserendum
1885 2054 2135 2125 praelium
2190 2055 2371 2121 misit;

797 2150 916 2219 ipse
967 2148 1021 2201 in
1068 2146 1307 2215 quodam
1345 2147 1467 2201 vico
1501 2160 1792 2201 remanens
1827 2145 2121 2199 victoriam
2175 2160 2373 2213 exspe-

796 2239 1002 2291 ctabat.
1054 2236 1161 2292 Sed
1207 2236 1446 2301 milites,
1504 2228 1875 2291 Barbarorum
1935 2235 2202 2306 impetum
2261 2251 2372 2291 non

798 2330 1159 2394 sustinentes,
1213 2334 1367 2397 terga
1425 2325 1665 2392 dedere,
1717 2333 1773 2382 et
1826 2325 1895 2380 ab
1950 2325 2373 2394 insequentibus

795 2423 920 2476 (sesi
950 2428 1115 2486 sunt;
1164 2418 1553 2489 iugiebantqne
1584 2418 1664 2473 illi
1692 2419 1978 2475 celeritate
2006 2432 2248 2482 summa,
2278 2416 2373 2473 isti

798 2524 896 2578 pro
922 2510 1131 2566 viribus
1168 2509 1664 2579 persequebantur.

866 2600 950 2672 [Β.
977 2600 1060 2655 St.
1087 2598 1205 2672 56.]
1246 2599 1313 2653 Et
1344 2614 1470 2654 cum
1504 2600 1889 2671 pervenissent
1923 2597 2151 2655 Barbari
2194 2595 2263 2652 ad
2292 2596 2374 2653 vi-

796 2706 920 2748 cum
963 2692 1151 2759 illum,
1187 2693 1243 2746 in
1269 2707 1380 2763 quo
1418 2692 1614 2749 Valens
1655 2694 1842 2749 audita
1872 2693 2030 2751 clade
2072 2695 2248 2751 latere
2277 2708 2376 2749 co-

795 2791 961 2840 natus
981 2794 1089 2849 est,
1126 2785 1251 2854 igne
1303 2784 1525 2840 admoto
1557 2786 1778 2855 pictatis
1823 2787 2035 2842 hostem
2090 2801 2198 2841 una
2246 2801 2374 2841 cum

798 2876 917 2930 vico
941 2877 1326 2931 incenderunt.
1366 2878 1443 2931 Ita
1477 2878 1568 2933 ille
1603 2878 1767 2934 etiam
1807 2879 1861 2934 in
1900 2880 2003 2935 bac
2036 2880 2147 2935 vita
2198 2880 2375 2937 scele-

796 2982 916 3021 rum
955 2981 1180 3023 suorum
1229 2982 1423 3038 paenas
1458 2968 1628 3025 dedit.

1109 3159 1262 3216 CAP.
1291 3158 1530 3215 XXXIII.
1567 3160 1656 3235 [V.
1688 3162 1777 3218 57.
1809 3161 1911 3220 Ch.
1940 3163 2057 3237 52.]

869 3251 1145 3307 Undenam
1180 3250 1336 3307 Gothi
1365 3255 1624 3308 Arianam
1656 3254 1894 3311 hwresim
1923 3258 2306 3313 contraxerint.

862 3387 1055 3476 Operae
1086 3408 1321 3477 pretium
1356 3396 1540 3461 autem
1577 3406 1854 3463 facturum
1908 3425 1996 3466 me
2034 3411 2297 3477 arbitror,
2324 3412 2368 3468 si

794 3498 1118 3566 ignorantes
1149 3500 1397 3563 doceam,
1442 3515 1553 3569 quo
1584 3509 1748 3570 pacto
1780 3503 1996 3559 Ariaua:
2028 3508 2199 3575 pestis
2232 3522 2370 3562 con-

794 3589 939 3658 tagio
973 3590 1038 3642 ad
1065 3589 1335 3645 Barbaros
1366 3592 1698 3658 pervenerit.

866 3679 952 3751 [Β.
1003 3679 1087 3733 St.
1142 3679 1256 3751 57.]
1300 3679 1421 3745 Quo
1482 3688 1765 3750 tempore,
1816 3680 1956 3737 Istro
2015 3689 2365 3753 transmisso,

790 3774 945 3845 pacis
994 3770 1198 3825 foedera
1242 3786 1366 3825 cum
1429 3768 1651 3826 Valente
1706 3785 2030 3841 sanxerunt,
2086 3776 2368 3837 Eudoxius

790 3866 884 3920 ille
916 3863 1161 3929 infamis,
1199 3863 1294 3933 qui
1331 3877 1575 3932 praesens
1608 3864 1817 3931 aderat,
1870 3865 2189 3937 imperatori
2238 3886 2367 3942 sug-

790 3960 984 4030 gessit,
1037 3966 1096 4013 ut
1137 3959 1583 4013 communionem
1640 3974 1797 4014 suam
1849 3962 1931 4016 eis
1984 3964 2363 4032 persuaderet.

789 4053 929 4106 Olim
963 4052 1133 4117 enim,
1170 4066 1237 4106 ex
1268 4066 1375 4120 quo
1406 4051 1609 4107 divinae
1648 4054 1982 4124 cognitionis
2026 4057 2212 4114 radios
2243 4074 2369 4114 sus-

791 4155 1069 4215 ceperant,
1124 4144 1450 4213 apostolicis
1491 4144 1843 4216 dogmatibus
1884 4149 2199 4204 alebantur.
2244 4150 2364 4206 Fir-

788 4240 1016 4291 miorem
1065 4236 1270 4307 quippe
1318 4252 1385 4291 ex
1434 4239 1821 4295 communione
1857 4244 2143 4297 sententia:
2172 4258 2363 4314 pacem

789 4329 971 4383 aiebat
1000 4328 1262 4382 futuram.
1292 4326 1539 4383 Laudato
1579 4329 1683 4385 hoc
1712 4333 1966 4397 consilio,
2002 4332 2202 4390 Valens
2232 4351 2363 4391 con-

787 4421 1099 4475 sensionem
1149 4419 1464 4489 dogmatum
1528 4420 1829 4478 Gothorum
1886 4426 2100 4498 101‘.
2130 4428 2363 4485 ducibus

2478 624 2497 657 ι
2538 606 2648 658 Καὶ
2693 605 2969 675 ἐπανήξω,
3027 604 3153 674 ἔφη,
3213 603 3308 657 καὶ
3346 606 3661 658 κατακτενῶ
3695 623 3774 667 σε,
3806 608 3902 658 καὶ
3953 607 4057 675 τῆς

2471 696 2700 765 ψευδοῦς
2725 694 2880 767 [195]
2922 694 3375 766 προαγορεύσεως
3416 695 3781 766 εἰσπράξομαι
3810 696 3988 757 δίκας.
4035 715 4053 747 ι

2482 788 2551 859 ’0,
2576 786 2633 839 δὲ
2681 788 2881 856 ἣκιστα
2902 785 3080 849 δείσας
3108 787 3207 857 τὴν
3241 785 3490 857 ἀπειλὴν,
3521 786 3626 857 ἔφη
3662 786 3822 858 βοῶν·
3856 788 4057 840 «K15?-

2476 898 2581 947 νον,
2607 882 2654 934 εἰ
2682 878 2962 950 φωραθείη
2988 879 3096 934 τῶν
3133 879 3304 947 λόγων
3330 878 3391 931 τὸ
3426 878 3640 948 ψεῦδος.
3674 897 3693 930 ι

2542 972 2654 1026 Καὶ
2680 971 2986 1042 Βρετανίων
3022 972 3091 1036 ⁵⁷,
3131 972 3448 1041 παντοδαπῇ
3481 970 3578 1041 μὲν
3600 970 4059 1041 λαμπρυνόμενος

2470 1060 2666 1131 ἀρετῇ,
2700 1060 2879 1130 πάσης
2912 1059 2968 1113 δὲ
2995 1059 3096 1128 τῆς
3132 1059 3366 1121 Σκυθίας
3389 1059 3487 1122 τὰς
3516 1058 3700 1121 πόλεις
3738 1058 4061 1129 ἀρχιερατι-

2472 1151 2585 1216 κῶς
2623 1151 2822 1205 ἰθύνειν
2870 1149 3322 1218 πεπιστευμένος,
3363 1149 3669 1219 ἐπύρσευσέ
3700 1165 3758 1201 τε
3796 1148 3874 1217 τῷ
3910 1149 4061 1217 ζήλῳ

2471 1242 2532 1296 τὺ
2561 1243 2838 1314 φρόνημα,
2877 1243 2971 1295 καὶ
3003 1243 3102 1313 τὴν
3128 1241 3237 1295 τῶν
3270 1241 3558 1310 δογμάτων
3611 1240 3933 1310 διαφθορὰν,
3967 1242 4059 1293 καὶ

2472 1334 2571 1397 τάς
2596 1333 2736 1386 κατὰ
2774 1333 2885 1385 τῶν
2916 1333 3085 1401 άγίων
3112 1332 3453 1403 παρανομίας
3485 1332 3576 1385 τοῦ
3595 1333 3858 1395 Βάλεντος
3893 1332 4060 1400 ἧλεγ-

2474 1424 2553 1491 ξε,
2583 1424 2679 1477 καὶ
2716 1423 2853 1495 μετὰ
2888 1423 2982 1476 τοῦ
3018 1423 3295 1477 θειοτάτου
3331 1424 3494 1476 Δαεὶδ
3538 1423 3685 1475 ἐὸόα·
3724 1442 3743 1475 ι
3798 1422 4061 1477 Ἐλάλουν

2474 1516 2533 1567 ἐν
2572 1517 2684 1577 τοῖς
2730 1514 3051 1585 μαρτυρίοις
3079 1532 3172 1567 σου
3224 1514 3465 1569 ἐναντίον
3500 1513 3781 1584 βασιλέων,
3812 1515 3909 1568 καὶ
3959 1516 4060 1567 ούκ

2476 1607 2817 1678 ᾐσχυνόμην.
2860 1627 2877 1657 ι

3050 1716 3307 1771 ΚΕΦΑΔ.
3342 1718 3473 1771 AB‘.

2476 1804 2617 1873 Περί
2650 1803 2760 1873 τῆς
2790 1804 2941 1859 κατὰ
2987 1806 3228 1859 Γότθων
3250 1807 3551 1873 Βὰλεντος
3588 1806 3929 1873 στρατείας,
3963 1807 4061 1861 καί

2746 1875 2909 1940 ὅπως
2935 1875 3100 1928 ἔτισε
3133 1876 3243 1943 τῆς
3271 1878 3550 1943 ἀσεϐείας
3578 1877 3770 1943 δίκας.

2559 1964 2617 2019 Ὀ
2667 1964 2724 2017 δὲ
2771 1965 2879 2019 τῶν
2934 1964 3254 2036 συμϐούλων
3312 1966 3536 2019 ἐκείνων
3585 1967 3693 2020 τῶν
3748 1968 3991 2037 ἀρίστων
4014 1968 4060 2000 ⁵⁸

2475 2058 2917 2127 καταφρονήσας,
2949 2057 3047 2127 τὴν
3080 2057 3180 2128 μὲν
3208 2059 3465 2129 στρατιάν
3490 2057 3571 2120 είς
3600 2058 3697 2129 τὴν
3751 2060 4060 2129 παράταξιν

2474 2145 2845 2217 προῦπεμψεν
2866 2164 2878 2176 ⁸
2906 2146 3067 2211 αὐτὸς
3111 2148 3168 2200 δὲ
3212 2147 3269 2200 ἐν
3300 2165 3406 2201 τινι
3433 2147 3596 2219 κώμῃ
3622 2148 3934 2219 καθήμενος
3960 2150 4060 2219 τὴν

2474 2240 2630 2311 νίκην
2658 2240 3017 2312 προσέμενεν.
3054 2241 3116 2293 Οἰ
3148 2239 3205 2292 δὲ
3249 2238 3582 2311 στρατιῶται
3626 2240 3732 2291 τῶν
3763 2239 4059 2310 βαρϐάρων

2473 2334 2574 2387 οὐκ
2601 2333 2918 2402 ἐνεγκόντες
2947 2332 3045 2402 τὴν
3076 2332 3281 2402 ῥύμην,
3306 2332 3625 2401 ἐτράποντο,
3653 2332 3747 2383 καὶ
3772 2332 4058 2385 κατεκτεί-

2473 2442 2627 2479 νοντο
2666 2424 2990 2494 διωκόμενοι
3009 2440 3022 2454 ·
3054 2425 3103 2477 oi
3151 2422 3253 2495 μὲν
3277 2424 3323 2456 ⁸⁹
3373 2422 3665 2493 φεύγοντες
3697 2422 3837 2477 κατὰ
3865 2424 4056 2493 τάχος,

2472 2520 2522 2571 οἰ
2548 2516 2605 2570 δὲ
2632 2516 2978 2587 κατακράτας
3009 2516 3323 2579 διώκοντες.

2545 2608 2964 2671 Καταλαϐόντες
3000 2607 3057 2661 δὲ
3081 2607 3179 2678 τὴν
3207 2605 3400 2677 κώμην
3432 2604 3647 2675 ἐκείνην
3676 2606 3725 2657 oi
3764 2605 4057 2677 βάρϐαροι,

2474 2700 2601 2755 ἔνθα
2630 2703 2659 2753 ό
2704 2700 2884 2769 Βάλης
2916 2699 3017 2768 τὴν
3062 2694 3232 2771 ἧτταν
3278 2695 3611 2767 μεμαθηκὼς
3660 2696 3928 2767 ἐπειράθη
3965 2696 4058 2750 λα·

2476 2793 2612 2856 θεῖν,
2652 2792 2764 2863 πῦρ
2794 2790 3122 2862 ἐμϐαλόντες
3163 2788 3471 2859 ἐνέπρησαν
3517 2788 3615 2840 σὺν
3647 2791 3712 2858 τῇ
3755 2786 3921 2859 κώμῃ
3963 2789 4059 2841 καὶ

2474 2881 2569 2935 τὸν
2601 2884 2701 2952 τῆς
2731 2881 3012 2943 εὐσεϐείας
3043 2879 3355 2933 ἀντίπαλον.
3392 2876 3548 2929 Οὕτω
3582 2879 3681 2947 μὲν
3710 2874 3804 2930 οὖν
3827 2879 3873 2910 ⁸⁸
3905 2881 4057 2932 ἐκεῖ·

2475 2990 2563 3037 νος
2595 2975 2698 3027 κάν
2734 2972 2811 3044 τῷ
2840 2972 3071 3043 παρόντι
3104 2970 3204 3042 βίῳ
3239 2970 3431 3039 ποινὴν
3466 2969 3641 3024 ἔτισεν
3668 2962 3743 3025 ὧν
3761 2971 3803 3001 ⁶¹
3843 2972 4061 3041 ἐπλημ-

2480 3063 2733 3135 μέλησεν.

3052 3175 3301 3230 ΚΕΦΑΛ.
3346 3175 3468 3230 AI".

2476 3273 2670 3326 Πόθεν
2725 3272 2779 3324 οἰ
2840 3270 3050 3323 Γότοοι
3110 3266 3253 3390 τῖ’ἱὲν
3287 3266 3645 3336 Ἆρειανικῆς
3716 3266 4061 3337 μετέλαχωο

3132 3352 3175 3389 π
3220 3354 3392 3390 amo.

3132 3352 3392 3403 πλάνης.

2558 3430 2698 3499 Ἐγὼ
2726 3431 2783 3484 δὲ
2811 3424 3085 3499 προῦργον
3109 3428 3153 3459 ⁸⁸
3172 3427 3382 3498 νομίζω
3411 3427 3619 3493 διδάξαι
3651 3430 3776 3492 τοὺς
3796 3429 4061 3497 ἀγνοοῦν-

2472 3538 2593 3584 τας,
2629 3521 2777 3583 ὅπως
2810 3521 2856 3572 οἰ
2905 3518 3167 3589 βάρϐαροι
3195 3518 3295 3587 τὴν
3341 3518 3688 3591 Ἀρειανικὴν
3718 3520 4060 3587 εἰσεδέξαντο

2472 3613 2644 3668 νόσον.

2540 3707 2671 3759 Ὅτε
2708 3705 2799 3759 τὸν
2823 3706 3036 3776 Ἴστρον
3060 3702 3344 3768 διαϐάντες
3371 3704 3507 3775 πρὸς
3551 3704 3643 3758 τὸν
3672 3704 3917 3759 Βάλεντα
3957 3708 4057 3777 τὴν

2468 3798 2692 3869 εἰρήνην
2732 3797 3096 3864 ἐσπείσαντο,
3142 3796 3445 3868 τηνικαῦτα
3485 3796 3680 3868 παρὼν
3730 3798 3987 3863 Εὐδόξιος
4029 3801 4056 3851 ό

2468 3889 2806 3959 δυσώνυμος,
2845 3888 3077 3942 ὑπέθετο
3120 3888 3198 3959 τῷ
3226 3888 3436 3958 βασιλεί
3467 3890 3650 3942 πεῖσαι
3680 3889 3830 3959 αὐτῷ
3861 3907 4053 3943 κοινω-

2467 3980 2629 4050 νῆσαι
2660 3982 2788 4042 τοὺς
2826 3980 3076 4044 Γότθους.
3104 3979 3279 4035 Πάλαι
3318 3980 3429 4053 γὰρ
3480 3980 3579 4042 τὰς
3602 3981 3699 4051 τῆς
3719 3980 4053 4049 θεογνωσέας

2467 4073 2694 4135 ἀκτῖνας
2746 4072 3029 4143 δεξάμενοι
3084 4074 3198 4136 τοῖς
3268 4073 3646 4136 άποστολικοῖς
3694 4074 4051 4143 ἐνετρέφοντο

2465 4163 2718 4234 δόγμασι.
2769 4183 2787 4215 ι
2821 4164 3181 4236 Βεϐαιοτέραν
3224 4165 3333 4236 γὰρ
3361 4206 3376 4231 ,
3432 4166 3535 4237 ἔφη
3565 4206 3581 4231 ,
3624 4166 3684 4219 τὸ
3729 4166 3913 4221 κοινὸν
3958 4166 4048 4219 τοῦ

2468 4256 2817 4325 φρονήματος
2860 4254 2957 4326 τὴν
2984 4256 3208 4327 εἰρήνην
3238 4258 3552 4328 ἐργάσεται.
3594 4276 3613 4309 ι
3648 4256 3868 4327 Ταύτην
3895 4260 4044 4310 ἐπαι-

2465 4354 2768 4424 νέσας’τὴν
2808 4356 3035 4425 γνώμην
3090 4353 3240 4426 [196]
3289 4356 3317 4408 ό
3359 4355 3539 4426 Βάλης
3592 4353 3878 4425 προῦτεινε
3939 4358 4048 4418 τοῖς

2466 4447 2692 4501 ἐκείνων
2719 4448 2956 4518 ἡγεμόσι
2989 4448 3099 4501 τῶν
3128 4448 3412 4517 δογμάτων
3446 4447 3544 4516 τὴν
3580 4446 3925 4517 συμφωνίαν.
3982 4448 4043 4498 Οί

788 4512 1090 4581 pr0posuit.
1150 4511 1217 4566 At
1254 4512 1332 4566 illi
1390 4512 1589 4568 adduci
1621 4530 1683 4569 se
1725 4531 1889 4586 posse
1945 4520 2246 4590 negabant,
2301 4528 2361 4575 ut

2470 4539 2520 4593 δὲ
2550 4540 2651 4592 οὐκ
2681 4511 2968 4603 ἀνέξεσθαι
2994 4511 3308 4609 ἔλεγον
3334 4511 3597 4609 πατρώαν
3627 4511 3987 4605 καταλείψειν
4005 4540 4047 4570 ⁸³

784 4602 1426 4681 ριιιρτησιιισόοοιτὶηειιη
1472 4605 1814 4661 desererent.
1864 4607 2084 4664 Illorum
2118 4627 2183 4666 eo
2221 4620 2362 4669 tem-

783 4711 916 4766 pore
986 4694 1233 4765 Ulphilas
1298 4698 1597 4769 episcopus
1676 4710 1831 4764 erat,
1893 4704 1981 4757 cui
2061 4705 2367 4775 plurimum’

782 4788 1120 4855 tribuebant,
1154 4788 1387 4859 ejusque
1425 4791 1593 4845 verba
1640 4807 1740 4862 pro
1776 4794 1899 4848 ﬁxis
1936 4796 2145 4867 legibus
2203 4798 2362 4855 habe-

780 4882 933 4935 bant.
970 4882 1127 4937 Ilunc
1169 4883 1350 4939 verbis
1395 4883 1717 4951 delinitum,
1772 4889 2115 4960 pecuniaque
2167 4892 2357 4947 eblan-

782 4973 954 5027 ditum
985 4974 1267 5031 Eudoxius
1304 4977 1556 5043 adduxit,
1589 4990 1650 5033 ut
1704 4980 1965 5039 Barbaris
2019 4985 2357 5055 amplecten-

786 5063 952 5118 :lam'
1011 5068 1359 5134 imperatoris
1436 5070 1886 5127 communionem
1970 5077 2350 5145 persuaderet.

2460 4628 2829 4686 διδασκαλίαν.
2882 4629 3019 4682 Κατ’
3060 4631 3267 4682 ἐκεῖνον
3303 4628 3358 4679 δὲ
3398 4627 3490 4679 τὸν
3534 4630 3725 4697 χρόνον
3768 4627 4048 4695 Οὐλφίλας

2462 4720 2641 4774 αὐτῶν
2672 4720 2969 4783 ἐπίσκοπος
2999 4715 3088 4792 ἦν,
3141 4714 3186 4788 ᾧ
3238 4720 3383 4790 μάλα
3427 4719 3724 4781 ἐπείθοντο,
3771 4720 3870 4772 καὶ
3921 4720 4046 4781 τοὺς

2460 4812 2671 4864 ἐκείνου
2703 4812 2897 4878 λόγους
2922 4813 3209 4883 ἀκινήτους
3240 4810 3621 4876 ὑπελάμόανον
3648 4810 3868 4878 νόμους.
3906 4810 4047 4863 Τοῦ-

2461 4920 2551 4956 τον
2597 4904 2692 4956 καὶ
2719 4903 2899 4973 λόγοις
2931 4904 3317 4974 κατακηλήσας
3357 4902 3623 4967 Εὐδόξιος,
3674 4903 3766 4953 καὶ
3794 4903 4049 4972 χρήμασι

2473 4995 2736 5059 δελεάσας
2766 4999 2951 5049 πεῖσαι
3000 4995 3384 5067 παρεσκεύασε
3436 4995 3562 5056 τοὺς
3611 4994 3925 5063 βαρϐάρους
3950 4993 4051 5065 τὴν

2463 5085 2726 5156 βασιλέως
2769 5088 3054 5143 κοινωνίαν
3104 5084 3475 5141 ἀσπάσασθαι.
3528 5084 3751 5137 Ἐπεισε
3799 5085 3890 5147 δὲ,
3940 5086 4052 5154 φή-

784 5155 1060 5215 l’ersuasit
1084 5168 1295 5226 autem,
1330 5177 1455 5217 cum
1498 5161 1708 5218 diceret
1740 5178 1802 5218 ex
1839 5166 2142 5224 ambitione
2169 5180 2345 5226 ortam

2470 5192 2551 5239 τας
2599 5177 2664 5230 ἐκ
2705 5176 3011 5248 φιλοτιμίας
3054 5176 3382 5247 γεγενῆσθαι
3426 5173 3522 5244 τὴν
3565 5174 3710 5239 ἔριν,
3752 5175 4051 5244 δογμάτων

852 5335 881 5376 ι’
919 5336 1067 5394 l’sal.
1103 5356 1293 5410 cxvm,
1325 5342 1413 5398 46.

2053 5511 2285 5567 VARI/IS
2334 5512 2738 5570 LECTIONES.

848 5591 891 5623 "
916 5592 1217 5669 Βετρανίων
1256 5597 1594 5669 Qhristnpln,
1631 5599 1859 5669 Scaiig.,
1916 5601 2227 5658 Casaubon.

2339 5605 2486 5681 “illa
2542 5607 2863 5681 Christoph.
2916 5619 2971 5681 et
3030 5611 3277 5681 Scaliger
3332 5629 3456 5667 cum
3510 5613 3715 5681 Valesii
3773 5612 4045 5670 editione.

777 5663 1442 5750 ςβριρταὸιιίώιξιιί.ΔΒΑείΙ.
1478 5670 1593 5750 (δῖ-ι’..
1632 5680 1687 5750 et
1714 5663 1915 5750 Steph;
1962 5674 2006 5704 ⁵³
2041 5675 2133 5727 καὶ
2159 5679 2216 5750 οἱ.
2246 5674 2347 5750 μὲν
2375 5663 2889 5750 ἔφυγον-ἐδίωκον.
2931 5663 3307 5736 Βειείιίίίήιῗίει
3339 5663 3759 5750 “5“ι”ρ-ι)ἰι.“ίδ⁷⁷ούν

1132 5748 1177 5825 ιιι
1203 5737 1414 5825 ,ξιιιιιιμ
1445 5810 1456 5825 Ι
1492 5741 1531 5825 θξ
1573 5740 1711 5825 ὑπὲρ
1742 5732 1851 5825 ὧν..
1874 5740 2096 5825 partem:
2154 5732 2277 5801 cdd.
2318 5732 2529 5803 omnes.
2618 5749 2660 5779 "
2691 5732 3190 5821 apetip—Youil—iasi'l.
3356 5732 4046 5825 vii-Eiiristopborsotius,

772 5800 941 5858 Basil.
969 5804 1064 5860 Gr.
1098 5814 1149 5861 et
1203 5800 1392 5879 Steph.
1444 5810 1647 5866 habent
1682 5800 2047 5882 ’κατειὶ-ήψειν.
