4218 6456
829 386 960 451 1199

1800 374 2279 439 TIIEODORETI
2318 371 2656 432 EPISCOI‘I
2689 371 3051 431 CYRENSIS

3909 372 4052 435 1200

896 497 1108 569 1016
1137 498 1261 568 iCh.
1292 494 1369 566 5.]
1414 493 1570 559 Quod
1618 493 1838 562 quidem
1879 508 2003 546 cum
2056 488 2197 559 apud
2248 486 2383 539 alias
2417 490 2459 543 Λ
2557 485 2562 534 l

2417 490 2459 543 Λ
2557 484 2666 536 Καὶ
2713 485 2769 535 ἐν
2823 484 3035 551 ἑκάστῳ
3080 481 3180 549 μὲν
3225 480 3365 534 ἔθνει
3409 481 3565 535 τοῦτὸ
3607 499 3669 551 γε
3717 484 4052 554 ἀδηρίτως⁷³

824 605 1010 666 gentes
1064 588 1306 657 singulas
1356 586 1475 639 sine
1529 584 1903 639 controversia
1960 582 2163 634 factum
2217 588 2383 642 esset,

823 680 1131 737 Antiochia:
1157 675 1413 745 primaria
1447 675 1579 730 urbe
1610 673 1849 729 Orientis
1890 672 2166 727 contentio
2195 678 2384 726 exorta

821 780 906 828 est
932 766 1223 837 ejusmodi.

1241 856 1393 911 CAP.
1427 853 1512 908 tu.
1542 852 1625 924 [Β.
1663 852 1744 906 ει.
1773 851 1839 905 v.
1883 851 1963 922 5.]

821 948 899 1001 De
931 946 1149 1000 Paulini
1195 945 1521 998 contentione
1543 981 1556 1004 ,
1596 952 1645 994 et
1694 941 2011 1009 Apollinarii
2043 938 2383 991 Laodicensis

994 1016 1269 1070 novatione
1296 1022 1345 1066 et
1375 1012 1438 1065 de
1472 1011 1675 1065 Meletii
1700 1013 1889 1063 virtute
1913 1025 1974 1061 ac
2009 1010 2219 1075 pietate.

890 1165 1037 1221 Duas
1070 1165 1125 1220 in
1157 1173 1376 1235 partes,
1409 1172 1470 1216 ut
1524 1168 1649 1215 ante
1697 1160 1963 1225 diximus,
2013 1157 2173 1213 divisi
2227 1166 2384 1213 erant

817 1256 1244 1323 apostolicorum
1282 1253 1594 1317 dogtnatum
1645 1257 2113 1319 propugnatores:
2147 1263 2381 1317 quorum

818 1344 909 1396 alii
944 1344 1127 1396 statim
1156 1350 1280 1410 post
1304 1350 1547 1394 structas
1579 1356 1781 1408 magno
1813 1340 2100 1392 Eustathio
2129 1340 2381 1403 insidias,

816 1433 1128 1486 Arianicatn
1167 1431 1500 1500 impietatem
1555 1430 1849 1494 detestati,
1883 1430 2224 1497 seorsimque
2252 1443 2383 1481 con-

814 1533 1009 1577 ventus
1038 1532 1285 1590 agentes,
1320 1521 1605 1589 przesulem
1642 1520 1881 1572 habuere
1931 1517 2218 1570 Paulinum
2251 1537 2263 1572 :
2291 1518 2382 1571 alii

814 1622 939 1681 post
990 1611 1176 1664 Euzoii
1224 1611 1620 1662 ordinationem
1655 1624 1779 1663 eum
1812 1608 2015 1663 eximio
2063 1608 2278 1663 Meletio
2314 1609 2381 1662 ab

813 1702 999 1769 impiis
1052 1699 1368 1767 segregati,
1425 1708 1590 1768 atque
1648 1699 1740 1751 illa
1790 1714 1913 1767 qua:
1958 1701 2382 1753 memoravimus

2486 574 2790 641 ἐγένετο,ἐν
2814 574 3106 642 Ἀντιοχείᾳ
3133 573 3188 624 δέ
3218 576 3284 643 τῇ
3304 572 3402 643 τῆς
3431 572 3601 644 Ἐᾡας
3624 576 3903 646 ἡγουμένῃ
3931 576 4052 644 ἔρις

2485 664 2696 733 ἀνήφθη
2716 665 2757 694 '”
2793 663 2990 717 τοιάδε.

3075 840 3304 894 ΚΕΦΑΛ
3316 880 3330 894 .
3369 841 3444 895 Γ’.

2487 934 2625 999 Περὶ
2656 934 2765 999 τῆς
2788 932 3093 985 ΠαυλίνΟυ
3112 931 3515 1051 gelat-sthae,
3565 931 3661 983 καὶ
3720 931 3830 997 τῆς
3871 932 4048 985 Ἀπο-

2552 1004 2825 1051 λιναοίου
2859 999 2965 1051 τοῦ
2989 1006 3110 1051 Λαο
3152 1000 3319 1051 ικέωιπ
3349 1004 3747 1051 καινοτοαιάτ.
3772 1003 3871 1051 καὶ
3909 1003 4048 1051 περὶ

2552 1004 2825 1068 λιναρίου
2859 999 2965 1053 τοῦ
2989 999 3319 1063 Λαοδικέως
3349 1004 3747 1068 καινοτομίας,
3772 1003 3871 1053 καὶ
3909 1003 4049 1067 περὶ

2559 1070 2668 1138 τῆς
2700 1071 2991 1124 Μελετίου
3022 1071 3387 1137 φιλοσοφίας
3412 1069 3509 1121 καὶ
3540 1072 3865 1136 φιλοθεΐας.

2552 1162 2686 1230 Διχῆ
2721 1161 2840 1229 μὲν,
2862 1159 2937 1221 ὡς
2963 1160 3055 1211 καὶ
3088 1157 3322 1228 πρόσθεν
3352 1159 3674 1228 εἰρήκαμεν,
3699 1160 3747 1211 oi
3776 1159 3886 1210 τῶν
3916 1159 4054 1211 ἀπο-

2487 1250 2748 1303 στολικῶν
2777 1247 3307 1317 ὑπεραγωνιζόμενοι
3343 1247 3629 1317 δογμάτων
3655 1248 3932 1317 διῄρηντο·
3955 1249 4053 1300 καὶ

2482 1342 2529 1392 οἰ
2566 1343 2663 1411 μὲν
2692 1338 2852 1403 εὐθὺς
2880 1340 3018 1408 μετά
3056 1339 3151 1408 τὴν
3182 1339 3301 1391 κατ’
3344 1337 3639 1391 Εὐσταθίου
3681 1337 3773 1389 τού
3807 1339 4050 1407 μεγάλου

2481 1431 2830 1499 τυρευθεῖσαν
2856 1429 3165 1496 ἐπιϐουλὴν,
3201 1426 3299 1497 τὴν
3343 1428 3687 1498 Ἀρειανικὴν
3714 1428 4048 1498 βδελυξάμε-

2482 1541 2561 1576 νοι
2597 1524 2899 1593 βδελυρίαν,
2929 1524 3021 1574 καὶ
3062 1523 3204 1575 κατά
3246 1524 3381 1589 σφᾶς
3414 1522 3610 1585 αὐτοὺς
3643 1522 4047 1593 ἀθροιζόμενοι,

2482 1614 2741 1666 Παυλῖνον
2782 1610 2927 1681 εἶχον
2978 1614 3281 1683 ἡγούμενον
3302 1630 3316 1644 ·
3346 1616 3392 1665 οἱ
3420 1612 3477 1665 δὲ
3511 1615 3649 1683 μετά
3675 1614 3776 1681 τὴν
3803 1614 4048 1675 Εύζωῖου

2482 1707 2808 1777 χειροτονίαν
2834 1706 2930 1759 σὺν
2961 1706 3206 1775 Μελετίῳ
3226 1705 3302 1774 τῷ
3326 1706 3465 1759 πάνυ
3498 1706 3605 1757 τῶν
3634 1705 4049 1759 δυσσεϐούντων

813 1790 1135 1844 discrimina
1186 1790 1467 1857 perpessi,
1504 1788 1909 1857 sapientissima
1962 1789 2160 1843 Meletii
2211 1790 2376 1843 disci-
2408 1805 2452 1859 Β

2408 1805 2452 1859 Β
2480 1796 2887 1867 ἀποκριθέντες,
2916 1797 3008 1848 καὶ
3041 1796 3165 1858 τοὺς
3195 1797 3465 1858 κινδύνους
3490 1796 3733 1858 ἐκείνους
3782 1795 3878 1858 οὓς
3912 1796 4049 1859 διεξ-

812 1882 958 1949 plina
988 1880 1336 1948 regebantur.
1377 1878 1578 1933 Praeter
1605 1878 1704 1931 hos
1740 1877 1915 1931 tertia:
1945 1880 2143 1932 classis
2183 1879 2377 1931 ducem

811 1985 871 2025 se
893 1969 1124 2038 praebuit
1145 1969 1515 2037 Apollinarius
1538 1968 1902 2035 Laodicenus,
1938 1969 2054 2036 qui,
2098 1976 2379 2035 assumpta

809 2074 1041 2130 persona
1085 2060 1343 2128 pietatis,
1392 2072 1519 2112 cum
1575 2060 1878 2127 apostolica
1934 2058 2188 2127 dogmata
2240 2058 2378 2113 tueri

809 2151 962 2205 visus
996 2158 1180 2213 esset,
1236 2148 1584 2217 postmodum
1624 2148 1952 2202 manifestus
2002 2149 2179 2201 hostis
2209 2163 2377 2217 appa-

806 2241 944 2296 ruit.
979 2241 1051 2295 De
1080 2240 1266 2295 divina
1306 2240 1579 2309 siquidem
1632 2249 1827 2292 natura
1860 2253 2119 2307 perverse
2153 2239 2377 2293 ratioci-

810 2341 976 2384 natus
1005 2338 1111 2394 est,
1156 2330 1423 2399 quosdam
1460 2329 1510 2382 in
1551 2343 1613 2382 ea
1647 2328 1975 2398 dignitatum
2009 2329 2213 2399 gradus
2242 2343 2378 2384 con-

808 2423 1047 2477 stituens
1082 2439 1096 2476 :
1132 2429 1189 2475 et
1213 2420 1612 2475 incarnationis
1642 2421 1962 2490 mysterium
1998 2419 2377 2488 imperfectum

809 2512 1017 2582 ﬁngere
1067 2527 1238 2567 ausus
1292 2520 1409 2577 est,
1468 2511 1820 2581 animamque
1874 2511 2235 2574 rationalem,
2285 2510 2377 2564 cui

806 2602 1061 2671 corporis
1115 2600 1321 2655 tradita
1380 2610 1465 2656 est
1508 2602 1848 2666 moderatio,
1900 2602 2127 2657 indultae
2184 2601 2378 2658 salutis

806 2701 1077 2749 exsortem
1104 2692 1276 2749 fuisse
1304 2692 1610 2748 alIirmavit.
1635 2694 1768 2747 Cum
1794 2693 1937 2748 hanc
1964 2695 2133 2759 enim,
2165 2700 2223 2749 ut
2261 2694 2378 2763 ipse

808 2788 922 2849 ait,
953 2783 1096 2839 Deus
1126 2784 1364 2839 Verbum
1395 2800 1505 2838 non
1534 2786 1918 2855 assumpserit,
1947 2800 2125 2854 neque
2152 2785 2377 2839 medici-

808 2894 933 2933 nam
953 2880 1026 2933 illi
1052 2880 1305 2949 prtebuit,
1322 2894 1499 2948 neque
1523 2879 1784 2933 honorem
1806 2879 2069 2948 impertiit
2092 2879 2221 2934 :sed
2245 2892 2377 2933 eor-

807 2984 910 3038 pus
936 2969 1159 3037 quidem
1193 2976 1471 3022 terrenum
1500 2968 1569 3023 ab
1596 2967 1963 3023 invisibilibus
2000 2970 2370 3037 potestatibus

811 3060 1022 3128 1017
1070 3059 1354 3124 adoratur,
1396 3061 1579 3113 anima
1632 3075 1795 3125 vero,
1833 3060 1901 3114 ad
1942 3061 2231 3130 imaginem
2281 3061 2374 3117 Dei

806 3124 1052 3213 c—oud—it—a,
1076 3148 1216 3203 infra
1241 3149 1445 3204 mansit
1471 3150 1684 3218 peccati
1716 3124 1985 3207 dedecore
2013 3124 2372 3209 circumfusa.
2404 3124 2445 3181 θ

810 3243 827 3259 ⁶
862 3236 1027 3290 Multa
1087 3239 1319 3309 insuper
1349 3240 1454 3292 alia
1489 3240 1627 3295 falso
1655 3250 1709 3295 et
1743 3256 1889 3296 caeco
1937 3244 2138 3298 mentis
2185 3259 2377 3299 errore

807 3328 1113 3396 congessit.
1145 3327 1279 3382 Nam
1327 3330 1605 3384 interdum
1650 3332 1768 3401 ipse
1799 3347 2017 3403 quoque
2055 3349 2279 3389 carnem
2311 3350 2375 3390 ex

809 3426 1002 3471 sancta
1034 3417 1260 3487 Virgine
1291 3427 1563 3489 sumptam
1602 3436 1727 3476 esse
1765 3422 2128 3477 conﬁtebatur
2159 3442 2173 3477 :
2210 3424 2378 3477 inter-

806 3511 938 3565 dum
972 3514 1113 3567 hanc
1151 3514 1317 3568 simul
1361 3530 1485 3568 cum
1512 3514 1631 3571 Deo
1677 3514 1861 3571 Verbo
1899 3534 1929 3571 e
1961 3518 2103 3572 caelo
2150 3518 2379 3573 desceno

808 3604 959 3658 disse
1008 3605 1085 3657 ait
1120 3624 1133 3659 :
1168 3605 1443 3659 interdum
1503 3606 1679 3675 ipsum
1732 3622 1951 3661 carnem
1987 3624 2111 3664 esse
2150 3609 2374 3674 factum,

808 3695 902 3749 sed
943 3710 973 3748 a
1015 3696 1173 3750 nobis
1221 3697 1359 3750 nihil
1395 3699 1696 3769 accepisse.
1732 3698 1839 3751 Sed
1872 3707 1924 3754 et
1964 3702 2101 3755 alias
2162 3702 2378 3757 fabulas

811 3801 1095 3855 nugasque
1153 3788 1357 3842 divinis
1416 3789 1880 3857 promissionibus
1928 3792 2192 3860 adjunxit.
2238 3809 2378 3863 quas

811 3876 866 3929 in
930 3878 1223 3944 praesentia
1289 3894 1579 3934 recensere
1644 3896 2112 3949 supervacaneum
2164 3885 2375 3953 putavi.

810 3964 967 4018 Talia
1000 3968 1091 4019 ille
1120 3982 1244 4019 cum
1286 3967 1527 4032 doceret,
1559 3985 1667 4023 non
1704 3986 1836 4027 suos
1882 3972 2150 4026 duntaxat
2181 3984 2375 4029 conta-

810 4057 1075 4119 minavit,
1127 4057 1220 4111 sed
1272 4059 1542 4126 quosdam
1600 4062 1765 4114 etiam
1805 4078 1871 4117 ex
1917 4063 2125 4118 nostris
2185 4064 2377 4119 eadem

810 4151 933 4204 labe
980 4151 1189 4205 infecit.
1249 4152 1443 4207 Postea
1494 4155 1662 4217 enim,
1716 4170 1873 4210 suam
1928 4156 2029 4226 ipsi
2087 4165 2377 4212 cernentes

813 4242 1156 4300 tenuitatem.
1189 4249 1242 4294 et
1274 4240 1529 4296 Ecclesia:
1561 4244 1909 4313 splendorem
1938 4246 2375 4311 considerantes,

810 4332 1090 4400 conjuncti
1133 4332 1356 4401 quidem
1392 4342 1523 4387 sunt
1551 4348 1763 4400 omnes,
1799 4337 1989 4404 paucis
2028 4340 2290 4407 exceptis,
2322 4347 2376 4393 et

2483 1886 2717 1955 ήλθομεν
2762 1886 3154 1955 ὑπομείναντες
3176 1924 3190 1947 ,
3241 1886 3344 1938 ὑπὸ
3378 1888 3479 1954 τῆς
3506 1886 3765 1938 Μελετίου
3795 1888 4049 1952 σοερωτά-

2479 1994 2578 2045 της
2623 1976 2964 2039 διδασκαλίας
3000 1976 3254 2029 ἰθύνοντο.
3299 1975 3438 2046 Πρὸς
3471 1976 3526 2028 δὲ
3557 1976 3763 2039 τούτοις
3833 1978 4051 2029 Ἀπολι-

2480 2068 2663 2137 νάριος
2693 2069 2721 2119 ό
2749 2068 3041 2127 Λαοδικεὺς
3093 2066 3345 2137 ἐτέρας·η
3379 2067 3684 2137 συμμορίας
3718 2068 3911 2120 ἑαυτὸν
3942 2070 4049 2121 ἀπ-

2480 2159 2678 2228 έφηνεν
2708 2158 2982 2227 ἀρχηγόν·
3014 2157 3072 2218 ὃς
3112 2158 3172 2209 τὸ
3212 2157 3313 2225 τῆς
3358 2156 3638 2219 εὐσεϐείας
3685 2158 4048 2227 περιθέμενος

2478 2250 2841 2320 προσωπεῖον,
2876 2247 2971 2299 καὶ
3008 2246 3117 2298 τῶν
3161 2245 3533 2299 ἀποπολικῶν
3574 2247 3858 2313 δογμάτων
3887 2248 4049 2311 δόξας

2480 2335 2933 2406 ὑπερασπίζειν⁷³
2959 2336 3151 2406 μικρὸν
3187 2334 3412 2405 ὓστερον
3438 2335 3717 2405 προφανὴς
3758 2335 3915 2406 ὤφθη
3950 2354 4047 2389 πο-

2477 2428 2681 2498 λέμιος.
2714 2427 2823 2481 Καὶ
2864 2428 2972 2497 γὰρ
3017 2427 3145 2497 περί
3186 2426 3284 2496 τῆς
3330 2425 3480 2489 Θείας
3511 2426 3723 2495 φύσεως
3769 2427 4047 2496 κιϐδήλοις

2479 2517 2750 2589 ἐχρήσατο
2776 2515 2974 2584 λόγοις,
3011 2514 3253 2586 βαθμούς
3300 2533 3453 2578 τινας
3491 2516 3818 2586 ἀξιωμάτων
3853 2518 4048 2587 γεννή-

2479 2626 2578 2672 σας
2597 2624 2610 2639 °
2641 2609 2735 2662 καὶ
2763 2608 2823 2661 τὸ
2850 2609 2952 2675 τῆς
2995 2607 3305 2678 οἰκονομίας
3349 2609 3643 2677 μυστήριον
3672 2607 3859 2669 ἀτελὲς
3903 2609 4047 2660 ἀπο-

2478 2700 2643 2769 φῆναι
2686 2697 3007 2769 τετόλμηκε,
3060 2698 3155 2752 καὶ
3187 2698 3287 2769 τὴν
3313 2697 3545 2768 λογικὴν
3572 2698 3770 2769 ψυχὴν,
3799 2699 3902 2769 τὴν
3932 2699 4047 2751 ἰθύ-

2476 2806 2590 2845 νειν
2617 2790 2678 2843 τὸ
2706 2790 2864 2859 σῶμα
2894 2790 3354 2859 πεπιστευμένην,
3387 2789 3708 2861 ἐστερῆσθαι
3741 2790 3837 2859 τῆς
3881 2808 4045 2857 γεγεσ

2477 2879 2715 2948 νημένης
2740 2878 2910 2947 ἔφησε
2938 2877 3231 2947 σωτηρίας.
3278 2879 3392 2930 Οὐκ
3438 2876 3673 2946 εἰληφὼς
3700 2878 3809 2945 γάρ
3835 2880 4046 2948 ταύτην

2478 2970 2618 3022 κατά
2649 2970 2739 3023 τὸν
2778 2970 2985 3022 ἐκείνου
3020 2969 3175 3036 λόγον
3202 2970 3230 3021 ό
3258 2968 3390 3030 Θεὸς
3419 2969 3608 3035 Λόγος,
3637 2969 3758 3021 οὔτε
3801 2970 4048 3039 ἰατρείας

2479 3060 2731 3124 ἠξίωσεν,
2765 3060 2890 3111 οὔτε
2918 3060 3083 3129 τιμῆς
3115 3059 3417 3128 μετέδωκεν
3438 3076 3451 3088 ’
3484 3060 3619 3112 ἀλλά
3646 3060 3707 3111 τὸ
3740 3061 3839 3128 μὲν
3883 3062 4047 3130 σῶμα

2477 3151 2537 3205 τὸ
2560 3152 2746 3220 γήϊνον
2775 3149 2879 3202 ὑπὸ
2900 3148 3006 3200 τῶν
3032 3148 3278 3218 ἀοράτων
3309 3150 3689 3217 προσκυνεῖται
3716 3148 4008 3218 δυνάμεων
4027 3167 4040 3180 ·

2478 3245 2511 3313 ἡ
2542 3243 2598 3294 δὲ
2619 3242 2765 3313 ψυχὴ
2791 3243 2824 3309 ἡ
2857 3240 2973 3294 κατ’
3008 3240 3190 3293 εἰκόνα
3213 3240 3364 3293 θείαν
3387 3241 3723 3310 γεγενημένη
3749 3241 3903 3293 κάτω
3948 3260 4051 3311 με·

2480 3334 2720 3404 μένηκε,
2778 3332 2876 3402 τὴν
2929 3331 3028 3401 τῆς
3072 3332 3345 3401 ἁμαρτίας
3392 3331 3616 3401 ἀτιμίαν
3661 3332 4045 3403 περικειμένη.

2478 3423 2654 3477 Πολλά
2687 3422 2743 3475 δὲ
2764 3424 2811 3460 ’δ
2839 3420 2975 3492 πρὸς
2996 3420 3208 3484 τούτοις
3235 3420 3329 3474 καὶ
3356 3420 3516 3491 ἕτερα
3541 3415 3693 3473 εἶπεν
3726 3423 4049 3495 ἐσφαλμένῃ

2478 3516 2569 3568 καὶ
2598 3513 2986 3584 τυφλωττούσῃ
3008 3513 3232 3582 διανοίᾳ.
3257 3514 3391 3565 Ποτὲ
3420 3514 3518 3582 μὲν
3538 3513 3645 3581 γάρ
3675 3515 4046 3583 συνωμολόγει

2477 3604 2574 3658 καὶ
2603 3605 2763 3667 αὐτὸς
2796 3604 2860 3656 ἐκ
2897 3603 2995 3672 τῆς
3024 3603 3184 3670 ἁγίας
3214 3602 3485 3673 Παρθένου
3516 3603 3915 3672 πῳσειλῆφθαι
3948 3606 4048 3675 τὴν

2480 3696 2679 3765 σάρκα,
2725 3695 2855 3747 ποτὲ
2884 3694 2940 3747 δὲ
2973 3693 3261 3763 οὐρανόθεν
3309 3693 3512 3762 ταύτην
3544 3693 3621 3761 τῷ
3656 3694 3773 3759 Θεῷ
3821 3696 3986 3764 Λόγῳ
4001 3697 4047 3727 τι

2480 3783 3006 3853 συγκατεληλυθέναι
3032 3783 3222 3853 φησίν·
3250 3782 3436 3836 ἄλλοτε
3468 3783 3525 3835 δὲ
3542 3784 3589 3814 ⁷⁸
3622 3784 3785 3836 αὑτὸν
3808 3787 4048 3855 γεγενῆ..

2479 3874 2605 3928 σθαι
2635 3874 2834 3945 σάρκα,
2874 3873 3023 3926 οὐδὲν
3055 3873 3113 3938 ἐξ
3144 3871 3301 3942 ἡμῶν
3330 3872 3609 3940 εἰληφότα.
3664 3873 3773 3925 Καὶ
3818 3874 4045 3944 ἐτέρους

2477 3966 2535 4019 δὲ
2565 3966 2767 4036 μύθους
2814 3966 2907 4017 καὶ
2940 3965 3138 4034 λήρους
3167 3966 3285 4026 ταῖς
3329 3962 3499 4025 θείαις
3527 3964 3887 4031 ἐπαγγελίαις
3923 3983 4047 4019 συν-

2478 4055 2717 4120 έζευξεν,
2749 4055 2840 4118 οὓς
2869 4056 2962 4107 καὶ
2994 4054 3173 4122 λέγειν
3207 4054 3457 4125 περιττὸν
3496 4054 3589 4105 ἐπὶ
3631 4054 3723 4106 τοῦ
3775 4056 4045 4124 παρόντος

2480 4149 2752 4218 νενόμικα.
2800 4148 3035 4209 Ἐκεῖνος
3067 4147 3165 4214 μὲν
3188 4142 3281 4198 οὗν
3312 4147 3536 4199 τοιαῦτα
3564 4146 3754 4213 λέγων,
3782 4148 3845 4198 ού
3881 4148 4042 4215 μόνον

2477 4240 2606 4302 τοὺς
2634 4238 2866 4300 οἰκείους
2888 4238 2985 4307 τῆς
3008 4236 3209 4305 βλάϐης
3227 4238 3269 4267 ’τ
3290 4235 3439 4306 [201]
3460 4236 3774 4305 ἐνέπλησεν,
3792 4237 3935 4289 ἀλλά
3955 4239 4042 4291 καί

2478 4347 2588 4384 τισι
2616 4331 2726 4383 τῶν
2755 4329 3037 4398 ἡμετέρων
3062 4327 3321 4394 ταύτης⁷⁸
3346 4326 3642 4396 μετέδωκε.
3660 4327 3852 4396 Χρόνῳ
3875 4327 4042 4397 γάρ⁷⁹

809 4422 1253 4474 communionem
1278 4423 1706 4477 ecclesiasticam
1743 4436 2089 4493 acceperunt.
2118 4430 2368 4482 morbum
2403 4446 2448 4501 ι)

2403 4446 2448 4501 ι)
2480 4424 2728 4489 ὕστερον,
2772 4423 2871 4490 τήν
2912 4437 2971 4472 τε
3014 4421 3281 4488 σφετέραν
3324 4419 3558 4489 ὁρῶντες
3608 4419 3913 4481 εὐτέλειαν,
3950 4420 4042 4472 καὶ

799 4518 1016 4572 tamen,
1042 4524 1150 4578 quo
1185 4520 1347 4565 antea
1398 4512 1745 4579 laborabant,
1781 4532 1890 4570 non
1934 4527 2239 4581 exuerunt,
2277 4520 2377 4574 sed

810 4600 914 4655 hoc
948 4602 1066 4671 ipso
1096 4604 1296 4655 multos
1322 4605 1411 4672 qui
1438 4606 1557 4658 sani
1581 4606 1711 4659 olim
1745 4607 1957 4661 fuerant
1988 4619 2373 4678 corruperunt.

814 4693 887 4744 Ex
932 4694 1032 4745 hac
1081 4694 1264 4747 radice
1298 4694 1351 4747 in
1393 4694 1657 4751 Ecclesiis
1705 4709 1893 4751 natum
1943 4708 2058 4763 est,
2087 4701 2229 4769 quod
2270 4717 2377 4754 una

812 4782 997 4836 carnis
1031 4791 1084 4833 et
1115 4784 1420 4840 divinitatis
1456 4798 1651 4841 natura
1684 4789 1909 4851 dicitur,
1941 4793 2196 4859 quodque
2231 4792 2374 4845 divi-

812 4873 969 4923 nitati
1004 4870 1281 4942 Unigeniti
1311 4877 1499 4943 passio
1533 4878 1853 4940 ascribitur,
1881 4889 1935 4934 et
1959 4882 2065 4934 alia
2095 4881 2146 4935 id
2178 4900 2372 4951 genus.

814 4963 878 5013 de.
931 4962 1132 5029 quibus
1193 4966 1517 5033 populorqu
1566 4968 2023 5041 sacerdotumque
2074 4974 2375 5027 certamina

812 5055 1158 5107 exstiterunt.
1194 5050 1391 5109 Verum
1428 5057 1541 5109 lucc
1574 5059 1795 5125 quidem
1854 5070 2040 5127 postea
2073 5066 2373 5132 contigere.

817 5142 969 5197 Tunc
995 5160 1123 5197 vero
1156 5147 1501 5200 Antiochiam
1564 5149 1811 5215 ingresso
1859 5150 2067 5217 Sapore
2115 5156 2377 5223 magistro

2476 4513 2573 4582 τὴν
2605 4510 3043 4581 τῆςἙκκλησίας
3072 4509 3333 4579 θεώμενοι
3363 4510 3736 4578 περιφάνειαν,
3768 4510 4043 4578 aevi;qu-

2478 4620 2579 4655 σαν
2609 4603 2709 4671 μὲν
2735 4600 2871 4669 πλὴν
2895 4601 3091 4668 ὀλίγων
3117 4600 3372 4661 ἅπαντες,
3404 4600 3496 4652 καὶ
3527 4600 3624 4665 τῆς
3657 4599 4044 4667 ἐκκλησιαστι-

2478 4693 2582 4761 κῆς
2624 4692 2909 4753 κοινωνίας
2947 4691 3241 4761 μετέλαχον
3260 4707 3275 4720 ·
3305 4689 3401 4758 τὴν
3425 4689 3482 4741 δὲ
3512 4690 3782 4758 προτέραν
3806 4691 3912 4741 οὐκ
3934 4694 4043 4744 ἀπ-

2478 4786 2660 4837 έθεντο
2686 4785 2858 4845 νόσον.
2878 4783 3013 4837 ἀλλά
3040 4783 3132 4835 καὶ
3152 4781 3379 4843 πολλοὺς
3396 4781 3503 4832 τῶν
3526 4780 3688 4833 πάλαι
3710 4783 4046 4850 ἐρρωμένων

2478 4878 2680 4947 ταύτης
2702 4876 3021 4944 ἐνέπλησαν.
3040 4876 3133 4927 Ἐκ
3148 4874 3306 4944 τῆσδε
3321 4877 3417 4943 τῆς
3437 4873 3592 4943 ῥίζης
3613 4874 3670 4923 ἐν
3682 4876 3799 4932 ταῖς
3815 4874 4045 4940 Ἐκκλη-

2484 4970 2626 5031 σίαις
2658 4967 2989 5036 ἐϐλάστησεν
3013 4968 3047 5035 ἡ
3080 4967 3175 5035 μία
3193 4966 3289 5034 τῆς
3311 4964 3511 5033 σαρκὸς
3541 4964 3634 5015 καὶ
3660 4962 3760 5030 τῆς
3790 4962 4047 5031 θεότητος

2485 5062 2554 5130 φύ
2566 5078 2663 5125 σις,
2684 5061 2776 5113 καὶ
2798 5060 2857 5111 τὸ
2872 5062 2937 5128 τῇ
2960 5058 3168 5125 θεότητι
3182 5055 3274 5108 τοῦ
3288 5054 3619 5122 Μονογενοῦς
3633 5054 3974 5122 προσάπτειν
3985 5055 4047 5104 τὸ

2486 5152 2677 5215 πάθος,
2697 5152 2789 5202 καὶ
2806 5150 2993 5214 τάλλα,
3008 5150 3106 5200 ὅσα
3119 5150 3229 5210 τοῖς
3243 5148 3287 5177 ⁸⁸
3307 5146 3452 5207 λαοῖς
3478 5146 3572 5199 καὶ
3589 5148 3697 5206 τοῖς
3720 5146 3765 5195 ἰε
3774 5142 3931 5213 ρεῦσι

2080 5306 2315 5359 νΑιυεΕ
2359 5308 2757 5363 LECTIONES.

1072 5457 1563 5541 t:I;_C'lrlSl0|tll.(t‘l:S.
1584 5472 1706 5541 cum
1742 5458 2001 5541 Steph}.
2038 5459 2138 5537 ξορα
2174 5459 2335 5514 ΒοςίΙ.
2367 5462 2457 5515 Gr.
2487 5474 2539 5516 et
2565 5462 2753 5530 Steph.
2780 5464 2800 5513 l
2844 5461 3179 5541 ἀδιορίστως.
3237 5460 3279 5541 ξ¹
3310 5454 3719 5541 ἐγέ·ιετο,“Βειδίί.
3755 5455 4039 5541 Cra-‘53:.

825 5529 876 5595 fl
911 5524 1049 5576 l’ini.
1085 5529 1181 5577 llic
1214 5528 1375 5579 etiam
1396 5525 1544 5577 addit
1573 5527 1696 5595 περὶ
1720 5524 1891 5578 τοῦδε.

1940 5529 2096 5598 τίςιῦν
2118 5532 2319 5583 addunt
2342 5533 2504 5586 llasil.
2529 5533 2623 5585 Gr.
2653 5524 2704 5582 εἰ
2732 5532 2917 5598 Steph.
2967 5524 3022 5559 ’⁷³
3050 5529 3204 5590 δόξας
3230 5529 3504 5598 ὑπερασπ,
3534 5525 3833 5598 δογμάτων.
3869 5524 4040 5598 Basil.

820 5592 940 5667 Gr._
985 5594 1030 5623 “
1054 5595 1209 5648 Πολλ,
1231 5596 1286 5646 δὲ
1313 5596 1402 5646 καί
1434 5596 1511 5667 ἐτ.
1538 5592 1668 5663 πρδς
1690 5598 1831 5647 τούς.
1858 5599 1967 5651 εξπ.
1994 5596 2113 5653 Bas.
2134 5598 2305 5653 (ΙΙ-ινα
2343 5610 2396 5655 et
2424 5603 2610 5667 Steph.
2638 5601 2742 5654 Sed
2760 5592 2875 5653 Ρίιίἰ
2902 5601 3038 5652 liber
3062 5600 3253 5652 habet:
3279 5592 3435 5649 Πολλ.
3453 5596 3508 5647 δὲ
3534 5611 3627 5662 πρ.
3649 5595 4041 5667 τούτηκηὲτερ.

821 5661 1191 5729 ὲνεὼχμωσεν.

821 5681 1191 5779 ενεωξμωσεν.
1380 5681 1536 5732 Λογῳ
1560 5682 1613 5717 ρ)

820 5747 971 5811 qttent
1005 5734 1195 5811 irrepit:
1217 5738 1283 5786 ΙΙ.
1416 5733 1533 5811 XII,
1564 5735 1613 5785 4.

820 5788 871 5855 έί
920 5788 1105 5873 Steph:
1140 5804 1276 5855 ~0:1
1306 5808 1408 5864 τοῖς
1437 5822 1492 5855 τε
1522 5788 1667 5867 λαοῖς
1701 5788 1865 5858 muti
1889 5806 1974 5859 10.
2005 5788 2141 5859 l‘itti.

1306 5667 1349 5693 ⁷⁵
1380 5666 1536 5732 Λόγῳ
1560 5667 1759 5717 excidit
1786 5686 1814 5717 υ
1840 5670 2025 5733 ⁴διιιιιιι.
2100 5670 2142 5697 7"
2164 5672 2219 5722 δὲ
2248 5672 2400 5724 abest
2430 5688 2457 5725 a
2489 5666 2605 5723 Plini
2634 5673 2842 5723 codice.

1694 5737 1736 5765 7‘
1770 5738 1862 5801 τῆς
1902 5732 2095 5801 Mittin;
2137 5738 2318 5794 lidetn.
2396 5743 2439 5773 ⁷³
2471 5742 2545 5793 δέ.
2579 5740 2695 5793 Ρίιιί
2733 5740 2887 5793 liber.
2962 5739 3006 5769 ⁸⁸
3030 5732 3133 5791 ὅσα
3163 5755 3220 5789 τε
3251 5740 3360 5797 τοῖς
3392 5737 3586 5797 ἄλλοις.
3618 5734 3665 5787 λ.
3698 5735 3821 5786 Bas.
3859 5732 4039 5788 Crte.

2920 5670 2963 5699 ⁷⁷
2991 5669 3185 5737 λύμης.
3217 5667 3342 5720 Bas.
3368 5667 3538 5719 (ἔτεος.
3583 5675 3635 5737 et
3666 5664 3829 5737 Steph
3872 5665 4043 5737 item-
