4218 6456
210 389 336 451 ιεοι

1242 391 1815 455 ECCLESIAS’I‘ICAE
1847 390 2228 451 llISTORl/E
2282 394 2426 453 LlB.
2457 395 2520 453 V.

3307 395 3440 461 1202

203 500 475 569 διαμάχην
490 499 1004 571 γεγέννηκεν.“Αλλὰ
1015 504 1187 558 ταῦτα
1207 508 1305 574 μὲν
1318 506 1347 559 ῦ
1358 525 1541 578 στερον
1552 508 1769 576 γεγένη·
1798 510 1846 566 Α

1798 510 1846 566 Α
1875 505 2132 566 militum.
2166 515 2219 561 et
2253 506 2605 577 imperatoris
2634 506 2805 576 legem
2838 506 3176 576 proferente,
3209 506 3441 562 aﬂirma-

202 607 314 642 ται.
335 590 467 642 Τότε
488 591 563 655 δὲ,
583 592 912 664 ἀφικομένου
941 595 1200 665 Σάπωρος
1224 597 1317 650 τοῦ
1333 598 1661 667 στρατηγοῦ,
1678 598 1771 651 καὶ

204 680 295 731 τὸν
324 680 603 748 βασιλικὸν
646 684 1022 749 ὑποδείξαντος
1070 688 1250 756 νόμον,
1281 689 1588 759 ίσχυρίζετο
1619 691 1716 758 μὲν
1744 692 1772 742 6

206 771 473 835 Παυλῖνος
500 775 659 837 αὐτὸς
675 772 813 830 εἶναι
828 779 929 848 τῆς
945 781 1198 849 Δαμάσου
1218 780 1453 850 μερίδος·
1471 780 1775 851 ἰσχυρίζετο

204 861 259 912 δὲ
298 863 392 913 καὶ
424 864 792 938 Ἀπολινάριος
828 869 1225 939 κατακρύπτων
1280 873 1376 940 τὴν
1417 872 1588 925 νόσον.
1634 872 1690 925 Ὀ
1718 872 1774 926 δὲ

207 950 349 1014 θεῖος
370 955 631 1017 Μελέτιος
654 960 830 1027 ἡσυχῇ
857 960 1116 1030 καθῆστο,
1137 960 1235 1030 τῆς
1268 962 1491 1016 ἐκείνων
1512 964 1776 1034 ἀνεχόμε-

207 1062 297 1107 νος
317 1045 814 1114 ἔριδος.Φλα6ιανὸς
830 1052 885 1104 δὲ
908 1053 935 1103 6
960 1054 1289 1121 σοφώτατος,
1314 1054 1389 1125 τῷ
1410 1055 1516 1108 τῶν
1540 1056 1777 1126 πρεσϐυ-

208 1135 384 1204 τέρων
426 1140 910 1209 ὲγκατειλεγμένος
941 1142 1020 1195 ἔτι
1052 1143 1227 1214 χορῷ,
1270 1145 1484 1215 πρῶτον
1511 1147 1608 1215 μὲν
1643 1147 1777 1216 πρὸς

210 1225 305 1276 τὸν
338 1228 600 1282 Παυλῖνον
625 1230 749 1300 ἔφη,
778 1231 869 1284 τοῦ
896 1234 1200 1303 στρατηγοῦ
1225 1236 1525 1299 ἐπαΐοντοςο
1559 1256 1575 1287 ι
1598 1236 1660 1289 Ei
1682 1237 1779 1306 τὴν

212 1318 494 1385 Δαμάσου,
525 1316 570 1373 ὦ
604 1323 857 1393 φιλότης,
892 1326 1174 1379 κοινωνίαν
1219 1322 1478 1397 ἀσπάζῃ.
1519 1328 1779 1394 ἐπίδειξον

214 1409 348 1475 ἡμῖν
376 1411 561 1477 σαφῶς
596 1413 691 1483 τὴν
717 1414 823 1467 τῶν
850 1414 1135 1483 δογμάτων
1166 1417 1487 1483 συγγένειαν
1506 1419 1573 1473 ⁸¹.
1606 1419 1779 1471 Ἐκεῖ-

214 1516 303 1560 νος
345 1500 457 1570 γὰρ
501 1502 628 1569 μίαν
681 1506 777 1573 τῆς
826 1506 1057 1573 Τριάδυς
1107 1508 1290 1561 οὐσίαν
1344 1510 1640 1578 ὁμολογῶν,
1685 1513 1783 1574 τὰς

214 1593 367 1658 τρεῖς
414 1592 737 1657 ὑποστάσεις
779 1597 1072 1667 διαρρήδην
1107 1599 1393 1669 κηρύττει·
1442 1604 1505 1655 σὺ
1546 1603 1602 1655 δε
1644 1603 1782 1657 ἄντι-

218 1695 356 1745 κρυς
399 1681 509 1733 τῶν
554 1684 903 1738 ὕποστάσεων
935 1688 1178 1758 ἀναιρεῖς
1228 1692 1327 1758 τὴν
1361 1692 1570 1761 τριάδα.
1602 1693 1784 1757 Δεῖξον

216 1768 280 1836 δη
318 1765 411 1822 οὖν
445 1772 552 1824 τῶν
581 1774 865 1844 δογμάτων
899 1777 995 1847 τὴν
1029 1781 1366 1848 συμφωνίαν,
1401 1783 1491 1835 καὶ
1526 1783 1659 1838 λάϐε
1684 1786 1784 1849 τὰς

216 1858 513 1927 ἐκκλησίας
557 1865 699 1917 κατὰ
746 1866 837 1917 τὸν
878 1867 1062 1935 νόμον.
1102 1886 1122 1921 ι
1160 1868 1345 1933 Οὕτως
1392 1874 1599 1927 ἐκεῖνον
1667 1878 1781 1941 τοῖς

217 1949 466 2018 ἐλέγχοις
506 1955 881 2024 ἐπιστομίσας,
910 1960 1045 2027 πρὸς
1100 1960 1190 2013 τὸν
1232 1963 1605 2033 Ἀπολινάριον
1637 1965 1738 2037 ἔφη
1767 1983 1781 1996 ·

222 2062 239 2091 ι
275 2043 556 2111 Θαυμάζω
587 2064 667 2111 σε,
699 2042 744 2102 ὦ
771 2050 920 2117 φίλος
939 2052 1006 2117 δ’,
1038 2052 1209 2117 οῦτως
1241 2055 1432 2125 ἀνέδην
1463 2056 1664 2109 atati”
1691 2060 1786 2126 τῆς

216 2135 479 2203 ἀληθείας
524 2140 849 2209 μαχόμενον,
882 2144 973 2195 καὶ
1006 2144 1177 2199 ταῦτα
1212 2148 1397 2217 σαφῶς
1424 2150 1787 2221 ἐπιστάμενον

216 2226 290 2287 ὡς
311 2225 340 2274 6
373 2226 669 2297 θαυμάσιος
697 2232 950 2302 Δάμασος
982 2236 1192 2290 τελείαν
1218 2239 1321 2291 ὑπὸ
1338 2240 1429 2292 τοῦ
1455 2243 1586 2294 θεοῦ
1612 2244 1787 2312 Λόγου

216 2316 315 2384 τὴν
348 2320 627 2388 ἡμετέραν
656 2322 819 2389 φύσιν
865 2327 1186 2397 ἀνειλῆφθαι
1226 2348 1388 2401 φησιν
1412 2349 1425 2362 ·
1460 2335 1525 2387 σὺ
1568 2334 1624 2387 δὲ
1664 2338 1787 2389 τοῦ·

216 2409 432 2505 ναντίον
452 2409 622 2505 λέγων
645 2414 927 2480 διατελεῖς.
960 2420 1063 2472 Τὸν
1092 2420 1200 2491 γὰρ
1234 2423 1357 2476 νοῦν
1384 2424 1476 2479 τὸν
1517 2427 1789 2497 ἡμέτερον

214 2500 316 2563 τῆς
348 2500 623 2568 σωτηρίας
655 2504 996 2577 ἀποστερεῖς.
1022 2512 1083 2564 Ei
1113 2512 1168 2565 δὲ
1196 2513 1363 2583 ψευδῆ
1393 2533 1577 2586 φαμεν
1613 2519 1790 2575 ταῦτά

219 2605 313 2640 σου
357 2593 812 2662 κατηγοροῦντες,
842 2598 937 2651 νῦν
963 2600 1094 2668 γοῦν
1122 2603 1220 2672 τὴν
1246 2605 1351 2657 ὑπὸ
1377 2606 1472 2659 σοῦ
1500 2609 1786 2677 τεχθεῖσαν

218 2681 491 2751 ἀρνήθητι
542 2688 911 2756 καινοτομίαν,
962 2693 1057 2744 καὶ
1106 2694 1204 2764 τὴν
1260 2687 1792 2771 Δαμάσουστέρξον

217 2772 589 2863 διδασκαλίαν,
620 2779 714 2831 καὶ
752 2782 875 2843 τοὺς
903 2783 1082 2847 θείους
1118 2785 1245 2839 λάϐε
1278 2790 1498 2856 σηκούς.
1538 2810 1555 2839 ι
1607 2793 1664 2845 '0
1695 2794 1793 2863 μὲν

220 2858 313 2915 ὧν
357 2865 670 2933 σοφώτατος
718 2869 1015 2933 Φλαϐιανὺς
1052 2879 1164 2938 τοῖς
1204 2878 1430 2948 ἀληθέσι
1475 2880 1653 2949 λόγοις

220 2954 447 3007 ἐκείνων
476 2959 789 3013 κατέπαυσε
831 2965 1161 3033 παρρησίαν.
1198 2970 1458 3033 Μελέτιος
1487 2972 1563 3034 δὲ,
1597 2973 1625 3025 6
1658 2977 1795 3030 πάν-

220 3063 329 3097 των
383 3048 686 3117 ἀνθρώπιον
736 3054 1061 3122 πραότατος,
1118 3060 1453 3129 φιλοφρόνως
1513 3064 1630 3134 ἅμα
1700 3069 1795 3121 καὶ⁵

223 3138 400 3203 ἠπίως
449 3140 552 3211 ἔφη
594 3144 727 3211 πρὸς
767 3146 857 3197 τὸν
910 3148 1189 3201 Παυλῖνον·
1244 3171 1261 3202 ι
1305 3154 1518 3225 Ἐπειδὴ
1547 3158 1637 3209 καὶ
1671 3159 1794 3226 ἐμοὶ

222 3227 392 3279 τῶνδε
415 3229 521 3281 τῶν
549 3232 836 3301 προϐάτων
867 3235 964 3305 τὴν
990 3238 1304 3307 ἐπιμέλειαν
1324 3241 1353 3292 6
1378 3242 1485 3295 τῶν
1509 3245 1795 3312 προϐάτων

224 3319 526 3389 ἐνεχείρισε
569 3323 769 3392 Κύριος
794 3365 810 3390 ,
845 3328 938 3380 καὶ
972 3330 1035 3382 σὺ
1068 3331 1171 3381 τῶν
1205 3330 1355 3402 [⁸202]
1400 3333 1575 3387 ἄλλων
1604 3338 1797 3390 ἀναδέο-

224 3406 373 3471 δεξαι
420 3410 519 3480 τὴν
564 3415 839 3482 φροντίδα,
884 3422 1129 3473 κοινωνεῖ
1152 3422 1208 3474 δὲ
1237 3423 1486 3493 ἀλλήλοις
1514 3427 1612 3495 τῆς
1646 3429 1800 3482 εὐτει-

224 3498 378 3562 6είας
431 3501 501 3554 τὰ
552 3502 864 3574 θρέμματα,
917 3509 1262 3579 συνάψωμεν,
1317 3513 1362 3572 ὦ
1424 3518 1667 3587 φιλότης,
1730 3523 1802 3576 τὰ

227 3588 484 3690 ποίμνια,
519 3593 612 3645 καὶ
641 3595 735 3664 τὴν
766 3597 893 3665 περὶ
939 3598 1035 3669 τῆς
1079 3602 1373 3670 ἡγεμονίας
1407 3608 1798 3676 καταλύσωμεν

224 3679 535 3771 διαμάχην
590 3686 741 3752 κοινῇ
790 3685 846 3737 δὲ
888 3686 953 3739 τὰ
998 3689 1243 3757 πρόϐατα
1287 3692 1562 3761 νέμοντες,
1614 3699 1798 3771 κοινὴν

224 3768 415 3831 αὐτοῖς
469 3773 925 3845 προσενέγκωμεν
978 3777 1292 3850 θεραπείαν.
1340 3783 1404 3837 Εί
1453 3786 1510 3839 δὲ
1553 3790 1583 3842 6
1634 3768 1799 3859 μέσος

226 3859 405 3923 θῶκος
453 3861 549 3931 τὴν
592 3862 706 3933 ἔριν
755 3870 941 3937 γεννᾷ,
992 3869 1100 3933 ἐγὼ
1149 3873 1239 3923 καὶ
1278 3872 1483 3944 ταύτην
1548 3876 1799 3942 ἐξελάσαι

224 3951 586 4021 πειράσομαι.
628 3954 714 4007 Ἐν
754 3957 861 4026 γὰρ
905 3958 1076 4029 τούτῳ
1124 3960 1184 4013 τὸ
1239 3961 1378 4014 θεῖον
1435 3967 1799 4035 προτεθεικὼς

227 4043 581 4110 Εὑαγγέλιον,
626 4048 964 4121 ἑκατέρωθεν
992 4053 1139 4120 ἡμᾶς
1170 4053 1437 4123 καθῆσθαι
1468 4062 1764 4128 παρεγγυῶ
1785 4078 1798 4093 ⁸

227 4134 323 4185 καὶ
354 4135 402 4185 εί
431 4136 528 4202 μὲν
561 4136 775 4205 πρῶτος
802 4138 912 4208 ἐγὼ
936 4140 1198 4213 δεξαίμην
1235 4145 1329 4198 τοῦ
1365 4146 1480 4216 βίου
1510 4151 1571 4203 τὸ
1604 4154 1798 4222 πέρας,

228 4223 393 4291 μόνος
420 4226 637 4295 qm“,
668 4221 713 4280 ὧ
749 4230 901 4296 φίλος
924 4271 940 4294 ,
970 4231 1067 4302 τὴν
1090 4233 1189 4303 τῆς
1218 4236 1449 4307 ποίμνης
1481 4221 1799 4311 ἠγεμονίαν.

226 4316 290 4367 Ei
320 4316 379 4368 δὲ
413 4317 477 4369 σὺ
514 4318 777 4390 πρότερος
822 4322 979 4374 τοῦτο
1024 4324 1235 4390 πάθοις,
1275 4328 1386 4395 ἐγὼ
1417 4331 1577 4384 πάλιν
1610 4336 1688 4397 είς
1713 4336 1803 4389 δύ-

226 4426 395 4477 ναμιν
424 4408 533 4462 τῶν
564 4413 849 4481 προϐάτων
879 4416 1303 4486 ὲπιμελήσομαι.
1349 4439 1367 4471 ι
1404 4422 1586 4476 Ταῦτα
1623 4428 1801 4495 ἠπίως

1875 595 1965 647 bat
2020 594 2281 650 Paulinus
2322 614 2383 652 se
2430 598 2648 652 Damasi
2698 599 2934 667 partium
2976 614 3102 655 esse
3136 616 3149 653 :
3189 599 3443 668 idemque

1872 685 2051 756 ipsum
2080 688 2385 743 allirmabat
2442 690 2692 745 morbum
2743 704 2903 743 suum
2939 690 3127 745 celans
3154 689 3442 759 Apollina-

1875 780 2012 832 rius.
2052 777 2122 831 At
2174 779 2391 834 divinus
2426 778 2694 845 Meletius,
2750 780 2964 849 1018
3015 780 3231 835 illorum
3284 796 3445 850 sper-

1876 885 2012 922 nens
2053 872 2498 933 contentionem,
2537 870 2679 923 intra
2718 874 2958 940 quietem
3007 885 3066 926 se
3098 872 3437 927 continebat.

1879 960 2175 1015 Flavianus
2207 976 2337 1015 vero
2371 962 2461 1016 ille
2494 962 2961 1031 sapientissimus,
2993 961 3087 1031 qui
3126 962 3181 1015 in
3218 962 3446 1031 presby-

1880 1061 2119 1106 terorum
2151 1053 2331 1106 adhuc
2367 1069 2595 1109 numero
2625 1052 2973 1115 censebatur,
3013 1053 3192 1122 primo
3225 1052 3446 1120 quidem

1880 1142 1947 1196 ad
1980 1141 2271 1196 Paulinum
2316 1143 2576 1212 magistro
2605 1141 2860 1195 audiente
2914 1142 2994 1196 sic
3041 1151 3127 1196 est
3184 1142 3444 1195 locutus:

1887 1254 1905 1285 ι
1932 1232 1987 1287 Si
2036 1232 2252 1288 Damasi
2289 1233 2727 1287 communionem
2782 1231 3153 1301 amplecteris,
3184 1247 3216 1284 o
3246 1230 3445 1293 amice,

1883 1331 1988 1377 tute
2019 1323 2182 1377 nobis
2223 1332 2276 1375 et
2319 1322 2473 1377 illius
2523 1321 2787 1375 doctrinae
2844 1320 3227 1389 cognationem
3262 1326 3451 1387 aperte

1882 1413 2221 1466 demonstra.
2281 1411 2375 1464 llle
2431 1411 2579 1464 enim
2631 1424 2793 1462 unam
2843 1408 3137 1463 Trinitatis
3183 1408 3451 1462 confitens

1882 1492 2205 1571 essentiam,
2240 1518 2352 1560 tres
2384 1506 2709 1576 liypostases
2746 1502 3037 1558 manifeste
3060 1502 3353 1572 praedicat;
3392 1509 3449 1553 tu

1886 1614 2017 1653 vero
2045 1608 2236 1652 contra
2287 1598 2664 1667 liypostasium
2708 1594 2855 1649 tollis
2902 1594 3219 1647 trinitatem.
3274 1592 3455 1657 Quare

1886 1694 2200 1761 dogmatum
2249 1689 2482 1745 ostende
2528 1688 2907 1750 concordiam,
2953 1696 3010 1741 et
3051 1687 3315 1742 ecclesias
3366 1700 3455 1741 se-

1888 1782 2128 1837 cundum
2160 1783 2330 1850 legem
2363 1796 2611 1851 capesse.
2654 1798 2673 1830 )
2706 1778 2909 1834 Deinde
2969 1794 3093 1833 eum
3122 1792 3185 1833 os
3229 1778 3308 1831 illi
3344 1776 3449 1830 hac

1890 1873 2221 1929 refutatione
2236 1874 2571 1937 obturasset,
2601 1871 2666 1925 ad
2686 1870 3086 1940 Apollinarium
3114 1883 3414 1923 conversus
3437 1886 3452 1922 :

1896 1987 1914 2017 ι
1945 1967 2192 2021 Demiror
2238 1973 2311 2029 te,
2367 1965 2643 2033 inquit,o
2673 1964 2885 2026 amice,
2941 1969 3051 2015 tam
3106 1961 3453 2031 impudenter

1892 2072 2196 2125 repugnare
2226 2054 2467 2120 veritati,
2501 2053 2669 2122 idque
2694 2068 2817 2108 cum
2849 2053 3197 2123 exploratum
3229 2052 3455 2111 habeas,

1893 2148 2207 2211 Damasum,
2232 2146 2528 2217 perfectam
2561 2160 2592 2198 a
2626 2144 2736 2199 Deo
2767 2144 2941 2199 Verbo
2971 2151 3306 2213 assumptam
3337 2158 3461 2197 esse

1892 2247 2146 2293 naturam
2199 2246 2465 2299 nostram,
2532 2236 2821 2305 profiteri;
2882 2245 2938 2289 tu
2977 2250 3110 2290 vero
3174 2235 3460 2290 contraria

1891 2332 2091 2386 docere
2118 2345 2225 2383 non
2254 2330 2485 2383 desinis.
2520 2328 2755 2381 Mentem
2806 2328 3010 2398 quippe
3045 2339 3292 2382 nostram
3320 2332 3337 2350 ‘
3368 2343 3459 2383 sa-

1894 2420 2024 2475 lutis
2052 2428 2329 2473 exsortem
2365 2418 2523 2473 facis.
2551 2418 2708 2483 Quod
2739 2418 2783 2471 si
2815 2418 2928 2472 lizec
2961 2419 3246 2471 accusatio
3273 2427 3461 2473 nostra

1895 2511 2029 2566 falsa
2061 2521 2167 2573 est,
2197 2512 2282 2565 vel
2312 2526 2459 2565 nunc
2487 2512 2680 2565 saltem
2724 2511 3009 2579 probatam
3066 2511 3166 2566 abs
3221 2522 3271 2565 te
3302 2510 3462 2563 novi-

1894 2612 2061 2658 tatem
2113 2604 2300 2672 ejura,
2357 2612 2413 2657 et
2468 2602 2687 2657 Damasi
2744 2601 3053 2655 doctrinam
3109 2603 3462 2670 amplectere,

1896 2705 2009 2748 tum
2041 2694 2262 2748 divinas
2295 2692 2438 2749 atdes
2472 2693 2677 2748 obtine.
2705 2712 2722 2743 ι
2771 2691 2863 2745 Sic
2917 2693 3084 2762 igitur
3119 2693 3465 2761 sapientissi-

1896 2803 2018 2842 mus
2049 2786 2343 2841 Flaviauus
2375 2785 2681 2840 verissimis
2715 2784 3028 2839 rationibus
3064 2785 3281 2837 illorum
3313 2799 3464 2838 com-

1897 2878 2101 2948 pressit
2137 2876 2456 2940 audaciam;
2502 2876 2750 2931 Meletius
2781 2890 2930 2937 vero,
2982 2875 3294 2928 mortalium
3342 2890 3465 2929 om-

1895 2970 2049 3023 nium
2085 2968 2440 3030 mitissimus,
2482 2976 2729 3021 amanter
2760 2975 2814 3021 ct
2851 2967 3082 3035 benigne
3126 2966 3466 3035 compellans

1897 3060 2239 3113 Paulinum:
2291 3058 2647 3123 «Quoniam,
2708 3058 2919 3126 inquit,
2978 3064 3031 3112 et
3088 3056 3219 3110 mihi
3278 3057 3466 3110 ovium

1899 3150 2131 3204 istarum
2160 3164 2349 3202 curam
2382 3149 2647 3202 Dominus
2676 3147 2975 3210 commisit,
3001 3155 3055 3200 et
3086 3155 3145 3200 tu
3177 3147 3313 3199 alias
3336 3160 3468 3199 oves

1902 3243 2181 3296 curandas
2234 3240 2549 3309 suscepisti,
2597 3254 2838 3307 ovesque
2887 3239 3029 3292 inter
3073 3252 3133 3292 se
3187 3236 3471 3305 religionis

1902 3332 2289 3387 communione
2319 3330 2694 3391 consentiunt,
2731 3340 2924 3395 greges
2974 3334 3228 3389 nostros,
3270 3323 3468 3386 amice,

1901 3423 2342 3492 coujuugamus,
2406 3426 2461 3471 et
2521 3417 2930 3471 contentionem
2999 3415 3067 3469 de
3141 3413 3469 3483 praefectura

1901 3516 2223 3570 dirimamus
2244 3552 2258 3575 ,
2290 3509 2503 3579 1019
2528 3522 2767 3577 ovesque
2805 3507 2860 3560 in
2891 3520 3186 3560 commune
3242 3518 3472 3573 pascen-

1906 3617 2010 3669 tes,
2041 3618 2387 3660 communem
2420 3602 2530 3656 illis
2555 3616 2741 3655 curam
2790 3599 3197 3668 impendamus.
3234 3596 3389 3662 Quod
3424 3595 3472 3650 si

1902 3701 1967 3752 de
2006 3697 2180 3749 media
2224 3695 2349 3749 sede
2387 3702 2472 3749 est
2524 3692 2923 3753 controversia,
2960 3704 3063 3759 ego
3112 3689 3254 3743 hanc
3300 3688 3472 3742 etiam

1901 3789 2148 3844 conabor
2188 3800 2489 3841 removere.
2544 3783 2783 3838 Ponatur
2835 3782 2981 3836 enim
3035 3781 3090 3835 in
3121 3795 3221 3844 ea,
3250 3793 3471 3848 quarso,

1903 3892 2125 3935 sacrum
2166 3877 2546 3946 Evangelium,
2578 3884 2634 3929 et
2671 3889 2735 3928 ex
2766 3882 2998 3942 utraque
3040 3878 3197 3940 parte
3242 3883 3345 3922 nos
3389 3881 3475 3921 se-

1902 3972 2130 4027 deamus
2162 3989 2174 4023 :
2201 3979 2257 4025 et
2280 3969 2329 4023 si
2353 3967 2572 4037 quidem
2616 3966 2768 4036 prior
2792 3979 2895 4035 ego
2926 3979 2955 4018 e
3002 3963 3109 4017 vita
3156 3972 3473 4022 excessero,

1903 4073 1959 4119 tu
2016 4064 2191 4123 solus.
2248 4061 2447 4123 amice,
2500 4072 2720 4128 gregem
2761 4072 2918 4125 reges
2956 4073 2970 4109 :
3004 4056 3091 4109 sin
3145 4061 3327 4106 autem
3372 4049 3476 4103 tibi

1904 4158 2056 4227 prius
2083 4155 2136 4209 id
2164 4153 2487 4223 contigerit,
2519 4165 2622 4220 ego
2656 4164 2852 4202 rursus
2894 4147 3075 4200 ovium
3117 4159 3216 4214 pro
3259 4142 3475 4197 viribus

1903 4262 2092 4303 curam
2133 4259 2344 4314 geram.
2374 4262 2392 4295 ι
2420 4243 2551 4307 Quae
2604 4256 2730 4295 cum
2787 4239 3020 4308 benigne
3060 4243 3416 4305 amanterque
3443 4248 3476 4287 a

1903 4341 2095 4396 divino
2122 4337 2348 4393 Meletio
2381 4334 2790 4405 proferrentur,
2832 4330 3097 4385 Paulinus
3139 4338 3321 4383 tamen
3363 4341 3477 4380 non

1905 4431 2203 4502 acquievit.
2241 4428 2428 4497 Itaque
2464 4424 2725 4493 magister
2766 4422 3020 4483 militum,
3051 4434 3112 4473 re
3148 4416 3474 4488 diiudicata,

230 4499 333 4602 μὲν
355 4499 478 4602 ipa
502 4502 597 4602 καίἰ
626 4504 961 4602 φιλοφρόνως
987 4508 1014 4559 6
1046 4507 1186 4571 θεῖος
1215 4504 1334 4561 εἷπε
1359 4512 1618 4579 Μελέτιος
1646 4536 1658 4549 ο
1687 4523 1715 4573 6
1744 4524 1800 4578 δὲ
1836 4547 1877 4602 D

1790 4542 1800 4578 ι
1836 4547 1877 4602 ι)
1907 4499 2169 4581 ecclesias
2203 4534 2401 4589 magno
2426 4516 2641 4570 Meletio
2668 4513 2898 4567 tradidit
2933 4530 2943 4565 :
2972 4509 3234 4563 Paulinus
3275 4515 3456 4560 autem

230 4588 498 4653 Παυλῖνος
544 4593 644 4643 οὐκ
690 4592 958 4666 ἔστερξεν.
1021 4597 1079 4649 '0
1124 4599 1181 4651 δὲ
1229 4603 1562 4673 στρατηγὸς,
1607 4614 1799 4683 κριτὴς

1913 4621 2322 4687 segregatarum
2349 4609 2460 4677 jam
2492 4608 2622 4660 olim
2662 4605 2846 4659 ovium
2889 4603 3117 4655 antistes
3152 4598 3476 4670 permansit.

381 4684 688 4777 “mpm”
717 4688 1003 4757 γενόμενος
1024 4730 1037 4753 ν
1074 4690 1152 4759 τῷ
1187 4694 1405 4764 μεγάλῳ
1436 4697 1681 4771 Μελετίῳ
1707 4682 1806 4770 τάς
1864 4682 2165 4777 ἐκκλησίας
2202 4702 2513 4772 παρέδωκεν
2534 4714 2548 4729 ·
2582 4700 2610 4749 6
2650 4697 2706 4748 δὲ
2752 4694 3013 4757 Παυλῖνος
3070 4692 3305 4762 διέμεινε
3370 4688 3478 4742 τῶν

230 4775 288 4839 ἐξ
318 4776 495 4845 ἀρχῆς
518 4777 921 4847 ἀποκριθέντων
954 4782 1244 4851 προϐάτων
1279 4785 1597 4855 ἡγούμενος.

845 4874 1092 4929 ΚΕΦΑΛ.
1130 4881 1200 4932 Δ’.

303 4963 347 4994 ⁵⁸
365 4963 504 5029 Περὶ
528 4966 822 5020 Ecce-660v
853 4968 959 5021 τοῦ
983 4970 1320 5025 ἐπισκόπου
1350 4976 1731 5042 Σαμοσάτων.

313 5054 689 5123 Ἀπολινάριος
736 5055 791 5108 δὲ
845 5058 941 5127 τῆς
992 5060 1099 5112 τῶν
1138 5061 1469 5133 Ἐκκλησιῶν
1511 5068 1808 5136 ἡγεμονίας

230 5146 571 5216 διαμαρτὼν,
611 5147 904 5219 διαρρήδην
937 5150 1122 5204 λοιπὸν
1171 5154 1269 5223 τὴν
1324 5159 1807 5230 καινοτομηθεῖσαν

233 5238 585 5293 διδασκαλίαν
610 5243 894 5311 ἐκήρυττε,
940 5246 1034 5297 καὶ
1062 5244 1161 5314 τῆς
1189 5247 1450 5316 αἱρέσεως
1480 5251 1669 5303 ἑαυτὸν
1700 5254 1806 5305 άπ-

233 5328 433 5396 έφηνεν
486 5330 748 5399 ἀρχηγόν.
805 5331 912 5384 Καὶ
965 5332 1125 5396 αὐτὸς
1162 5334 1260 5403 μέν
1311 5336 1367 5387 ἐν
1422 5337 1708 5409 Λαοδικείᾳ
1741 5340 1809 5392 τὰ

2190 4884 2345 4939 CAP.
2396 4883 2480 4937 IV.
2526 4880 2606 4951 [Β.
2648 4880 2729 4932 St.
2767 4879 2825 4932 V.
2860 4876 2959 4930 Ch.
2994 4878 3047 4931 4.
3083 4875 3196 4946 85.]

2190 4971 2266 5024 De
2292 4969 2518 5023 Eusebio
2541 4969 2778 5034 episcopo
2814 4965 3198 5019 Samosatensi.

1981 5060 2361 5132 Apollinarius
2402 5074 2533 5114 vero
2579 5060 2647 5112 ab
2678 5056 3049 5111 Ecclesiarum
3083 5057 3481 5126 gubernatione

1910 5156 2183 5225 repulsus,
2224 5160 2412 5222 aperte
2443 5151 2703 5217 deinceps
2736 5163 2931 5201 novam
2984 5162 3140 5201 suam
3172 5148 3480 5203 doctrinam

1915 5246 2231 5312 prredicare,
2267 5243 2575 5310 ducemque
2608 5256 2666 5292 se
2699 5240 2878 5305 ipsum
2911 5237 3180 5293 haereseos
3216 5238 3479 5306 profiteri.

1916 5336 2230 5390 Morabatur
2258 5336 2302 5389 is
2329 5331 2572 5403 quidem,
2599 5339 2659 5383 ut
2682 5330 2999 5399 plurimum,
3027 5328 3338 5396 Laodiceae;
3366 5328 3480 5384 An-

1507 5453 1737 5509 VARIJS
1781 5454 2178 5510 LECTIONES.

234 5607 284 5640 n
303 5540 349 5622 ξι
384 5539 703 5640 εξὲέϐεξινὸ
723 5541 995 5640 Ξέθρίι..2.
1025 5544 1111 5640 Ap,
1138 5547 1548 5640 resgribendum
1593 5552 2001 5640 συμφωνίαν,οι
2027 5548 2446 5640 sequentibus?
2488 5547 2533 5577 “
2560 5545 2965 5640 φέλιὺςιης.ῐξξίηἰ
3000 5546 3138 5640 lilielr
3163 5555 3214 5640 et
3236 5539 3474 5624 .Nicepli.

306 5610 532 5691 άναίδην
557 5614 622 5680 τῇ
647 5610 1035 5691 άληθείαῃμαχ.
1075 5614 1196 5691 Das.
1230 5615 1399 5673 (ἶπες.
1434 5629 1496 5691 ιιι
1514 5610 1729 5691 διθριί.’
1778 5623 1824 5653 ⁸³
1848 5623 2065 5691 σχήσεις
2095 5610 2295 5675 Ιὶυὺοιιι
2320 5617 2554 5680 Christ.,
2573 5610 2805 5691 'Scalact
2831 5614 2951 5691 Pitli
2976 5616 3173 5691 codd,
3198 5610 3476 5691 lucetium

234 5673 281 5731 ὦ
310 5673 573 5748 φιλόπῖης.

236 5749 292 5801 δὲ
344 5750 518 5820 μέγας
559 5750 838 5816 Εὐσέϐιος,
866 5762 997 5821 clt‘.,
1024 5756 1167 5824 quod
1203 5756 1290 5811 illc
1325 5760 1536 5826 probat.

671 5668 809 5758 '_‘_'ln
840 5668 956 5737 Piiii
982 5668 1212 5758 "codice!
1245 5695 1424 5758 tamen
1463 5668 1707 5749 γαιρεῖιὲ
1753 5668 2801 5758 ιιαηῖἶι“’ἶίἶςὶἱόἕιῖἶῑεᾶἶέέιᾖ]ι’
2829 5668 3245 5741 ἱιιίιξιίυδιίρέίιὶε
3280 5683 3423 5739 illis:
3449 5684 3476 5735 ὁ
