  <div class='ocr_page' id='page_1' title='image "/cluster/home/n/w/nwhite01/storage/ocr_20150623/82/nnc1.0046979700/647.png"; bbox 0 0 4218 6456; ppageno 0'>
   <div class='ocr_carea' id='block_1_1' title="bbox 796 390 928 456">
    <p class='ocr_par' dir='ltr' id='par_1_1' title="bbox 796 390 928 456">
     <span class='ocr_line' id='line_1_1' title="bbox 796 390 928 456; baseline 0.008 -2"><span class='ocrx_word' id='word_1_1' title='bbox 796 390 928 456; x_wconf 78' lang='lat'><strong>1203</strong></span> 
     </span>
    </p>
   </div>
   <div class='ocr_carea' id='block_1_2' title="bbox 1807 399 3070 462">
    <p class='ocr_par' dir='ltr' id='par_1_2' title="bbox 1807 399 3070 462">
     <span class='ocr_line' id='line_1_2' title="bbox 1807 399 3070 462; baseline 0.003 -4"><span class='ocrx_word' id='word_1_2' title='bbox 1807 399 2288 460; x_wconf 67' lang='lat' dir='ltr'><strong>TI’IEODORETI</strong></span> <span class='ocrx_word' id='word_1_3' title='bbox 2329 400 2665 460; x_wconf 87' lang='lat' dir='ltr'><strong>EPISCOPI</strong></span> <span class='ocrx_word' id='word_1_4' title='bbox 2707 402 3070 462; x_wconf 84' lang='lat' dir='ltr'><strong>CYRENSIS</strong></span> 
     </span>
    </p>
   </div>
   <div class='ocr_carea' id='block_1_3' title="bbox 3901 397 4035 461">
    <p class='ocr_par' dir='ltr' id='par_1_3' title="bbox 3901 397 4035 461">
     <span class='ocr_line' id='line_1_3' title="bbox 3901 397 4035 461; baseline 0.015 -2"><span class='ocrx_word' id='word_1_5' title='bbox 3901 397 4035 461; x_wconf 69' lang='grc'><strong>1204</strong></span> 
     </span>
    </p>
   </div>
   <div class='ocr_carea' id='block_1_4' title="bbox 791 504 2400 583">
    <p class='ocr_par' dir='ltr' id='par_1_4' title="bbox 791 504 2400 575">
     <span class='ocr_line' id='line_1_4' title="bbox 791 504 2400 575; baseline 0.011 -21"><span class='ocrx_word' id='word_1_6' title='bbox 791 504 1012 559; x_wconf 71' lang='lat' dir='ltr'><strong>tioehize</strong></span> <span class='ocrx_word' id='word_1_7' title='bbox 1045 512 1223 559; x_wconf 83' lang='lat' dir='ltr'><strong>tamen</strong></span> <span class='ocrx_word' id='word_1_8' title='bbox 1259 505 1372 573; x_wconf 89' lang='lat' dir='ltr'><strong>jam</strong></span> <span class='ocrx_word' id='word_1_9' title='bbox 1426 512 1583 561; x_wconf 90' lang='lat' dir='ltr'><strong>antea</strong></span> <span class='ocrx_word' id='word_1_10' title='bbox 1624 508 1907 564; x_wconf 90' lang='lat' dir='ltr'><strong>ordinarat</strong></span> <span class='ocrx_word' id='word_1_11' title='bbox 1943 510 2193 575; x_wconf 88' lang='lat' dir='ltr'><strong>Vitalcm,</strong></span> <span class='ocrx_word' id='word_1_12' title='bbox 2235 514 2357 567; x_wconf 64' lang='lat' dir='ltr'><strong>vita:</strong></span> <span class='ocrx_word' id='word_1_13' title='bbox 2388 538 2400 572; x_wconf 69' lang='grc' dir='ltr'><strong>ι</strong></span> 
     </span>
    </p>
   </div>
   <div class='ocr_carea' id='block_1_5' title="bbox 2460 504 4037 583">
    <p class='ocr_par' dir='ltr' id='par_1_5' title="bbox 2462 508 4037 583">
     <span class='ocr_line' id='line_1_5' title="bbox 2462 508 4037 583; baseline -0.004 -20"><span class='ocrx_word' id='word_1_14' title='bbox 2462 511 2685 563; x_wconf 87' lang='grc' dir='ltr'>πλεῖστα</span> <span class='ocrx_word' id='word_1_15' title='bbox 2733 512 2997 583; x_wconf 88' lang='grc' dir='ltr'>διέτριϐεν</span> <span class='ocrx_word' id='word_1_16' title='bbox 3029 530 3041 542; x_wconf 69' lang='grc' dir='ltr'><strong>ε</strong></span> <span class='ocrx_word' id='word_1_17' title='bbox 3079 514 3134 564; x_wconf 81' lang='grc' dir='ltr'><strong>ὲν</strong></span> <span class='ocrx_word' id='word_1_18' title='bbox 3175 508 3471 580; x_wconf 72' lang='grc' dir='ltr'><strong>Ἀντιοχείᾳ</strong></span> <span class='ocrx_word' id='word_1_19' title='bbox 3522 508 3578 561; x_wconf 74' lang='grc' dir='ltr'>δὲ</span> <span class='ocrx_word' id='word_1_20' title='bbox 3618 509 3719 578; x_wconf 74' lang='grc' dir='ltr'><strong>ήδη</strong></span> <span class='ocrx_word' id='word_1_21' title='bbox 3771 508 4037 577; x_wconf 74' lang='grc' dir='ltr'>πρότερον</span> 
     </span>
    </p>
   </div>
   <div class='ocr_carea' id='block_1_6' title="bbox 792 596 2359 671">
    <p class='ocr_par' dir='ltr' id='par_1_6' title="bbox 792 596 2359 671">
     <span class='ocr_line' id='line_1_6' title="bbox 792 596 2359 671; baseline 0.004 -22"><span class='ocrx_word' id='word_1_22' title='bbox 792 608 927 650; x_wconf 86' lang='lat' dir='ltr'><strong>sane</strong></span> <span class='ocrx_word' id='word_1_23' title='bbox 960 596 1250 651; x_wconf 86' lang='lat' dir='ltr'><strong>honestate</strong></span> <span class='ocrx_word' id='word_1_24' title='bbox 1282 596 1572 667; x_wconf 77' lang='lat' dir='ltr'><strong>insignem,</strong></span> <span class='ocrx_word' id='word_1_25' title='bbox 1619 600 2048 669; x_wconf 88' lang='lat' dir='ltr'><strong>apostolicisque</strong></span> <span class='ocrx_word' id='word_1_26' title='bbox 2090 600 2359 671; x_wconf 82' lang='lat' dir='ltr'><strong>dogmati-</strong></span> 
     </span>
    </p>
   </div>
   <div class='ocr_carea' id='block_1_7' title="bbox 791 683 2354 760">
    <p class='ocr_par' dir='ltr' id='par_1_7' title="bbox 791 683 2354 760">
     <span class='ocr_line' id='line_1_7' title="bbox 791 683 2354 760; baseline 0.004 -22"><span class='ocrx_word' id='word_1_27' title='bbox 791 683 896 739; x_wconf 85' lang='lat' dir='ltr'><strong>bus</strong></span> <span class='ocrx_word' id='word_1_28' title='bbox 918 685 1266 750; x_wconf 80' lang='lat' dir='ltr'><strong>innutritum,</strong></span> <span class='ocrx_word' id='word_1_29' title='bbox 1284 684 1381 741; x_wconf 85' lang='lat' dir='ltr'><strong>sed</strong></span> <span class='ocrx_word' id='word_1_30' title='bbox 1402 688 1610 743; x_wconf 87' lang='lat' dir='ltr'><strong>erroris</strong></span> <span class='ocrx_word' id='word_1_31' title='bbox 1634 698 1817 758; x_wconf 87' lang='lat' dir='ltr'><strong>postea</strong></span> <span class='ocrx_word' id='word_1_32' title='bbox 1844 690 1964 745; x_wconf 87' lang='lat' dir='ltr'><strong>labe</strong></span> <span class='ocrx_word' id='word_1_33' title='bbox 1988 691 2354 760; x_wconf 89' lang='lat' dir='ltr'><strong>inquinatmn.</strong></span> 
     </span>
    </p>
   </div>
   <div class='ocr_carea' id='block_1_8' title="bbox 793 772 2359 849">
    <p class='ocr_par' dir='ltr' id='par_1_8' title="bbox 793 772 2359 849">
     <span class='ocr_line' id='line_1_8' title="bbox 793 772 2359 849; baseline 0.006 -24"><span class='ocrx_word' id='word_1_34' title='bbox 793 772 1017 829; x_wconf 87' lang='lat' dir='ltr'><strong>Divinus</strong></span> <span class='ocrx_word' id='word_1_35' title='bbox 1070 784 1249 830; x_wconf 90' lang='lat' dir='ltr'><strong>autem</strong></span> <span class='ocrx_word' id='word_1_36' title='bbox 1296 774 1549 833; x_wconf 85' lang='lat' dir='ltr'><strong>Meletius</strong></span> <span class='ocrx_word' id='word_1_37' title='bbox 1582 778 1876 833; x_wconf 90' lang='lat' dir='ltr'><strong>Diodorum</strong></span> <span class='ocrx_word' id='word_1_38' title='bbox 1911 780 2084 843; x_wconf 87' lang='lat' dir='ltr'><strong>illtun,</strong></span> <span class='ocrx_word' id='word_1_39' title='bbox 2131 780 2290 849; x_wconf 92' lang='lat' dir='ltr'><strong>cujns</strong></span> <span class='ocrx_word' id='word_1_40' title='bbox 2329 795 2359 834; x_wconf 88' lang='lat' dir='ltr'><strong>a</strong></span> 
     </span>
    </p>
   </div>
   <div class='ocr_carea' id='block_1_9' title="bbox 793 862 2357 937">
    <p class='ocr_par' dir='ltr' id='par_1_9' title="bbox 793 862 2357 937">
     <span class='ocr_line' id='line_1_9' title="bbox 793 862 2357 937; baseline 0.008 -23"><span class='ocrx_word' id='word_1_41' title='bbox 793 877 880 917; x_wconf 89' lang='lat' dir='ltr'><strong>me</strong></span> <span class='ocrx_word' id='word_1_42' title='bbox 912 862 1029 931; x_wconf 88' lang='lat' dir='ltr'><strong>jam</strong></span> <span class='ocrx_word' id='word_1_43' title='bbox 1058 863 1200 920; x_wconf 89' lang='lat' dir='ltr'><strong>facta</strong></span> <span class='ocrx_word' id='word_1_44' title='bbox 1231 875 1318 922; x_wconf 88' lang='lat' dir='ltr'><strong>est</strong></span> <span class='ocrx_word' id='word_1_45' title='bbox 1364 868 1592 935; x_wconf 88' lang='lat' dir='ltr'><strong>mentio,</strong></span> <span class='ocrx_word' id='word_1_46' title='bbox 1638 870 1733 937; x_wconf 91' lang='lat' dir='ltr'><strong>qui</strong></span> <span class='ocrx_word' id='word_1_47' title='bbox 1782 886 1973 925; x_wconf 87' lang='lat' dir='ltr'><strong>navem</strong></span> <span class='ocrx_word' id='word_1_48' title='bbox 2010 871 2268 925; x_wconf 75' lang='lat' dir='ltr'><strong>Ecclesize</strong></span> <span class='ocrx_word' id='word_1_49' title='bbox 2308 874 2357 926; x_wconf 91' lang='lat' dir='ltr'><strong>in</strong></span> 
     </span>
    </p>
   </div>
   <div class='ocr_carea' id='block_1_10' title="bbox 794 957 2359 1028">
    <p class='ocr_par' dir='ltr' id='par_1_10' title="bbox 794 957 2359 1028">
     <span class='ocr_line' id='line_1_10' title="bbox 794 957 2359 1028; baseline 0.008 -22"><span class='ocrx_word' id='word_1_50' title='bbox 794 957 1122 1021; x_wconf 80' lang='lat' dir='ltr'><strong>gravissima</strong></span> <span class='ocrx_word' id='word_1_51' title='bbox 1174 964 1495 1027; x_wconf 82' lang='lat' dir='ltr'><strong>tempestate</strong></span> <span class='ocrx_word' id='word_1_52' title='bbox 1533 960 1863 1016; x_wconf 89' lang='lat' dir='ltr'><strong>incolumem</strong></span> <span class='ocrx_word' id='word_1_53' title='bbox 1898 970 2164 1028; x_wconf 84' lang='lat' dir='ltr'><strong>servarat,</strong></span> <span class='ocrx_word' id='word_1_54' title='bbox 2201 962 2359 1018; x_wconf 89' lang='lat' dir='ltr'><strong>Tarsi</strong></span> 
     </span>
    </p>
   </div>
   <div class='ocr_carea' id='block_1_11' title="bbox 792 1047 2361 1124">
    <p class='ocr_par' dir='ltr' id='par_1_11' title="bbox 792 1047 2361 1124">
     <span class='ocr_line' id='line_1_11' title="bbox 792 1047 2361 1124; baseline 0.007 -26"><span class='ocrx_word' id='word_1_55' title='bbox 792 1052 1067 1113; x_wconf 86' lang='lat' dir='ltr'><strong>pastorem</strong></span> <span class='ocrx_word' id='word_1_56' title='bbox 1101 1047 1432 1117; x_wconf 80' lang='lat' dir='ltr'><strong>designavit,</strong></span> <span class='ocrx_word' id='word_1_57' title='bbox 1456 1049 1796 1122; x_wconf 91' lang='lat' dir='ltr'><strong>Cilicumque</strong></span> <span class='ocrx_word' id='word_1_58' title='bbox 1821 1063 2036 1124; x_wconf 90' lang='lat' dir='ltr'><strong>gentem</strong></span> <span class='ocrx_word' id='word_1_59' title='bbox 2071 1054 2191 1123; x_wconf 88' lang='lat' dir='ltr'><strong>ejus</strong></span> <span class='ocrx_word' id='word_1_60' title='bbox 2214 1071 2361 1109; x_wconf 74' lang='lat' dir='ltr'><strong>cura:</strong></span> 
     </span>
    </p>
   </div>
   <div class='ocr_carea' id='block_1_12' title="bbox 791 1136 2359 1213">
    <p class='ocr_par' dir='ltr' id='par_1_12' title="bbox 791 1136 2359 1213">
     <span class='ocr_line' id='line_1_12' title="bbox 791 1136 2359 1213; baseline 0.007 -25"><span class='ocrx_word' id='word_1_61' title='bbox 791 1136 1092 1192; x_wconf 89' lang='lat' dir='ltr'><strong>commisit.</strong></span> <span class='ocrx_word' id='word_1_62' title='bbox 1166 1140 1416 1207; x_wconf 76' lang='lat' dir='ltr'><strong>Apameae</strong></span> <span class='ocrx_word' id='word_1_63' title='bbox 1494 1156 1624 1196; x_wconf 89' lang='lat' dir='ltr'><strong>vero</strong></span> <span class='ocrx_word' id='word_1_64' title='bbox 1698 1144 2015 1213; x_wconf 88' lang='lat' dir='ltr'><strong>episcopum</strong></span> <span class='ocrx_word' id='word_1_65' title='bbox 2073 1152 2091 1167; x_wconf 89' lang='lat'><strong>&#39;</strong></span> <span class='ocrx_word' id='word_1_66' title='bbox 2155 1146 2359 1199; x_wconf 86' lang='lat' dir='ltr'><strong>creavit</strong></span> 
     </span>
    </p>
   </div>
   <div class='ocr_carea' id='block_1_13' title="bbox 796 1226 2400 1303">
    <p class='ocr_par' dir='ltr' id='par_1_13' title="bbox 796 1226 2400 1303">
     <span class='ocr_line' id='line_1_13' title="bbox 796 1226 2400 1303; baseline 0.002 -18"><span class='ocrx_word' id='word_1_67' title='bbox 796 1226 1012 1296; x_wconf 81' lang='lat'><strong>1020</strong></span> <span class='ocrx_word' id='word_1_68' title='bbox 1058 1227 1345 1296; x_wconf 78' lang='lat' dir='ltr'><strong>Joannem,</strong></span> <span class='ocrx_word' id='word_1_69' title='bbox 1381 1231 1530 1288; x_wconf 91' lang='lat' dir='ltr'><strong>claro</strong></span> <span class='ocrx_word' id='word_1_70' title='bbox 1563 1233 1785 1301; x_wconf 79' lang='lat' dir='ltr'><strong>quidem</strong></span> <span class='ocrx_word' id='word_1_71' title='bbox 1837 1235 1988 1288; x_wconf 82' lang='lat' dir='ltr'><strong>illum</strong></span> <span class='ocrx_word' id='word_1_72' title='bbox 2023 1249 2221 1303; x_wconf 89' lang='lat' dir='ltr'><strong>genere</strong></span> <span class='ocrx_word' id='word_1_73' title='bbox 2267 1251 2359 1289; x_wconf 89' lang='lat' dir='ltr'><strong>or-</strong></span> <span class='ocrx_word' id='word_1_74' title='bbox 2397 1259 2400 1262; x_wconf 57' lang='grc' dir='ltr'><strong>η</strong></span> 
     </span>
    </p>
   </div>
   <div class='ocr_carea' id='block_1_14' title="bbox 791 1318 2358 1394">
    <p class='ocr_par' dir='ltr' id='par_1_14' title="bbox 791 1318 2358 1394">
     <span class='ocr_line' id='line_1_14' title="bbox 791 1318 2358 1394; baseline 0.008 -26"><span class='ocrx_word' id='word_1_75' title='bbox 791 1324 930 1382; x_wconf 87' lang='lat' dir='ltr'><strong>tum,</strong></span> <span class='ocrx_word' id='word_1_76' title='bbox 978 1318 1075 1373; x_wconf 90' lang='lat' dir='ltr'><strong>sed</strong></span> <span class='ocrx_word' id='word_1_77' title='bbox 1132 1335 1231 1375; x_wconf 89' lang='lat' dir='ltr'><strong>sua</strong></span> <span class='ocrx_word' id='word_1_78' title='bbox 1287 1323 1461 1393; x_wconf 89' lang='lat' dir='ltr'><strong>magis</strong></span> <span class='ocrx_word' id='word_1_79' title='bbox 1518 1339 1684 1394; x_wconf 90' lang='lat' dir='ltr'><strong>quam</strong></span> <span class='ocrx_word' id='word_1_80' title='bbox 1735 1325 2003 1394; x_wconf 86' lang='lat' dir='ltr'><strong>majorum</strong></span> <span class='ocrx_word' id='word_1_81' title='bbox 2051 1328 2252 1382; x_wconf 89' lang='lat' dir='ltr'><strong>virtute</strong></span> <span class='ocrx_word' id='word_1_82' title='bbox 2288 1328 2358 1381; x_wconf 85' lang='lat' dir='ltr'><strong>il-</strong></span> 
     </span>
    </p>
   </div>
   <div class='ocr_carea' id='block_1_15' title="bbox 794 1407 2360 1484">
    <p class='ocr_par' dir='ltr' id='par_1_15' title="bbox 794 1407 2360 1484">
     <span class='ocr_line' id='line_1_15' title="bbox 794 1407 2360 1484; baseline 0.009 -26"><span class='ocrx_word' id='word_1_83' title='bbox 794 1407 1045 1463; x_wconf 86' lang='lat' dir='ltr'><strong>lustrem.</strong></span> <span class='ocrx_word' id='word_1_84' title='bbox 1077 1408 1348 1467; x_wconf 61' lang='lat' dir='ltr'><strong>Doctrina</strong></span> <span class='ocrx_word' id='word_1_85' title='bbox 1382 1414 1528 1468; x_wconf 90' lang='lat' dir='ltr'><strong>enim</strong></span> <span class='ocrx_word' id='word_1_86' title='bbox 1562 1416 1762 1484; x_wconf 88' lang='lat' dir='ltr'><strong>pariter</strong></span> <span class='ocrx_word' id='word_1_87' title='bbox 1786 1424 1840 1470; x_wconf 87' lang='lat' dir='ltr'><strong>et</strong></span> <span class='ocrx_word' id='word_1_88' title='bbox 1866 1417 1990 1471; x_wconf 69' lang='lat' dir='ltr'><strong>vitae</strong></span> <span class='ocrx_word' id='word_1_89' title='bbox 2022 1417 2360 1472; x_wconf 86' lang='lat' dir='ltr'><strong>ornamentis</strong></span> 
     </span>
    </p>
   </div>
   <div class='ocr_carea' id='block_1_16' title="bbox 791 1499 2359 1575">
    <p class='ocr_par' dir='ltr' id='par_1_16' title="bbox 791 1499 2359 1575">
     <span class='ocr_line' id='line_1_16' title="bbox 791 1499 2359 1575; baseline 0.008 -24"><span class='ocrx_word' id='word_1_90' title='bbox 791 1499 1009 1554; x_wconf 77' lang='lat' dir='ltr'><strong>enituit.</strong></span> <span class='ocrx_word' id='word_1_91' title='bbox 1065 1500 1167 1556; x_wconf 82' lang='lat' dir='ltr'><strong>llic</strong></span> <span class='ocrx_word' id='word_1_92' title='bbox 1212 1510 1457 1574; x_wconf 87' lang='lat' dir='ltr'><strong>tempore</strong></span> <span class='ocrx_word' id='word_1_93' title='bbox 1501 1507 1847 1575; x_wconf 89' lang='lat' dir='ltr'><strong>tempestatis</strong></span> <span class='ocrx_word' id='word_1_94' title='bbox 1896 1508 2359 1563; x_wconf 83' lang='lat' dir='ltr'><strong>consentientium</strong></span> 
     </span>
    </p>
   </div>
   <div class='ocr_carea' id='block_1_17' title="bbox 792 1592 2359 1667">
    <p class='ocr_par' dir='ltr' id='par_1_17' title="bbox 792 1592 2359 1667">
     <span class='ocr_line' id='line_1_17' title="bbox 792 1592 2359 1667; baseline 0.008 -25"><span class='ocrx_word' id='word_1_95' title='bbox 792 1604 981 1644; x_wconf 86' lang='lat' dir='ltr'><strong>secum</strong></span> <span class='ocrx_word' id='word_1_96' title='bbox 1021 1592 1076 1647; x_wconf 93' lang='lat' dir='ltr'><strong>in</strong></span> <span class='ocrx_word' id='word_1_97' title='bbox 1130 1593 1234 1649; x_wconf 81' lang='lat' dir='ltr'><strong>fide</strong></span> <span class='ocrx_word' id='word_1_98' title='bbox 1280 1606 1607 1650; x_wconf 89' lang='lat' dir='ltr'><strong>conventum</strong></span> <span class='ocrx_word' id='word_1_99' title='bbox 1659 1598 2006 1667; x_wconf 78' lang='lat' dir='ltr'><strong>gubernavit,</strong></span> <span class='ocrx_word' id='word_1_100' title='bbox 2052 1598 2359 1667; x_wconf 89' lang='lat' dir='ltr'><strong>adjutorem</strong></span> 
     </span>
    </p>
   </div>
   <div class='ocr_carea' id='block_1_18' title="bbox 793 1681 2357 1761">
    <p class='ocr_par' dir='ltr' id='par_1_18' title="bbox 793 1681 2357 1761">
     <span class='ocr_line' id='line_1_18' title="bbox 793 1681 2357 1761; baseline 0.008 -26"><span class='ocrx_word' id='word_1_101' title='bbox 793 1681 1001 1738; x_wconf 86' lang='lat' dir='ltr'><strong>habens</strong></span> <span class='ocrx_word' id='word_1_102' title='bbox 1042 1684 1366 1741; x_wconf 88' lang='lat' dir='ltr'><strong>laudabilem</strong></span> <span class='ocrx_word' id='word_1_103' title='bbox 1404 1687 1767 1756; x_wconf 87' lang='lat' dir='ltr'><strong>Stephanum,</strong></span> <span class='ocrx_word' id='word_1_104' title='bbox 1810 1706 1968 1758; x_wconf 83' lang='lat' dir='ltr'><strong>quem</strong></span> <span class='ocrx_word' id='word_1_105' title='bbox 2005 1691 2183 1760; x_wconf 91' lang='lat' dir='ltr'><strong>ipsum</strong></span> <span class='ocrx_word' id='word_1_106' title='bbox 2217 1709 2357 1761; x_wconf 89' lang='lat' dir='ltr'><strong>quo-</strong></span> 
     </span>
    </p>
   </div>
   <div class='ocr_carea' id='block_1_19' title="bbox 791 1776 2355 1841">
    <p class='ocr_par' dir='ltr' id='par_1_19' title="bbox 791 1776 2355 1841">
     <span class='ocr_line' id='line_1_19' title="bbox 791 1776 2355 1841; baseline 0.006 -16"><span class='ocrx_word' id='word_1_107' title='bbox 791 1789 898 1841; x_wconf 91' lang='lat' dir='ltr'><strong>que</strong></span> <span class='ocrx_word' id='word_1_108' title='bbox 922 1776 1143 1831; x_wconf 89' lang='lat' dir='ltr'><strong>divinus</strong></span> <span class='ocrx_word' id='word_1_109' title='bbox 1182 1777 1427 1833; x_wconf 81' lang='lat' dir='ltr'><strong>Meletius</strong></span> <span class='ocrx_word' id='word_1_110' title='bbox 1459 1779 1525 1831; x_wconf 88' lang='lat' dir='ltr'><strong>ad</strong></span> <span class='ocrx_word' id='word_1_111' title='bbox 1574 1780 1678 1835; x_wconf 92' lang='lat' dir='ltr'><strong>alia</strong></span> <span class='ocrx_word' id='word_1_112' title='bbox 1709 1782 2010 1835; x_wconf 89' lang='lat' dir='ltr'><strong>certamina</strong></span> <span class='ocrx_word' id='word_1_113' title='bbox 2043 1783 2355 1837; x_wconf 79' lang='lat' dir='ltr'><strong>destinavit.</strong></span> 
     </span>
    </p>
   </div>
   <div class='ocr_carea' id='block_1_20' title="bbox 2461 598 4040 674">
    <p class='ocr_par' dir='ltr' id='par_1_20' title="bbox 2461 598 4040 674">
     <span class='ocr_line' id='line_1_20' title="bbox 2461 598 4040 674; baseline -0.004 -20"><span class='ocrx_word' id='word_1_114' title='bbox 2461 605 2927 674; x_wconf 84' lang='grc' dir='ltr'>ἐκεχειροτονήκει</span> <span class='ocrx_word' id='word_1_115' title='bbox 2982 603 3247 667; x_wconf 86' lang='grc' dir='ltr'>Βιτάλιον,</span> <span class='ocrx_word' id='word_1_116' title='bbox 3277 603 3376 673; x_wconf 86' lang='grc' dir='ltr'><strong>βίῳ</strong></span> <span class='ocrx_word' id='word_1_117' title='bbox 3433 602 3529 672; x_wconf 82' lang='grc' dir='ltr'><strong>μὲν</strong></span> <span class='ocrx_word' id='word_1_118' title='bbox 3570 600 3776 672; x_wconf 81' lang='grc' dir='ltr'>ἀρίστῳ</span> <span class='ocrx_word' id='word_1_119' title='bbox 3802 598 4040 666; x_wconf 70' lang='grc' dir='ltr'>κοσμοῦ-</span> 
     </span>
    </p>
   </div>
   <div class='ocr_carea' id='block_1_21' title="bbox 2463 688 4036 762">
    <p class='ocr_par' dir='ltr' id='par_1_21' title="bbox 2463 688 4036 762">
     <span class='ocr_line' id='line_1_21' title="bbox 2463 688 4036 762; baseline -0.002 -18"><span class='ocrx_word' id='word_1_120' title='bbox 2463 710 2642 761; x_wconf 88' lang='grc' dir='ltr'>μενον,</span> <span class='ocrx_word' id='word_1_121' title='bbox 2687 694 2780 746; x_wconf 79' lang='grc' dir='ltr'>καὶ</span> <span class='ocrx_word' id='word_1_122' title='bbox 2821 696 2934 756; x_wconf 88' lang='grc' dir='ltr'>τοῖς</span> <span class='ocrx_word' id='word_1_123' title='bbox 2959 693 3334 757; x_wconf 84' lang='grc' dir='ltr'>ἀποστολικοίς</span> <span class='ocrx_word' id='word_1_124' title='bbox 3361 692 3623 762; x_wconf 75' lang='grc' dir='ltr'><strong>δόγμασιν</strong></span> <span class='ocrx_word' id='word_1_125' title='bbox 3657 688 4036 760; x_wconf 62' lang='grc' dir='ltr'>ἐντεθραμμέέ</span> 
     </span>
    </p>
   </div>
   <div class='ocr_carea' id='block_1_22' title="bbox 2459 778 4038 854">
    <p class='ocr_par' dir='ltr' id='par_1_22' title="bbox 2459 778 4038 854">
     <span class='ocr_line' id='line_1_22' title="bbox 2459 778 4038 854; baseline -0.004 -19"><span class='ocrx_word' id='word_1_126' title='bbox 2459 800 2565 847; x_wconf 90' lang='grc' dir='ltr'>νον,</span> <span class='ocrx_word' id='word_1_127' title='bbox 2601 783 2823 852; x_wconf 80' lang='grc' dir='ltr'>ὕστερον</span> <span class='ocrx_word' id='word_1_128' title='bbox 2845 783 2903 837; x_wconf 84' lang='grc' dir='ltr'>δὲ</span> <span class='ocrx_word' id='word_1_129' title='bbox 2934 783 3032 854; x_wconf 79' lang='grc' dir='ltr'><strong>τήν</strong></span> <span class='ocrx_word' id='word_1_130' title='bbox 3052 783 3205 836; x_wconf 86' lang='grc' dir='ltr'>νόσον</span> <span class='ocrx_word' id='word_1_131' title='bbox 3233 783 3547 851; x_wconf 80' lang='grc' dir='ltr'>δεξάμενον.</span> <span class='ocrx_word' id='word_1_132' title='bbox 3585 781 3642 832; x_wconf 92' lang='lat'><strong>&#39;0</strong></span> <span class='ocrx_word' id='word_1_133' title='bbox 3671 779 3727 831; x_wconf 78' lang='grc' dir='ltr'>δὲ</span> <span class='ocrx_word' id='word_1_134' title='bbox 3751 780 3895 840; x_wconf 88' lang='grc' dir='ltr'>θεῖος</span> <span class='ocrx_word' id='word_1_135' title='bbox 3926 778 4038 830; x_wconf 84' lang='grc' dir='ltr'><strong>Με-</strong></span> 
     </span>
    </p>
   </div>
   <div class='ocr_carea' id='block_1_23' title="bbox 2459 868 4036 946">
    <p class='ocr_par' dir='ltr' id='par_1_23' title="bbox 2459 868 4036 946">
     <span class='ocr_line' id='line_1_23' title="bbox 2459 868 4036 946; baseline -0.004 -19"><span class='ocrx_word' id='word_1_136' title='bbox 2459 876 2652 939; x_wconf 78' lang='grc' dir='ltr'>λέτιος,</span> <span class='ocrx_word' id='word_1_137' title='bbox 2678 875 2939 946; x_wconf 77' lang='grc' dir='ltr'><strong>Διόδωρον</strong></span> <span class='ocrx_word' id='word_1_138' title='bbox 2972 877 3200 939; x_wconf 85' lang='grc' dir='ltr'>ἐκεῖνον,</span> <span class='ocrx_word' id='word_1_139' title='bbox 3235 868 3296 927; x_wconf 76' lang='grc' dir='ltr'>οὗ</span> <span class='ocrx_word' id='word_1_140' title='bbox 3336 874 3431 926; x_wconf 76' lang='grc' dir='ltr'><strong>καὶ</strong></span> <span class='ocrx_word' id='word_1_141' title='bbox 3462 871 3695 943; x_wconf 76' lang='grc' dir='ltr'>πρόσθεν</span> <span class='ocrx_word' id='word_1_142' title='bbox 3733 870 4036 940; x_wconf 79' lang='grc' dir='ltr'>ἐμνήσθην,</span> 
     </span>
    </p>
   </div>
   <div class='ocr_carea' id='block_1_24' title="bbox 2458 961 4040 1037">
    <p class='ocr_par' dir='ltr' id='par_1_24' title="bbox 2458 961 4040 1037">
     <span class='ocr_line' id='line_1_24' title="bbox 2458 961 4040 1037; baseline -0.003 -19"><span class='ocrx_word' id='word_1_143' title='bbox 2458 966 2549 1020; x_wconf 74' lang='grc' dir='ltr'><strong>τὸν</strong></span> <span class='ocrx_word' id='word_1_144' title='bbox 2604 969 2663 1019; x_wconf 68' lang='grc' dir='ltr'>ἲν</span> <span class='ocrx_word' id='word_1_145' title='bbox 2717 966 2797 1037; x_wconf 79' lang='grc' dir='ltr'>τῷ</span> <span class='ocrx_word' id='word_1_146' title='bbox 2851 966 3190 1037; x_wconf 86' lang='grc' dir='ltr'>παγχαλέπῳ</span> <span class='ocrx_word' id='word_1_147' title='bbox 3220 966 3447 1019; x_wconf 83' lang='grc' dir='ltr'>κλύδωνι</span> <span class='ocrx_word' id='word_1_148' title='bbox 3477 964 3811 1019; x_wconf 83' lang='grc' dir='ltr'>ἀϐάπτιστον</span> <span class='ocrx_word' id='word_1_149' title='bbox 3850 962 3913 1014; x_wconf 85' lang='grc' dir='ltr'><strong>τὸ</strong></span> <span class='ocrx_word' id='word_1_150' title='bbox 3944 961 4040 1029; x_wconf 75' lang='grc' dir='ltr'>τῆς</span> 
     </span>
    </p>
   </div>
   <div class='ocr_carea' id='block_1_25' title="bbox 2471 1053 4039 1126">
    <p class='ocr_par' dir='ltr' id='par_1_25' title="bbox 2471 1053 4039 1126">
     <span class='ocr_line' id='line_1_25' title="bbox 2471 1053 4039 1126; baseline -0.003 -18"><span class='ocrx_word' id='word_1_151' title='bbox 2471 1054 2799 1126; x_wconf 80' lang='grc' dir='ltr'>Ἐκκλησίας</span> <span class='ocrx_word' id='word_1_152' title='bbox 2843 1056 3183 1111; x_wconf 81' lang='grc' dir='ltr'><strong>διασώσαντα</strong></span> <span class='ocrx_word' id='word_1_153' title='bbox 3238 1057 3461 1126; x_wconf 78' lang='grc' dir='ltr'><strong>σκάφος,</strong></span> <span class='ocrx_word' id='word_1_154' title='bbox 3514 1055 3771 1125; x_wconf 83' lang='grc' dir='ltr'>Ταρσέων</span> <span class='ocrx_word' id='word_1_155' title='bbox 3808 1053 3855 1085; x_wconf 81' lang='grc'>⁸⁸</span> <span class='ocrx_word' id='word_1_156' title='bbox 3904 1070 4039 1105; x_wconf 84' lang='grc' dir='ltr'>κατ-</span> 
     </span>
    </p>
   </div>
   <div class='ocr_carea' id='block_1_26' title="bbox 2458 1145 4038 1218">
    <p class='ocr_par' dir='ltr' id='par_1_26' title="bbox 2458 1145 4038 1218">
     <span class='ocr_line' id='line_1_26' title="bbox 2458 1145 4038 1218; baseline -0.003 -20"><span class='ocrx_word' id='word_1_157' title='bbox 2458 1147 2655 1218; x_wconf 89' lang='grc' dir='ltr'>έστησε</span> <span class='ocrx_word' id='word_1_158' title='bbox 2692 1147 2947 1217; x_wconf 85' lang='grc' dir='ltr'>ποιμένα,</span> <span class='ocrx_word' id='word_1_159' title='bbox 2986 1150 3080 1202; x_wconf 79' lang='grc' dir='ltr'><strong>καὶ</strong></span> <span class='ocrx_word' id='word_1_160' title='bbox 3122 1149 3183 1202; x_wconf 83' lang='grc' dir='ltr'>τὸ</span> <span class='ocrx_word' id='word_1_161' title='bbox 3211 1148 3449 1202; x_wconf 83' lang='grc' dir='ltr'>Κιλίκων</span> <span class='ocrx_word' id='word_1_162' title='bbox 3508 1146 3655 1215; x_wconf 85' lang='grc' dir='ltr'>αὐτῷ</span> <span class='ocrx_word' id='word_1_163' title='bbox 3707 1145 4038 1214; x_wconf 76' lang='grc' dir='ltr'>ἐνεχείρισεν</span> 
     </span>
    </p>
   </div>
   <div class='ocr_carea' id='block_1_27' title="bbox 2458 1235 4037 1311">
    <p class='ocr_par' dir='ltr' id='par_1_27' title="bbox 2458 1235 4037 1311">
     <span class='ocr_line' id='line_1_27' title="bbox 2458 1235 4037 1311; baseline -0.004 -21"><span class='ocrx_word' id='word_1_164' title='bbox 2458 1237 2629 1301; x_wconf 78' lang='grc' dir='ltr'>ἔθνος.</span> <span class='ocrx_word' id='word_1_165' title='bbox 2678 1238 2977 1307; x_wconf 81' lang='grc' dir='ltr'>Ἀπαμείας</span> <span class='ocrx_word' id='word_1_166' title='bbox 3018 1240 3076 1292; x_wconf 86' lang='grc' dir='ltr'>δὲ</span> <span class='ocrx_word' id='word_1_167' title='bbox 3122 1239 3220 1311; x_wconf 77' lang='grc' dir='ltr'>τὴν</span> <span class='ocrx_word' id='word_1_168' title='bbox 3268 1239 3663 1309; x_wconf 76' lang='grc' dir='ltr'><strong>ἀρχιερατικὴν</strong></span> <span class='ocrx_word' id='word_1_169' title='bbox 3712 1235 4037 1304; x_wconf 85' lang='grc' dir='ltr'>ἐπιμέλειαν</span> 
     </span>
    </p>
   </div>
   <div class='ocr_carea' id='block_1_28' title="bbox 2474 1324 4039 1398">
    <p class='ocr_par' dir='ltr' id='par_1_28' title="bbox 2474 1324 4039 1398">
     <span class='ocr_line' id='line_1_28' title="bbox 2474 1324 4039 1398; baseline -0.004 -19"><span class='ocrx_word' id='word_1_170' title='bbox 2474 1329 2693 1398; x_wconf 82' lang='grc' dir='ltr'>Ἰωάννῃ</span> <span class='ocrx_word' id='word_1_171' title='bbox 2726 1329 3107 1391; x_wconf 81' lang='grc' dir='ltr'>πεπίστευκεν,</span> <span class='ocrx_word' id='word_1_172' title='bbox 3132 1329 3190 1391; x_wconf 85' lang='grc' dir='ltr'>ὃς</span> <span class='ocrx_word' id='word_1_173' title='bbox 3216 1325 3329 1398; x_wconf 72' lang='grc' dir='ltr'>εἶχε</span> <span class='ocrx_word' id='word_1_174' title='bbox 3355 1328 3455 1398; x_wconf 85' lang='grc' dir='ltr'><strong>μὲν</strong></span> <span class='ocrx_word' id='word_1_175' title='bbox 3486 1327 3580 1382; x_wconf 78' lang='grc' dir='ltr'><strong>καὶ</strong></span> <span class='ocrx_word' id='word_1_176' title='bbox 3600 1325 3691 1378; x_wconf 75' lang='grc' dir='ltr'>τοῦ</span> <span class='ocrx_word' id='word_1_177' title='bbox 3718 1327 3911 1393; x_wconf 83' lang='grc' dir='ltr'>γένους</span> <span class='ocrx_word' id='word_1_178' title='bbox 3942 1324 4039 1393; x_wconf 77' lang='grc' dir='ltr'><strong>τὴν</strong></span> 
     </span>
    </p>
   </div>
   <div class='ocr_carea' id='block_1_29' title="bbox 2461 1416 4040 1491">
    <p class='ocr_par' dir='ltr' id='par_1_29' title="bbox 2461 1416 4040 1491">
     <span class='ocr_line' id='line_1_29' title="bbox 2461 1416 4040 1491; baseline -0.003 -20"><span class='ocrx_word' id='word_1_179' title='bbox 2461 1419 2840 1489; x_wconf 73' lang='grc' dir='ltr'>περιφάνειαν,</span> <span class='ocrx_word' id='word_1_180' title='bbox 2871 1420 3259 1491; x_wconf 82' lang='grc' dir='ltr'>κατορθώμασι</span> <span class='ocrx_word' id='word_1_181' title='bbox 3286 1420 3341 1473; x_wconf 89' lang='grc' dir='ltr'>δὲ</span> <span class='ocrx_word' id='word_1_182' title='bbox 3373 1419 3572 1491; x_wconf 82' lang='grc' dir='ltr'>μᾶλλον</span> <span class='ocrx_word' id='word_1_183' title='bbox 3603 1416 3824 1479; x_wconf 81' lang='grc' dir='ltr'>οἰκείοις</span> <span class='ocrx_word' id='word_1_184' title='bbox 3850 1416 3882 1485; x_wconf 82' lang='grc' dir='ltr'>ἦ</span> <span class='ocrx_word' id='word_1_185' title='bbox 3909 1433 4040 1486; x_wconf 84' lang='grc' dir='ltr'>προ-</span> 
     </span>
    </p>
   </div>
   <div class='ocr_carea' id='block_1_30' title="bbox 2458 1508 4041 1585">
    <p class='ocr_par' dir='ltr' id='par_1_30' title="bbox 2458 1508 4041 1585">
     <span class='ocr_line' id='line_1_30' title="bbox 2458 1508 4041 1585; baseline -0.003 -22"><span class='ocrx_word' id='word_1_186' title='bbox 2458 1514 2691 1578; x_wconf 85' lang='grc' dir='ltr'>γονικοῖς</span> <span class='ocrx_word' id='word_1_187' title='bbox 2725 1511 3123 1585; x_wconf 83' lang='grc' dir='ltr'>ἐλαμπρύνετο.</span> <span class='ocrx_word' id='word_1_188' title='bbox 3153 1512 3310 1565; x_wconf 87' lang='grc' dir='ltr'><strong>Κατά</strong></span> <span class='ocrx_word' id='word_1_189' title='bbox 3358 1511 3554 1563; x_wconf 85' lang='grc' dir='ltr'>ταύτὸν</span> <span class='ocrx_word' id='word_1_190' title='bbox 3604 1511 3711 1579; x_wconf 78' lang='grc' dir='ltr'>γὰρ</span> <span class='ocrx_word' id='word_1_191' title='bbox 3753 1508 3916 1560; x_wconf 77' lang='grc' dir='ltr'>αὐτὸν</span> <span class='ocrx_word' id='word_1_192' title='bbox 3950 1508 4041 1559; x_wconf 72' lang='grc' dir='ltr'><strong>καὶ</strong></span> 
     </span>
    </p>
   </div>
   <div class='ocr_carea' id='block_1_31' title="bbox 2459 1598 4043 1672">
    <p class='ocr_par' dir='ltr' id='par_1_31' title="bbox 2459 1598 4043 1672">
     <span class='ocr_line' id='line_1_31' title="bbox 2459 1598 4043 1672; baseline -0.003 -19"><span class='ocrx_word' id='word_1_193' title='bbox 2459 1602 2610 1669; x_wconf 80' lang='grc' dir='ltr'>λόγος</span> <span class='ocrx_word' id='word_1_194' title='bbox 2636 1603 2858 1671; x_wconf 86' lang='grc' dir='ltr'>ἐκόσμει</span> <span class='ocrx_word' id='word_1_195' title='bbox 2888 1603 2983 1655; x_wconf 78' lang='grc' dir='ltr'><strong>καὶ</strong></span> <span class='ocrx_word' id='word_1_196' title='bbox 3014 1602 3145 1672; x_wconf 83' lang='grc' dir='ltr'>βίος.</span> <span class='ocrx_word' id='word_1_197' title='bbox 3173 1598 3345 1664; x_wconf 76' lang='grc' dir='ltr'>Οὗτος</span> <span class='ocrx_word' id='word_1_198' title='bbox 3374 1603 3432 1655; x_wconf 89' lang='grc' dir='ltr'><strong>ἐν</strong></span> <span class='ocrx_word' id='word_1_199' title='bbox 3452 1600 3528 1670; x_wconf 82' lang='grc' dir='ltr'>τῷ</span> <span class='ocrx_word' id='word_1_200' title='bbox 3546 1601 3646 1669; x_wconf 86' lang='grc' dir='ltr'>τῆς</span> <span class='ocrx_word' id='word_1_201' title='bbox 3668 1598 3837 1667; x_wconf 79' lang='grc' dir='ltr'>ζάλης</span> <span class='ocrx_word' id='word_1_202' title='bbox 3864 1598 4043 1667; x_wconf 81' lang='grc' dir='ltr'>καιρῷ</span> 
     </span>
    </p>
   </div>
   <div class='ocr_carea' id='block_1_32' title="bbox 2459 1688 4042 1761">
    <p class='ocr_par' dir='ltr' id='par_1_32' title="bbox 2459 1688 4042 1761">
     <span class='ocr_line' id='line_1_32' title="bbox 2459 1688 4042 1761; baseline -0.001 -21"><span class='ocrx_word' id='word_1_203' title='bbox 2459 1688 2547 1740; x_wconf 87' lang='grc' dir='ltr'><strong>τὸν</strong></span> <span class='ocrx_word' id='word_1_204' title='bbox 2580 1688 2689 1740; x_wconf 88' lang='grc' dir='ltr'>τῶν</span> <span class='ocrx_word' id='word_1_205' title='bbox 2741 1689 3053 1758; x_wconf 84' lang='grc' dir='ltr'>όμοπίστων</span> <span class='ocrx_word' id='word_1_206' title='bbox 3097 1690 3431 1761; x_wconf 89' lang='grc' dir='ltr'>ἐκυϐέρνησε</span> <span class='ocrx_word' id='word_1_207' title='bbox 3467 1688 3739 1756; x_wconf 85' lang='grc' dir='ltr'>σύλλογον,</span> <span class='ocrx_word' id='word_1_208' title='bbox 3777 1688 4042 1758; x_wconf 71' lang='grc' dir='ltr'>συνεργὸν</span> 
     </span>
    </p>
   </div>
   <div class='ocr_carea' id='block_1_33' title="bbox 2458 1773 4041 1849">
    <p class='ocr_par' dir='ltr' id='par_1_33' title="bbox 2458 1773 4041 1849">
     <span class='ocr_line' id='line_1_33' title="bbox 2458 1773 4041 1849; baseline -0.002 -20"><span class='ocrx_word' id='word_1_209' title='bbox 2458 1777 2515 1831; x_wconf 86' lang='grc' dir='ltr'>δὲ</span> <span class='ocrx_word' id='word_1_210' title='bbox 2544 1773 2657 1849; x_wconf 77' lang='grc' dir='ltr'>εἶχε</span> <span class='ocrx_word' id='word_1_211' title='bbox 2683 1777 2774 1831; x_wconf 84' lang='grc' dir='ltr'><strong>τὸν</strong></span> <span class='ocrx_word' id='word_1_212' title='bbox 2807 1778 3122 1845; x_wconf 80' lang='grc' dir='ltr'>ἀξιέπαινον</span> <span class='ocrx_word' id='word_1_213' title='bbox 3157 1780 3447 1847; x_wconf 87' lang='grc' dir='ltr'>Στέφανον,</span> <span class='ocrx_word' id='word_1_214' title='bbox 3483 1778 3619 1833; x_wconf 80' lang='grc' dir='ltr'>ἀλλὰ</span> <span class='ocrx_word' id='word_1_215' title='bbox 3645 1778 3740 1832; x_wconf 70' lang='grc' dir='ltr'><strong>καὶ</strong></span> <span class='ocrx_word' id='word_1_216' title='bbox 3769 1777 3960 1830; x_wconf 71' lang='grc' dir='ltr'>τοίτον</span> <span class='ocrx_word' id='word_1_217' title='bbox 4012 1778 4041 1826; x_wconf 85' lang='grc' dir='ltr'>ὁ</span> 
     </span>
    </p>
   </div>
   <div class='ocr_carea' id='block_1_34' title="bbox 791 1857 2400 1942">
    <p class='ocr_par' dir='ltr' id='par_1_34' title="bbox 791 1858 2400 1942">
     <span class='ocr_line' id='line_1_34' title="bbox 791 1858 2400 1942; baseline 0.006 -23"><span class='ocrx_word' id='word_1_218' title='bbox 791 1866 928 1919; x_wconf 89' lang='lat' dir='ltr'><strong>Cum</strong></span> <span class='ocrx_word' id='word_1_219' title='bbox 960 1867 1103 1921; x_wconf 89' lang='lat' dir='ltr'><strong>enim</strong></span> <span class='ocrx_word' id='word_1_220' title='bbox 1140 1871 1486 1938; x_wconf 84' lang='lat' dir='ltr'><strong>cognovisset</strong></span> <span class='ocrx_word' id='word_1_221' title='bbox 1520 1869 1917 1925; x_wconf 87' lang='lat' dir='ltr'><strong>Germaniciam</strong></span> <span class='ocrx_word' id='word_1_222' title='bbox 1950 1872 2177 1926; x_wconf 80' lang='lat' dir='ltr'><strong>Eudoxii</strong></span> <span class='ocrx_word' id='word_1_223' title='bbox 2210 1882 2359 1942; x_wconf 87' lang='lat' dir='ltr'><strong>peste</strong></span> <span class='ocrx_word' id='word_1_224' title='bbox 2395 1858 2400 1905; x_wconf 43' lang='grc' dir='ltr'><strong>ί</strong></span> 
     </span>
    </p>
   </div>
   <div class='ocr_carea' id='block_1_35' title="bbox 2460 1857 4041 1942">
    <p class='ocr_par' dir='ltr' id='par_1_35' title="bbox 2464 1869 4041 1941">
     <span class='ocr_line' id='line_1_35' title="bbox 2464 1869 4041 1941; baseline -0.001 -19"><span class='ocrx_word' id='word_1_225' title='bbox 2464 1869 2600 1933; x_wconf 86' lang='grc' dir='ltr'>θεῖος</span> <span class='ocrx_word' id='word_1_226' title='bbox 2642 1869 2901 1934; x_wconf 82' lang='grc' dir='ltr'>Μελέτιος</span> <span class='ocrx_word' id='word_1_227' title='bbox 2945 1872 3025 1934; x_wconf 87' lang='grc' dir='ltr'><strong>είς</strong></span> <span class='ocrx_word' id='word_1_228' title='bbox 3057 1872 3279 1941; x_wconf 78' lang='grc' dir='ltr'>ἐτέρους</span> <span class='ocrx_word' id='word_1_229' title='bbox 3305 1871 3521 1939; x_wconf 85' lang='grc' dir='ltr'>ἀγῶνας</span> <span class='ocrx_word' id='word_1_230' title='bbox 3556 1872 3877 1940; x_wconf 80' lang='grc' dir='ltr'>μετέστησε.</span> <span class='ocrx_word' id='word_1_231' title='bbox 3914 1872 4041 1923; x_wconf 75' lang='grc' dir='ltr'><strong>Μα-</strong></span> 
     </span>
    </p>
   </div>
   <div class='ocr_carea' id='block_1_36' title="bbox 788 1962 2355 2027">
    <p class='ocr_par' dir='ltr' id='par_1_36' title="bbox 788 1962 2355 2027">
     <span class='ocr_line' id='line_1_36' title="bbox 788 1962 2355 2027; baseline 0.005 -16"><span class='ocrx_word' id='word_1_232' title='bbox 788 1966 1106 2027; x_wconf 74' lang='grc' dir='ltr'>οοςι·ιιριιιιιι</span> <span class='ocrx_word' id='word_1_233' title='bbox 1159 1975 1305 2024; x_wconf 88' lang='lat' dir='ltr'><strong>esse,</strong></span> <span class='ocrx_word' id='word_1_234' title='bbox 1359 1962 1606 2017; x_wconf 87' lang='lat' dir='ltr'><strong>sanando</strong></span> <span class='ocrx_word' id='word_1_235' title='bbox 1657 1964 1850 2018; x_wconf 87' lang='lat' dir='ltr'><strong>morbo</strong></span> <span class='ocrx_word' id='word_1_236' title='bbox 1886 1965 2151 2018; x_wconf 90' lang='lat' dir='ltr'><strong>medicum</strong></span> <span class='ocrx_word' id='word_1_237' title='bbox 2210 1966 2355 2019; x_wconf 85' lang='lat' dir='ltr'><strong>hunc</strong></span> 
     </span>
    </p>
   </div>
   <div class='ocr_carea' id='block_1_37' title="bbox 791 2046 2359 2122">
    <p class='ocr_par' dir='ltr' id='par_1_37' title="bbox 791 2046 2359 2122">
     <span class='ocr_line' id='line_1_37' title="bbox 791 2046 2359 2122; baseline 0.008 -24"><span class='ocrx_word' id='word_1_238' title='bbox 791 2046 960 2110; x_wconf 90' lang='lat' dir='ltr'><strong>misit,</strong></span> <span class='ocrx_word' id='word_1_239' title='bbox 998 2049 1092 2117; x_wconf 91' lang='lat' dir='ltr'><strong>qni</strong></span> <span class='ocrx_word' id='word_1_240' title='bbox 1123 2057 1177 2102; x_wconf 82' lang='lat' dir='ltr'><strong>cl.</strong></span> <span class='ocrx_word' id='word_1_241' title='bbox 1205 2048 1517 2105; x_wconf 63' lang='lat' dir='ltr'><strong>Graecorum</strong></span> <span class='ocrx_word' id='word_1_242' title='bbox 1570 2061 1719 2109; x_wconf 90' lang='lat' dir='ltr'><strong>artes</strong></span> <span class='ocrx_word' id='word_1_243' title='bbox 1751 2069 1943 2108; x_wconf 84' lang='lat' dir='ltr'><strong>omnes</strong></span> <span class='ocrx_word' id='word_1_244' title='bbox 1989 2054 2279 2122; x_wconf 85' lang='lat' dir='ltr'><strong>didicerat,</strong></span> <span class='ocrx_word' id='word_1_245' title='bbox 2305 2064 2359 2111; x_wconf 89' lang='lat' dir='ltr'><strong>et</strong></span> 
     </span>
    </p>
   </div>
   <div class='ocr_carea' id='block_1_38' title="bbox 788 2140 2356 2213">
    <p class='ocr_par' dir='ltr' id='par_1_38' title="bbox 788 2140 2356 2213">
     <span class='ocr_line' id='line_1_38' title="bbox 788 2140 2356 2213; baseline 0.007 -21"><span class='ocrx_word' id='word_1_246' title='bbox 788 2140 968 2195; x_wconf 88' lang='lat' dir='ltr'><strong>sacris</strong></span> <span class='ocrx_word' id='word_1_247' title='bbox 1001 2141 1306 2211; x_wconf 88' lang='lat' dir='ltr'><strong>disciplinis</strong></span> <span class='ocrx_word' id='word_1_248' title='bbox 1335 2157 1366 2197; x_wconf 91' lang='lat' dir='ltr'><strong>a</strong></span> <span class='ocrx_word' id='word_1_249' title='bbox 1410 2144 1585 2213; x_wconf 89' lang='lat' dir='ltr'><strong>prima</strong></span> <span class='ocrx_word' id='word_1_250' title='bbox 1627 2153 1785 2199; x_wconf 86' lang='lat' dir='ltr'><strong>aetate</strong></span> <span class='ocrx_word' id='word_1_251' title='bbox 1821 2145 1999 2200; x_wconf 85' lang='lat' dir='ltr'><strong>fuerat</strong></span> <span class='ocrx_word' id='word_1_252' title='bbox 2032 2148 2356 2203; x_wconf 90' lang='lat' dir='ltr'><strong>instructus.</strong></span> 
     </span>
    </p>
   </div>
   <div class='ocr_carea' id='block_1_39' title="bbox 787 2229 2355 2308">
    <p class='ocr_par' dir='ltr' id='par_1_39' title="bbox 787 2229 2355 2308">
     <span class='ocr_line' id='line_1_39' title="bbox 787 2229 2355 2308; baseline 0.006 -24"><span class='ocrx_word' id='word_1_253' title='bbox 787 2229 977 2300; x_wconf 85' lang='lat' dir='ltr'><strong>Neque</strong></span> <span class='ocrx_word' id='word_1_254' title='bbox 1028 2246 1152 2286; x_wconf 91' lang='lat' dir='ltr'><strong>eum</strong></span> <span class='ocrx_word' id='word_1_255' title='bbox 1190 2243 1339 2287; x_wconf 85' lang='lat' dir='ltr'><strong>certe</strong></span> <span class='ocrx_word' id='word_1_256' title='bbox 1392 2249 1518 2304; x_wconf 83' lang='lat' dir='ltr'><strong>spes</strong></span> <span class='ocrx_word' id='word_1_257' title='bbox 1566 2234 1831 2291; x_wconf 86' lang='lat' dir='ltr'><strong>frustrata</strong></span> <span class='ocrx_word' id='word_1_258' title='bbox 1889 2245 1993 2291; x_wconf 90' lang='lat' dir='ltr'><strong>est.</strong></span> <span class='ocrx_word' id='word_1_259' title='bbox 2045 2237 2355 2308; x_wconf 88' lang='lat' dir='ltr'><strong>Spiritalem</strong></span> 
     </span>
    </p>
   </div>
   <div class='ocr_carea' id='block_1_40' title="bbox 788 2320 2355 2396">
    <p class='ocr_par' dir='ltr' id='par_1_40' title="bbox 788 2320 2355 2396">
     <span class='ocr_line' id='line_1_40' title="bbox 788 2320 2355 2396; baseline 0.008 -24"><span class='ocrx_word' id='word_1_260' title='bbox 788 2320 932 2372; x_wconf 88' lang='lat' dir='ltr'><strong>enim</strong></span> <span class='ocrx_word' id='word_1_261' title='bbox 976 2320 1282 2375; x_wconf 88' lang='lat' dir='ltr'><strong>doctrinam</strong></span> <span class='ocrx_word' id='word_1_262' title='bbox 1317 2324 1584 2381; x_wconf 84' lang='lat' dir='ltr'><strong>exhibens</strong></span> <span class='ocrx_word' id='word_1_263' title='bbox 1628 2326 1788 2396; x_wconf 90' lang='lat' dir='ltr'><strong>lupos</strong></span> <span class='ocrx_word' id='word_1_264' title='bbox 1832 2330 1886 2381; x_wconf 93' lang='lat' dir='ltr'><strong>in</strong></span> <span class='ocrx_word' id='word_1_265' title='bbox 1936 2343 2066 2384; x_wconf 85' lang='lat' dir='ltr'><strong>oves</strong></span> <span class='ocrx_word' id='word_1_266' title='bbox 2105 2331 2355 2386; x_wconf 88' lang='lat' dir='ltr'><strong>mutavit.</strong></span> 
     </span>
    </p>
   </div>
   <div class='ocr_carea' id='block_1_41' title="bbox 785 2407 2355 2483">
    <p class='ocr_par' dir='ltr' id='par_1_41' title="bbox 785 2407 2355 2483">
     <span class='ocr_line' id='line_1_41' title="bbox 785 2407 2355 2483; baseline 0.008 -24"><span class='ocrx_word' id='word_1_267' title='bbox 785 2407 858 2460; x_wconf 84' lang='lat' dir='ltr'><strong>At</strong></span> <span class='ocrx_word' id='word_1_268' title='bbox 884 2424 1113 2478; x_wconf 81' lang='lat' dir='ltr'><strong>magnus</strong></span> <span class='ocrx_word' id='word_1_269' title='bbox 1146 2409 1416 2469; x_wconf 88' lang='lat' dir='ltr'><strong>Eusebius</strong></span> <span class='ocrx_word' id='word_1_270' title='bbox 1451 2414 1519 2468; x_wconf 89' lang='lat' dir='ltr'><strong>ab</strong></span> <span class='ocrx_word' id='word_1_271' title='bbox 1547 2416 1740 2470; x_wconf 86' lang='lat' dir='ltr'><strong>exsilio</strong></span> <span class='ocrx_word' id='word_1_272' title='bbox 1773 2432 2049 2477; x_wconf 87' lang='lat' dir='ltr'><strong>reversus.</strong></span> <span class='ocrx_word' id='word_1_273' title='bbox 2074 2417 2355 2483; x_wconf 88' lang='lat' dir='ltr'><strong>Acacium,</strong></span> 
     </span>
    </p>
   </div>
   <div class='ocr_carea' id='block_1_42' title="bbox 786 2498 2357 2577">
    <p class='ocr_par' dir='ltr' id='par_1_42' title="bbox 786 2498 2357 2577">
     <span class='ocr_line' id='line_1_42' title="bbox 786 2498 2357 2577; baseline 0.008 -27"><span class='ocrx_word' id='word_1_274' title='bbox 786 2498 948 2565; x_wconf 89' lang='lat' dir='ltr'><strong>cujus</strong></span> <span class='ocrx_word' id='word_1_275' title='bbox 991 2501 1225 2557; x_wconf 82' lang='lat' dir='ltr'><strong>celebris</strong></span> <span class='ocrx_word' id='word_1_276' title='bbox 1256 2512 1341 2556; x_wconf 88' lang='lat' dir='ltr'><strong>est</strong></span> <span class='ocrx_word' id='word_1_277' title='bbox 1388 2502 1553 2564; x_wconf 89' lang='lat' dir='ltr'><strong>fama,</strong></span> <span class='ocrx_word' id='word_1_278' title='bbox 1589 2504 1794 2559; x_wconf 70' lang='lat' dir='ltr'><strong>Bonna:</strong></span> <span class='ocrx_word' id='word_1_279' title='bbox 1832 2506 2111 2560; x_wconf 86' lang='lat' dir='ltr'><strong>ordinavit</strong></span> <span class='ocrx_word' id='word_1_280' title='bbox 2142 2508 2357 2577; x_wconf 84' lang='lat' dir='ltr'><strong>episco-</strong></span> 
     </span>
    </p>
   </div>
   <div class='ocr_carea' id='block_1_43' title="bbox 786 2588 2356 2666">
    <p class='ocr_par' dir='ltr' id='par_1_43' title="bbox 786 2588 2356 2666">
     <span class='ocr_line' id='line_1_43' title="bbox 786 2588 2356 2666; baseline 0.008 -26"><span class='ocrx_word' id='word_1_281' title='bbox 786 2603 939 2656; x_wconf 89' lang='lat' dir='ltr'><strong>pum,</strong></span> <span class='ocrx_word' id='word_1_282' title='bbox 975 2588 1252 2661; x_wconf 88' lang='lat' dir='ltr'><strong>Hierapoli</strong></span> <span class='ocrx_word' id='word_1_283' title='bbox 1299 2608 1425 2647; x_wconf 89' lang='lat' dir='ltr'><strong>vero</strong></span> <span class='ocrx_word' id='word_1_284' title='bbox 1476 2592 1841 2659; x_wconf 86' lang='lat' dir='ltr'><strong>Theodotum,</strong></span> <span class='ocrx_word' id='word_1_285' title='bbox 1886 2597 2047 2666; x_wconf 86' lang='lat' dir='ltr'><strong>cujus</strong></span> <span class='ocrx_word' id='word_1_286' title='bbox 2101 2597 2356 2666; x_wconf 85' lang='lat' dir='ltr'><strong>religiosa</strong></span> 
     </span>
    </p>
   </div>
   <div class='ocr_carea' id='block_1_44' title="bbox 785 2682 2355 2742">
    <p class='ocr_par' dir='ltr' id='par_1_44' title="bbox 785 2682 2355 2742">
     <span class='ocr_line' id='line_1_44' title="bbox 785 2682 2355 2742; baseline 0.006 -10"><span class='ocrx_word' id='word_1_287' title='bbox 785 2682 1131 2735; x_wconf 87' lang='lat' dir='ltr'><strong>conversatio</strong></span> <span class='ocrx_word' id='word_1_288' title='bbox 1162 2696 1308 2736; x_wconf 89' lang='lat' dir='ltr'><strong>nunc</strong></span> <span class='ocrx_word' id='word_1_289' title='bbox 1356 2684 1522 2737; x_wconf 87' lang='lat' dir='ltr'><strong>etiam</strong></span> <span class='ocrx_word' id='word_1_290' title='bbox 1558 2688 1610 2737; x_wconf 92' lang='lat' dir='ltr'><strong>in</strong></span> <span class='ocrx_word' id='word_1_291' title='bbox 1643 2700 1739 2739; x_wconf 93' lang='lat' dir='ltr'><strong>ore</strong></span> <span class='ocrx_word' id='word_1_292' title='bbox 1769 2698 1852 2740; x_wconf 87' lang='lat' dir='ltr'><strong>est</strong></span> <span class='ocrx_word' id='word_1_293' title='bbox 1889 2688 2159 2741; x_wconf 84' lang='lat' dir='ltr'><strong>omnium.</strong></span> <span class='ocrx_word' id='word_1_294' title='bbox 2189 2687 2355 2742; x_wconf 88' lang='lat' dir='ltr'><strong>Chal-</strong></span> 
     </span>
    </p>
   </div>
   <div class='ocr_carea' id='block_1_45' title="bbox 784 2770 2357 2848">
    <p class='ocr_par' dir='ltr' id='par_1_45' title="bbox 784 2770 2357 2848">
     <span class='ocr_line' id='line_1_45' title="bbox 784 2770 2357 2848; baseline 0.006 -25"><span class='ocrx_word' id='word_1_295' title='bbox 784 2770 925 2826; x_wconf 87' lang='lat' dir='ltr'><strong>cidis</strong></span> <span class='ocrx_word' id='word_1_296' title='bbox 968 2787 1129 2840; x_wconf 93' lang='lat' dir='ltr'><strong>porro</strong></span> <span class='ocrx_word' id='word_1_297' title='bbox 1183 2772 1500 2841; x_wconf 82' lang='lat' dir='ltr'><strong>Eusebium,</strong></span> <span class='ocrx_word' id='word_1_298' title='bbox 1547 2786 1600 2830; x_wconf 89' lang='lat' dir='ltr'><strong>et</strong></span> <span class='ocrx_word' id='word_1_299' title='bbox 1646 2777 1769 2848; x_wconf 80' lang='lat' dir='ltr'><strong>Cyri</strong></span> <span class='ocrx_word' id='word_1_300' title='bbox 1831 2788 2035 2833; x_wconf 73' lang='lat' dir='ltr'><strong>nostra:</strong></span> <span class='ocrx_word' id='word_1_301' title='bbox 2066 2779 2357 2844; x_wconf 88' lang='lat' dir='ltr'><strong>lsidorttm,</strong></span> 
     </span>
    </p>
   </div>
   <div class='ocr_carea' id='block_1_46' title="bbox 784 2865 2355 2940">
    <p class='ocr_par' dir='ltr' id='par_1_46' title="bbox 784 2865 2355 2940">
     <span class='ocr_line' id='line_1_46' title="bbox 784 2865 2355 2940; baseline 0.008 -25"><span class='ocrx_word' id='word_1_302' title='bbox 784 2874 1078 2932; x_wconf 88' lang='lat' dir='ltr'><strong>utrumque</strong></span> <span class='ocrx_word' id='word_1_303' title='bbox 1109 2865 1508 2931; x_wconf 82' lang='lat' dir='ltr'><strong>admirabilem,</strong></span> <span class='ocrx_word' id='word_1_304' title='bbox 1530 2878 1584 2922; x_wconf 89' lang='lat' dir='ltr'><strong>et</strong></span> <span class='ocrx_word' id='word_1_305' title='bbox 1610 2870 1796 2923; x_wconf 87' lang='lat' dir='ltr'><strong>divino</strong></span> <span class='ocrx_word' id='word_1_306' title='bbox 1823 2873 1940 2925; x_wconf 88' lang='lat' dir='ltr'><strong>zelo</strong></span> <span class='ocrx_word' id='word_1_307' title='bbox 1972 2873 2355 2940; x_wconf 90' lang='lat' dir='ltr'><strong>conspicuum.</strong></span> 
     </span>
    </p>
   </div>
   <div class='ocr_carea' id='block_1_47' title="bbox 786 2953 2356 3029">
    <p class='ocr_par' dir='ltr' id='par_1_47' title="bbox 786 2953 2356 3029">
     <span class='ocr_line' id='line_1_47' title="bbox 786 2953 2356 3029; baseline 0.006 -22"><span class='ocrx_word' id='word_1_308' title='bbox 786 2953 891 3008; x_wconf 87' lang='lat' dir='ltr'><strong>Sed</strong></span> <span class='ocrx_word' id='word_1_309' title='bbox 925 2962 979 3009; x_wconf 89' lang='lat' dir='ltr'><strong>et</strong></span> <span class='ocrx_word' id='word_1_310' title='bbox 1012 2955 1299 3024; x_wconf 75' lang='lat' dir='ltr'><strong>Eulogium</strong></span> <span class='ocrx_word' id='word_1_311' title='bbox 1335 2957 1511 3019; x_wconf 90' lang='lat' dir='ltr'><strong>illum,</strong></span> <span class='ocrx_word' id='word_1_312' title='bbox 1537 2960 1627 3028; x_wconf 89' lang='lat' dir='ltr'><strong>qui</strong></span> <span class='ocrx_word' id='word_1_313' title='bbox 1652 2975 1751 3029; x_wconf 91' lang='lat' dir='ltr'><strong>pro</strong></span> <span class='ocrx_word' id='word_1_314' title='bbox 1774 2962 2072 3029; x_wconf 78' lang='lat' dir='ltr'><strong>apostolica</strong></span> <span class='ocrx_word' id='word_1_315' title='bbox 2103 2963 2356 3016; x_wconf 60' lang='lat' dir='ltr'><strong>doctrina</strong></span> 
     </span>
    </p>
   </div>
   <div class='ocr_carea' id='block_1_48' title="bbox 783 3046 2357 3124">
    <p class='ocr_par' dir='ltr' id='par_1_48' title="bbox 783 3046 2357 3124">
     <span class='ocr_line' id='line_1_48' title="bbox 783 3046 2357 3124; baseline 0.006 -25"><span class='ocrx_word' id='word_1_316' title='bbox 783 3055 1010 3101; x_wconf 87' lang='lat' dir='ltr'><strong>strenue</strong></span> <span class='ocrx_word' id='word_1_317' title='bbox 1049 3046 1372 3109; x_wconf 89' lang='lat' dir='ltr'><strong>deccrtavit,</strong></span> <span class='ocrx_word' id='word_1_318' title='bbox 1405 3057 1458 3102; x_wconf 92' lang='lat' dir='ltr'><strong>et</strong></span> <span class='ocrx_word' id='word_1_319' title='bbox 1492 3049 1823 3105; x_wconf 86' lang='lat' dir='ltr'><strong>Antinonem</strong></span> <span class='ocrx_word' id='word_1_320' title='bbox 1876 3068 1998 3106; x_wconf 89' lang='lat' dir='ltr'><strong>cum</strong></span> <span class='ocrx_word' id='word_1_321' title='bbox 2052 3052 2357 3124; x_wconf 82' lang='lat' dir='ltr'><strong>Protogene</strong></span> 
     </span>
    </p>
   </div>
   <div class='ocr_carea' id='block_1_49' title="bbox 782 3139 2356 3209">
    <p class='ocr_par' dir='ltr' id='par_1_49' title="bbox 782 3139 2356 3209">
     <span class='ocr_line' id='line_1_49' title="bbox 782 3139 2356 3209; baseline 0.006 -18"><span class='ocrx_word' id='word_1_322' title='bbox 782 3139 1061 3207; x_wconf 82' lang='lat' dir='ltr'><strong>relegatus</strong></span> <span class='ocrx_word' id='word_1_323' title='bbox 1110 3148 1231 3203; x_wconf 83' lang='lat' dir='ltr'><strong>est,</strong></span> <span class='ocrx_word' id='word_1_324' title='bbox 1278 3141 1347 3194; x_wconf 83' lang='lat' dir='ltr'><strong>ab</strong></span> <span class='ocrx_word' id='word_1_325' title='bbox 1389 3142 1581 3196; x_wconf 90' lang='lat' dir='ltr'><strong>eodem</strong></span> <span class='ocrx_word' id='word_1_326' title='bbox 1646 3142 1828 3197; x_wconf 88' lang='lat' dir='ltr'><strong>ferunt</strong></span> <span class='ocrx_word' id='word_1_327' title='bbox 1873 3144 2132 3209; x_wconf 72' lang='lat' dir='ltr'><strong>Edessze,</strong></span> <span class='ocrx_word' id='word_1_328' title='bbox 2169 3147 2356 3201; x_wconf 90' lang='lat' dir='ltr'><strong>divino</strong></span> 
     </span>
    </p>
   </div>
   <div class='ocr_carea' id='block_1_50' title="bbox 783 3229 2355 3302">
    <p class='ocr_par' dir='ltr' id='par_1_50' title="bbox 783 3229 2355 3302">
     <span class='ocr_line' id='line_1_50' title="bbox 783 3229 2355 3302; baseline 0.006 -20"><span class='ocrx_word' id='word_1_329' title='bbox 783 3229 953 3284; x_wconf 87' lang='lat' dir='ltr'><strong>Barsc</strong></span> <span class='ocrx_word' id='word_1_330' title='bbox 992 3241 1230 3295; x_wconf 91' lang='lat' dir='ltr'><strong>mortuo,</strong></span> <span class='ocrx_word' id='word_1_331' title='bbox 1269 3242 1547 3302; x_wconf 86' lang='lat' dir='ltr'><strong>pastorem</strong></span> <span class='ocrx_word' id='word_1_332' title='bbox 1588 3233 1757 3290; x_wconf 80' lang='lat' dir='ltr'><strong>fuisse</strong></span> <span class='ocrx_word' id='word_1_333' title='bbox 1800 3238 2130 3292; x_wconf 87' lang='lat' dir='ltr'><strong>ordinatum.</strong></span> <span class='ocrx_word' id='word_1_334' title='bbox 2162 3238 2355 3292; x_wconf 83' lang='lat' dir='ltr'><strong>Proto-</strong></span> 
     </span>
    </p>
   </div>
   <div class='ocr_carea' id='block_1_51' title="bbox 784 3326 2358 3397">
    <p class='ocr_par' dir='ltr' id='par_1_51' title="bbox 784 3326 2358 3397">
     <span class='ocr_line' id='line_1_51' title="bbox 784 3326 2358 3397; baseline 0.004 -21"><span class='ocrx_word' id='word_1_335' title='bbox 784 3336 979 3389; x_wconf 78' lang='lat' dir='ltr'><strong>gencm</strong></span> <span class='ocrx_word' id='word_1_336' title='bbox 1012 3337 1140 3377; x_wconf 88' lang='lat' dir='ltr'><strong>vero</strong></span> <span class='ocrx_word' id='word_1_337' title='bbox 1189 3326 1553 3379; x_wconf 89' lang='lat' dir='ltr'><strong>certaminum</strong></span> <span class='ocrx_word' id='word_1_338' title='bbox 1589 3341 1814 3379; x_wconf 87' lang='lat' dir='ltr'><strong>suorum</strong></span> <span class='ocrx_word' id='word_1_339' title='bbox 1848 3328 2057 3381; x_wconf 91' lang='lat' dir='ltr'><strong>socium</strong></span> <span class='ocrx_word' id='word_1_340' title='bbox 2096 3328 2358 3397; x_wconf 87' lang='lat' dir='ltr'><strong>Eulogius</strong></span> 
     </span>
    </p>
   </div>
   <div class='ocr_carea' id='block_1_52' title="bbox 783 3410 2359 3481">
    <p class='ocr_par' dir='ltr' id='par_1_52' title="bbox 783 3410 2359 3481">
     <span class='ocr_line' id='line_1_52' title="bbox 783 3410 2359 3481; baseline 0.004 -17"><span class='ocrx_word' id='word_1_341' title='bbox 783 3410 971 3465; x_wconf 80' lang='lat' dir='ltr'><strong>Carris</strong></span> <span class='ocrx_word' id='word_1_342' title='bbox 1009 3410 1271 3481; x_wconf 78' lang='lat' dir='ltr'><strong>pt&#39;tefccit,</strong></span> <span class='ocrx_word' id='word_1_343' title='bbox 1304 3414 1445 3467; x_wconf 89' lang='lat' dir='ltr'><strong>male</strong></span> <span class='ocrx_word' id='word_1_344' title='bbox 1488 3414 1699 3468; x_wconf 72' lang='lat' dir='ltr'><strong>affecta:</strong></span> <span class='ocrx_word' id='word_1_345' title='bbox 1731 3415 1852 3469; x_wconf 87' lang='lat' dir='ltr'><strong>urbi</strong></span> <span class='ocrx_word' id='word_1_346' title='bbox 1885 3417 2132 3469; x_wconf 87' lang='lat' dir='ltr'><strong>curando</strong></span> <span class='ocrx_word' id='word_1_347' title='bbox 2166 3418 2359 3471; x_wconf 88' lang='lat' dir='ltr'><strong>morbo</strong></span> 
     </span>
    </p>
   </div>
   <div class='ocr_carea' id='block_1_53' title="bbox 784 3502 2356 3562">
    <p class='ocr_par' dir='ltr' id='par_1_53' title="bbox 784 3502 2356 3562">
     <span class='ocr_line' id='line_1_53' title="bbox 784 3502 2356 3562; baseline 0.003 -5"><span class='ocrx_word' id='word_1_348' title='bbox 784 3502 1043 3557; x_wconf 85' lang='lat' dir='ltr'><strong>idoneum</strong></span> <span class='ocrx_word' id='word_1_349' title='bbox 1125 3505 1400 3558; x_wconf 89' lang='lat' dir='ltr'><strong>medicum</strong></span> <span class='ocrx_word' id='word_1_350' title='bbox 1483 3505 1933 3559; x_wconf 74' lang='lat' dir='ltr'><strong>subministratis.</strong></span> <span class='ocrx_word' id='word_1_351' title='bbox 2016 3507 2356 3562; x_wconf 78' lang='lat' dir='ltr'><strong>Postremum</strong></span> 
     </span>
    </p>
   </div>
   <div class='ocr_carea' id='block_1_54' title="bbox 783 3594 2361 3653">
    <p class='ocr_par' dir='ltr' id='par_1_54' title="bbox 783 3594 2361 3653">
     <span class='ocr_line' id='line_1_54' title="bbox 783 3594 2361 3653; baseline 0.004 -8"><span class='ocrx_word' id='word_1_352' title='bbox 783 3594 1027 3648; x_wconf 85' lang='lat' dir='ltr'><strong>omnium</strong></span> <span class='ocrx_word' id='word_1_353' title='bbox 1071 3594 1265 3648; x_wconf 73' lang='lat' dir='ltr'><strong>Marini</strong></span> <span class='ocrx_word' id='word_1_354' title='bbox 1307 3597 1528 3650; x_wconf 89' lang='lat' dir='ltr'><strong>divinus</strong></span> <span class='ocrx_word' id='word_1_355' title='bbox 1569 3596 1839 3651; x_wconf 80' lang='lat' dir='ltr'><strong>Eusebius</strong></span> <span class='ocrx_word' id='word_1_356' title='bbox 1878 3596 2115 3651; x_wconf 73' lang='lat' dir='ltr'><strong>Dolicha:</strong></span> <span class='ocrx_word' id='word_1_357' title='bbox 2153 3602 2361 3653; x_wconf 88' lang='lat' dir='ltr'><strong>creavit</strong></span> 
     </span>
    </p>
   </div>
   <div class='ocr_carea' id='block_1_55' title="bbox 782 3686 2358 3756">
    <p class='ocr_par' dir='ltr' id='par_1_55' title="bbox 782 3686 2358 3756">
     <span class='ocr_line' id='line_1_55' title="bbox 782 3686 2358 3756; baseline 0.004 -18"><span class='ocrx_word' id='word_1_358' title='bbox 782 3686 1103 3754; x_wconf 88' lang='lat' dir='ltr'><strong>episcopum</strong></span> <span class='ocrx_word' id='word_1_359' title='bbox 1141 3705 1154 3740; x_wconf 93' lang='lat'>:</span> <span class='ocrx_word' id='word_1_360' title='bbox 1190 3688 1450 3756; x_wconf 90' lang='lat' dir='ltr'><strong>oppidum</strong></span> <span class='ocrx_word' id='word_1_361' title='bbox 1487 3687 1589 3741; x_wconf 91' lang='lat' dir='ltr'><strong>hoc</strong></span> <span class='ocrx_word' id='word_1_362' title='bbox 1623 3703 1871 3756; x_wconf 80' lang='lat' dir='ltr'><strong>parvum,</strong></span> <span class='ocrx_word' id='word_1_363' title='bbox 1903 3700 1955 3743; x_wconf 89' lang='lat' dir='ltr'><strong>ct</strong></span> <span class='ocrx_word' id='word_1_364' title='bbox 1998 3690 2202 3743; x_wconf 83' lang='lat' dir='ltr'><strong>Ariana</strong></span> <span class='ocrx_word' id='word_1_365' title='bbox 2240 3689 2358 3745; x_wconf 90' lang='lat' dir='ltr'><strong>labc</strong></span> 
     </span>
    </p>
   </div>
   <div class='ocr_carea' id='block_1_56' title="bbox 784 3777 2355 3850">
    <p class='ocr_par' dir='ltr' id='par_1_56' title="bbox 784 3777 2355 3850">
     <span class='ocr_line' id='line_1_56' title="bbox 784 3777 2355 3850; baseline 0.003 -21"><span class='ocrx_word' id='word_1_366' title='bbox 784 3785 917 3830; x_wconf 91' lang='lat' dir='ltr'><strong>tunc</strong></span> <span class='ocrx_word' id='word_1_367' title='bbox 948 3777 1157 3846; x_wconf 76' lang='lat'><strong>1021</strong></span> <span class='ocrx_word' id='word_1_368' title='bbox 1196 3780 1458 3849; x_wconf 86' lang='lat' dir='ltr'><strong>temporis</strong></span> <span class='ocrx_word' id='word_1_369' title='bbox 1487 3779 1771 3835; x_wconf 89' lang='lat' dir='ltr'><strong>infectum.</strong></span> <span class='ocrx_word' id='word_1_370' title='bbox 1798 3779 1953 3835; x_wconf 86' lang='lat' dir='ltr'><strong>llunc</strong></span> <span class='ocrx_word' id='word_1_371' title='bbox 1988 3796 2120 3850; x_wconf 81' lang='lat' dir='ltr'><strong>ergo</strong></span> <span class='ocrx_word' id='word_1_372' title='bbox 2142 3780 2355 3845; x_wconf 76' lang='lat' dir='ltr'><strong>Marini,</strong></span> 
     </span>
    </p>
   </div>
   <div class='ocr_carea' id='block_1_57' title="bbox 782 3867 2357 3942">
    <p class='ocr_par' dir='ltr' id='par_1_57' title="bbox 782 3867 2357 3942">
     <span class='ocr_line' id='line_1_57' title="bbox 782 3867 2357 3942; baseline 0.005 -25"><span class='ocrx_word' id='word_1_373' title='bbox 782 3867 961 3920; x_wconf 88' lang='lat' dir='ltr'><strong>virum</strong></span> <span class='ocrx_word' id='word_1_374' title='bbox 990 3884 1124 3923; x_wconf 82' lang='lat' dir='ltr'><strong>sane</strong></span> <span class='ocrx_word' id='word_1_375' title='bbox 1165 3868 1523 3934; x_wconf 86' lang='lat' dir='ltr'><strong>laudandum,</strong></span> <span class='ocrx_word' id='word_1_376' title='bbox 1551 3880 1605 3925; x_wconf 87' lang='lat' dir='ltr'><strong>et</strong></span> <span class='ocrx_word' id='word_1_377' title='bbox 1640 3871 1826 3926; x_wconf 89' lang='lat' dir='ltr'><strong>multis</strong></span> <span class='ocrx_word' id='word_1_378' title='bbox 1854 3873 2115 3925; x_wconf 89' lang='lat' dir='ltr'><strong>virtutum</strong></span> <span class='ocrx_word' id='word_1_379' title='bbox 2144 3874 2357 3942; x_wconf 79' lang='lat' dir='ltr'><strong>generi-</strong></span> 
     </span>
    </p>
   </div>
   <div class='ocr_carea' id='block_1_58' title="bbox 781 3961 2358 4032">
    <p class='ocr_par' dir='ltr' id='par_1_58' title="bbox 781 3961 2358 4032">
     <span class='ocr_line' id='line_1_58' title="bbox 781 3961 2358 4032; baseline 0.004 -18"><span class='ocrx_word' id='word_1_380' title='bbox 781 3961 887 4016; x_wconf 88' lang='lat' dir='ltr'><strong>bus</strong></span> <span class='ocrx_word' id='word_1_381' title='bbox 931 3961 1222 4025; x_wconf 88' lang='lat' dir='ltr'><strong>illustrem,</strong></span> <span class='ocrx_word' id='word_1_382' title='bbox 1272 3962 1324 4016; x_wconf 93' lang='lat' dir='ltr'><strong>in</strong></span> <span class='ocrx_word' id='word_1_383' title='bbox 1371 3963 1671 4032; x_wconf 85' lang='lat' dir='ltr'><strong>episcopali</strong></span> <span class='ocrx_word' id='word_1_384' title='bbox 1706 3964 1834 4018; x_wconf 90' lang='lat' dir='ltr'><strong>sede</strong></span> <span class='ocrx_word' id='word_1_385' title='bbox 1865 3964 2141 4019; x_wconf 87' lang='lat' dir='ltr'><strong>collocare</strong></span> <span class='ocrx_word' id='word_1_386' title='bbox 2172 3966 2358 4020; x_wconf 87' lang='lat' dir='ltr'><strong>volens</strong></span> 
     </span>
    </p>
   </div>
   <div class='ocr_carea' id='block_1_59' title="bbox 783 4052 2356 4122">
    <p class='ocr_par' dir='ltr' id='par_1_59' title="bbox 783 4052 2356 4122">
     <span class='ocr_line' id='line_1_59' title="bbox 783 4052 2356 4122; baseline 0.003 -15"><span class='ocrx_word' id='word_1_387' title='bbox 783 4067 1015 4122; x_wconf 88' lang='lat' dir='ltr'><strong>magnus</strong></span> <span class='ocrx_word' id='word_1_388' title='bbox 1072 4052 1366 4119; x_wconf 87' lang='lat' dir='ltr'><strong>Eusebius,</strong></span> <span class='ocrx_word' id='word_1_389' title='bbox 1434 4053 1715 4108; x_wconf 87' lang='lat' dir='ltr'><strong>Dolicham</strong></span> <span class='ocrx_word' id='word_1_390' title='bbox 1778 4055 1946 4109; x_wconf 87' lang='lat' dir='ltr'><strong>venit.</strong></span> <span class='ocrx_word' id='word_1_391' title='bbox 2008 4055 2207 4111; x_wconf 89' lang='lat' dir='ltr'><strong>Urbem</strong></span> <span class='ocrx_word' id='word_1_392' title='bbox 2274 4058 2356 4111; x_wconf 90' lang='lat' dir='ltr'><strong>in-</strong></span> 
     </span>
    </p>
   </div>
   <div class='ocr_carea' id='block_1_60' title="bbox 782 4141 2355 4213">
    <p class='ocr_par' dir='ltr' id='par_1_60' title="bbox 782 4141 2355 4213">
     <span class='ocr_line' id='line_1_60' title="bbox 782 4141 2355 4213; baseline 0.005 -19"><span class='ocrx_word' id='word_1_393' title='bbox 782 4142 1022 4196; x_wconf 87' lang='lat' dir='ltr'><strong>troeunti</strong></span> <span class='ocrx_word' id='word_1_394' title='bbox 1069 4143 1271 4197; x_wconf 91' lang='lat' dir='ltr'><strong>mulier</strong></span> <span class='ocrx_word' id='word_1_395' title='bbox 1312 4141 1585 4212; x_wconf 61' lang='lat' dir='ltr'><strong>quaedam,</strong></span> <span class='ocrx_word' id='word_1_396' title='bbox 1634 4144 1826 4197; x_wconf 89' lang='lat' dir='ltr'><strong>ariaua</strong></span> <span class='ocrx_word' id='word_1_397' title='bbox 1874 4156 2028 4213; x_wconf 87' lang='lat' dir='ltr'><strong>peste</strong></span> <span class='ocrx_word' id='word_1_398' title='bbox 2078 4146 2355 4212; x_wconf 89' lang='lat' dir='ltr'><strong>laborans,</strong></span> 
     </span>
    </p>
   </div>
   <div class='ocr_carea' id='block_1_61' title="bbox 782 4233 2357 4308">
    <p class='ocr_par' dir='ltr' id='par_1_61' title="bbox 782 4233 2357 4308">
     <span class='ocr_line' id='line_1_61' title="bbox 782 4233 2357 4308; baseline 0.003 -19"><span class='ocrx_word' id='word_1_399' title='bbox 782 4233 1036 4303; x_wconf 87' lang='lat' dir='ltr'><strong>conjecta</strong></span> <span class='ocrx_word' id='word_1_400' title='bbox 1086 4234 1155 4289; x_wconf 90' lang='lat' dir='ltr'><strong>de</strong></span> <span class='ocrx_word' id='word_1_401' title='bbox 1216 4244 1358 4289; x_wconf 89' lang='lat' dir='ltr'><strong>tecto</strong></span> <span class='ocrx_word' id='word_1_402' title='bbox 1418 4237 1600 4306; x_wconf 82' lang='lat' dir='ltr'><strong>tegula</strong></span> <span class='ocrx_word' id='word_1_403' title='bbox 1650 4244 1817 4305; x_wconf 87' lang='lat' dir='ltr'><strong>caput</strong></span> <span class='ocrx_word' id='word_1_404' title='bbox 1875 4236 2047 4301; x_wconf 91' lang='lat' dir='ltr'><strong>illisit,</strong></span> <span class='ocrx_word' id='word_1_405' title='bbox 2077 4253 2253 4308; x_wconf 87' lang='lat' dir='ltr'><strong>eoque</strong></span> <span class='ocrx_word' id='word_1_406' title='bbox 2292 4256 2357 4294; x_wconf 76' lang='lat' dir='ltr'><strong>ex</strong></span> 
     </span>
    </p>
   </div>
   <div class='ocr_carea' id='block_1_62' title="bbox 782 4328 2360 4397">
    <p class='ocr_par' dir='ltr' id='par_1_62' title="bbox 782 4328 2360 4397">
     <span class='ocr_line' id='line_1_62' title="bbox 782 4328 2360 4397; baseline 0.001 -15"><span class='ocrx_word' id='word_1_407' title='bbox 782 4330 1013 4383; x_wconf 86' lang='lat' dir='ltr'><strong>vulnere</strong></span> <span class='ocrx_word' id='word_1_408' title='bbox 1051 4328 1193 4383; x_wconf 88' lang='lat' dir='ltr'><strong>haud</strong></span> <span class='ocrx_word' id='word_1_409' title='bbox 1243 4329 1416 4383; x_wconf 90' lang='lat' dir='ltr'><strong>multo</strong></span> <span class='ocrx_word' id='word_1_410' title='bbox 1452 4338 1573 4397; x_wconf 88' lang='lat' dir='ltr'><strong>post</strong></span> <span class='ocrx_word' id='word_1_411' title='bbox 1625 4330 1691 4382; x_wconf 91' lang='lat' dir='ltr'><strong>ad</strong></span> <span class='ocrx_word' id='word_1_412' title='bbox 1740 4329 2016 4383; x_wconf 87' lang='lat' dir='ltr'><strong>meliorem</strong></span> <span class='ocrx_word' id='word_1_413' title='bbox 2049 4330 2213 4384; x_wconf 90' lang='lat' dir='ltr'><strong>vitam</strong></span> <span class='ocrx_word' id='word_1_414' title='bbox 2257 4332 2360 4383; x_wconf 90' lang='lat' dir='ltr'><strong>mi-</strong></span> 
     </span>
    </p>
   </div>
   <div class='ocr_carea' id='block_1_63' title="bbox 783 4417 2361 4491">
    <p class='ocr_par' dir='ltr' id='par_1_63' title="bbox 783 4417 2361 4491">
     <span class='ocr_line' id='line_1_63' title="bbox 783 4417 2361 4491; baseline 0.003 -19"><span class='ocrx_word' id='word_1_415' title='bbox 783 4419 983 4487; x_wconf 74' lang='lat' dir='ltr'><strong>gravit.</strong></span> <span class='ocrx_word' id='word_1_416' title='bbox 1026 4417 1185 4473; x_wconf 84' lang='lat' dir='ltr'><strong>Morti</strong></span> <span class='ocrx_word' id='word_1_417' title='bbox 1225 4428 1410 4475; x_wconf 90' lang='lat' dir='ltr'><strong>autem</strong></span> <span class='ocrx_word' id='word_1_418' title='bbox 1445 4420 1659 4474; x_wconf 84' lang='lat' dir='ltr'><strong>vicinus</strong></span> <span class='ocrx_word' id='word_1_419' title='bbox 1691 4434 1786 4475; x_wconf 87' lang='lat' dir='ltr'><strong>eos</strong></span> <span class='ocrx_word' id='word_1_420' title='bbox 1816 4420 1909 4488; x_wconf 91' lang='lat' dir='ltr'><strong>qui</strong></span> <span class='ocrx_word' id='word_1_421' title='bbox 1948 4420 2178 4475; x_wconf 89' lang='lat' dir='ltr'><strong>aderant</strong></span> <span class='ocrx_word' id='word_1_422' title='bbox 2207 4421 2361 4491; x_wconf 88' lang='lat' dir='ltr'><strong>jure-</strong></span> 
     </span>
    </p>
   </div>
   <div class='ocr_carea' id='block_1_64' title="bbox 2465 1957 4043 2031">
    <p class='ocr_par' dir='ltr' id='par_1_64' title="bbox 2465 1957 4043 2031">
     <span class='ocr_line' id='line_1_64' title="bbox 2465 1957 4043 2031; baseline 0.001 -20"><span class='ocrx_word' id='word_1_423' title='bbox 2465 1957 2573 2012; x_wconf 87' lang='grc' dir='ltr'><strong>θὼν</strong></span> <span class='ocrx_word' id='word_1_424' title='bbox 2621 1960 2730 2031; x_wconf 83' lang='grc' dir='ltr'>γὰρ</span> <span class='ocrx_word' id='word_1_425' title='bbox 2783 1960 2886 2015; x_wconf 85' lang='grc' dir='ltr'><strong>ὑπὸ</strong></span> <span class='ocrx_word' id='word_1_426' title='bbox 2938 1961 3037 2030; x_wconf 78' lang='grc' dir='ltr'>τῆς</span> <span class='ocrx_word' id='word_1_427' title='bbox 3081 1961 3331 2024; x_wconf 81' lang='grc' dir='ltr'>Εὐδοξίου</span> <span class='ocrx_word' id='word_1_428' title='bbox 3366 1959 3544 2030; x_wconf 87' lang='grc' dir='ltr'>λώϐης</span> <span class='ocrx_word' id='word_1_429' title='bbox 3589 1960 3913 2031; x_wconf 79' lang='grc' dir='ltr'>διεφθάρθαι</span> <span class='ocrx_word' id='word_1_430' title='bbox 3943 1960 4043 2030; x_wconf 62' lang='grc' dir='ltr'><strong>τὴν</strong></span> 
     </span>
    </p>
   </div>
   <div class='ocr_carea' id='block_1_65' title="bbox 2462 2049 4043 2122">
    <p class='ocr_par' dir='ltr' id='par_1_65' title="bbox 2462 2049 4043 2122">
     <span class='ocr_line' id='line_1_65' title="bbox 2462 2049 4043 2122; baseline -0.001 -19"><span class='ocrx_word' id='word_1_431' title='bbox 2462 2051 2861 2121; x_wconf 85' lang='grc' dir='ltr'>Γερμανίκειαν</span> <span class='ocrx_word' id='word_1_432' title='bbox 2890 2049 3062 2122; x_wconf 69' lang='lat'><strong>[205],</strong></span> <span class='ocrx_word' id='word_1_433' title='bbox 3086 2050 3274 2104; x_wconf 82' lang='grc' dir='ltr'>τοῦτον</span> <span class='ocrx_word' id='word_1_434' title='bbox 3299 2050 3587 2104; x_wconf 89' lang='grc' dir='ltr'>ἀπέστειλε</span> <span class='ocrx_word' id='word_1_435' title='bbox 3644 2049 3829 2121; x_wconf 72' lang='grc' dir='ltr'>ἰατρὸν</span> <span class='ocrx_word' id='word_1_436' title='bbox 3859 2050 4043 2113; x_wconf 81' lang='grc' dir='ltr'>ἀλεξί-</span> 
     </span>
    </p>
   </div>
   <div class='ocr_carea' id='block_1_66' title="bbox 2459 2137 4042 2213">
    <p class='ocr_par' dir='ltr' id='par_1_66' title="bbox 2459 2137 4042 2213">
     <span class='ocr_line' id='line_1_66' title="bbox 2459 2137 4042 2213; baseline -0.001 -19"><span class='ocrx_word' id='word_1_437' title='bbox 2459 2158 2628 2195; x_wconf 86' lang='grc' dir='ltr'>κακον</span> <span class='ocrx_word' id='word_1_438' title='bbox 2654 2157 2667 2171; x_wconf 80' lang='lat'><strong><em>°</em></strong></span> <span class='ocrx_word' id='word_1_439' title='bbox 2729 2142 2823 2194; x_wconf 78' lang='grc' dir='ltr'>καὶ</span> <span class='ocrx_word' id='word_1_440' title='bbox 2853 2142 2942 2196; x_wconf 82' lang='grc' dir='ltr'>διὰ</span> <span class='ocrx_word' id='word_1_441' title='bbox 2976 2143 3157 2213; x_wconf 86' lang='grc' dir='ltr'>πάσης</span> <span class='ocrx_word' id='word_1_442' title='bbox 3183 2142 3291 2213; x_wconf 84' lang='grc' dir='ltr'>γὰρ</span> <span class='ocrx_word' id='word_1_443' title='bbox 3322 2137 3458 2213; x_wconf 81' lang='grc' dir='ltr'>ἦκτο</span> <span class='ocrx_word' id='word_1_444' title='bbox 3503 2141 3752 2204; x_wconf 75' lang='grc' dir='ltr'>παιδείας</span> <span class='ocrx_word' id='word_1_445' title='bbox 3796 2141 4042 2211; x_wconf 82' lang='grc' dir='ltr'>Ἐλληνι-</span> 
     </span>
    </p>
   </div>
   <div class='ocr_carea' id='block_1_67' title="bbox 2460 2232 4043 2305">
    <p class='ocr_par' dir='ltr' id='par_1_67' title="bbox 2460 2232 4043 2305">
     <span class='ocr_line' id='line_1_67' title="bbox 2460 2232 4043 2305; baseline -0.009 -8"><span class='ocrx_word' id='word_1_446' title='bbox 2460 2233 2584 2302; x_wconf 85' lang='grc' dir='ltr'><strong>κῆς,</strong></span> <span class='ocrx_word' id='word_1_447' title='bbox 2618 2232 2714 2286; x_wconf 76' lang='grc' dir='ltr'>καὶ</span> <span class='ocrx_word' id='word_1_448' title='bbox 2747 2235 2858 2294; x_wconf 80' lang='grc' dir='ltr'>τοῖς</span> <span class='ocrx_word' id='word_1_449' title='bbox 2890 2233 3055 2297; x_wconf 83' lang='grc' dir='ltr'>θείοις</span> <span class='ocrx_word' id='word_1_450' title='bbox 3076 2233 3438 2305; x_wconf 87' lang='grc' dir='ltr'>ἐνετέθραπτο</span> <span class='ocrx_word' id='word_1_451' title='bbox 3469 2232 3721 2301; x_wconf 84' lang='grc' dir='ltr'>δόγμασι.</span> <span class='ocrx_word' id='word_1_452' title='bbox 3778 2233 3889 2284; x_wconf 75' lang='grc' dir='ltr'><strong>Καὶ</strong></span> <span class='ocrx_word' id='word_1_453' title='bbox 3941 2232 4043 2301; x_wconf 73' lang='grc' dir='ltr'>τῆς</span> 
     </span>
    </p>
   </div>
   <div class='ocr_carea' id='block_1_68' title="bbox 2459 2321 4046 2394">
    <p class='ocr_par' dir='ltr' id='par_1_68' title="bbox 2459 2321 4046 2394">
     <span class='ocr_line' id='line_1_68' title="bbox 2459 2321 4046 2394; baseline -0.003 -18"><span class='ocrx_word' id='word_1_454' title='bbox 2459 2323 2673 2387; x_wconf 88' lang='grc' dir='ltr'>ἐλπίδος</span> <span class='ocrx_word' id='word_1_455' title='bbox 2703 2324 2803 2377; x_wconf 86' lang='grc' dir='ltr'><strong>οὐκ</strong></span> <span class='ocrx_word' id='word_1_456' title='bbox 2834 2323 3096 2394; x_wconf 84' lang='grc' dir='ltr'>ἐψεύσθη.</span> <span class='ocrx_word' id='word_1_457' title='bbox 3127 2325 3207 2394; x_wconf 82' lang='grc' dir='ltr'><strong>Τῇ</strong></span> <span class='ocrx_word' id='word_1_458' title='bbox 3238 2324 3346 2394; x_wconf 86' lang='grc' dir='ltr'><strong>γάρ</strong></span> <span class='ocrx_word' id='word_1_459' title='bbox 3379 2325 3723 2393; x_wconf 83' lang='grc' dir='ltr'>πνευματικῇ</span> <span class='ocrx_word' id='word_1_460' title='bbox 3757 2321 4046 2392; x_wconf 77' lang='grc' dir='ltr'>χρώμενος</span> 
     </span>
    </p>
   </div>
   <div class='ocr_carea' id='block_1_69' title="bbox 2457 2414 4045 2487">
    <p class='ocr_par' dir='ltr' id='par_1_69' title="bbox 2457 2414 4045 2487">
     <span class='ocr_line' id='line_1_69' title="bbox 2457 2414 4045 2487; baseline -0.003 -17"><span class='ocrx_word' id='word_1_461' title='bbox 2457 2417 2775 2487; x_wconf 77' lang='grc' dir='ltr'>διδασκαλίᾳ</span> <span class='ocrx_word' id='word_1_462' title='bbox 2801 2416 3065 2485; x_wconf 88' lang='grc' dir='ltr'>μετέλαϐε</span> <span class='ocrx_word' id='word_1_463' title='bbox 3090 2416 3217 2479; x_wconf 87' lang='grc' dir='ltr'>τοὺς</span> <span class='ocrx_word' id='word_1_464' title='bbox 3247 2414 3446 2478; x_wconf 87' lang='grc' dir='ltr'>λύκους</span> <span class='ocrx_word' id='word_1_465' title='bbox 3474 2416 3554 2476; x_wconf 76' lang='grc' dir='ltr'>εἰς</span> <span class='ocrx_word' id='word_1_466' title='bbox 3582 2414 3849 2486; x_wconf 74' lang='grc' dir='ltr'>πρόϐατα.</span> <span class='ocrx_word' id='word_1_467' title='bbox 3893 2415 3955 2466; x_wconf 87' lang='grc' dir='ltr'>Ὁ</span> <span class='ocrx_word' id='word_1_468' title='bbox 3988 2414 4045 2466; x_wconf 69' lang='grc' dir='ltr'><strong>δὲ</strong></span> 
     </span>
    </p>
   </div>
   <div class='ocr_carea' id='block_1_70' title="bbox 2462 2504 4046 2579">
    <p class='ocr_par' dir='ltr' id='par_1_70' title="bbox 2462 2504 4046 2579">
     <span class='ocr_line' id='line_1_70' title="bbox 2462 2504 4046 2579; baseline -0.004 -17"><span class='ocrx_word' id='word_1_469' title='bbox 2462 2508 2631 2579; x_wconf 84' lang='grc' dir='ltr'>μέγας</span> <span class='ocrx_word' id='word_1_470' title='bbox 2664 2508 2938 2573; x_wconf 89' lang='grc' dir='ltr'>Εὐσέϐιος,</span> <span class='ocrx_word' id='word_1_471' title='bbox 2968 2510 3032 2561; x_wconf 85' lang='grc' dir='ltr'><strong>ἐκ</strong></span> <span class='ocrx_word' id='word_1_472' title='bbox 3060 2508 3159 2577; x_wconf 82' lang='grc' dir='ltr'>τ’ἠς</span> <span class='ocrx_word' id='word_1_473' title='bbox 3180 2506 3477 2578; x_wconf 82' lang='grc' dir='ltr'>ὑπερορίας</span> <span class='ocrx_word' id='word_1_474' title='bbox 3510 2504 3843 2569; x_wconf 73' lang='grc' dir='ltr'>ἐπανελθὼν,</span> <span class='ocrx_word' id='word_1_475' title='bbox 3878 2505 4046 2557; x_wconf 77' lang='grc' dir='ltr'>Ἀκά-</span> 
     </span>
    </p>
   </div>
   <div class='ocr_carea' id='block_1_71' title="bbox 2457 2589 4045 2667">
    <p class='ocr_par' dir='ltr' id='par_1_71' title="bbox 2457 2589 4045 2667">
     <span class='ocr_line' id='line_1_71' title="bbox 2457 2589 4045 2667; baseline -0.003 -16"><span class='ocrx_word' id='word_1_476' title='bbox 2457 2615 2574 2651; x_wconf 84' lang='grc' dir='ltr'>κιον</span> <span class='ocrx_word' id='word_1_477' title='bbox 2621 2597 2739 2667; x_wconf 84' lang='grc' dir='ltr'>μὲν,</span> <span class='ocrx_word' id='word_1_478' title='bbox 2770 2589 2829 2650; x_wconf 75' lang='grc' dir='ltr'>οὗ</span> <span class='ocrx_word' id='word_1_479' title='bbox 2862 2597 2993 2651; x_wconf 86' lang='grc' dir='ltr'><strong>πολύ</strong></span> <span class='ocrx_word' id='word_1_480' title='bbox 3040 2595 3101 2649; x_wconf 73' lang='grc' dir='ltr'>τὸ</span> <span class='ocrx_word' id='word_1_481' title='bbox 3132 2596 3312 2659; x_wconf 81' lang='grc' dir='ltr'>κλέος,</span> <span class='ocrx_word' id='word_1_482' title='bbox 3344 2597 3401 2648; x_wconf 86' lang='grc' dir='ltr'><strong>ἐν</strong></span> <span class='ocrx_word' id='word_1_483' title='bbox 3443 2595 3639 2665; x_wconf 66' lang='grc' dir='ltr'>Βεροίᾳ</span> <span class='ocrx_word' id='word_1_484' title='bbox 3661 2594 4045 2663; x_wconf 76' lang='grc' dir='ltr'><strong>κεχειροτόνη⁶</strong></span> 
     </span>
    </p>
   </div>
   <div class='ocr_carea' id='block_1_72' title="bbox 2459 2680 4051 2757">
    <p class='ocr_par' dir='ltr' id='par_1_72' title="bbox 2459 2680 4051 2757">
     <span class='ocr_line' id='line_1_72' title="bbox 2459 2680 4051 2757; baseline -0.003 -17"><span class='ocrx_word' id='word_1_485' title='bbox 2459 2705 2552 2740; x_wconf 88' lang='grc' dir='ltr'><strong>κεν</strong></span> <span class='ocrx_word' id='word_1_486' title='bbox 2584 2705 2596 2718; x_wconf 90' lang='grc'><strong>·</strong></span> <span class='ocrx_word' id='word_1_487' title='bbox 2649 2688 2705 2739; x_wconf 90' lang='grc' dir='ltr'><strong>ἐν</strong></span> <span class='ocrx_word' id='word_1_488' title='bbox 2742 2687 3038 2757; x_wconf 80' lang='grc' dir='ltr'>Ἱεραπόλει</span> <span class='ocrx_word' id='word_1_489' title='bbox 3070 2686 3128 2739; x_wconf 80' lang='grc' dir='ltr'><strong>δέ</strong></span> <span class='ocrx_word' id='word_1_490' title='bbox 3161 2686 3416 2739; x_wconf 86' lang='grc' dir='ltr'>Θεόδοτον</span> <span class='ocrx_word' id='word_1_491' title='bbox 3440 2686 3528 2751; x_wconf 72' lang='grc'><strong>⁸⁸⁸,</strong></span> <span class='ocrx_word' id='word_1_492' title='bbox 3564 2680 3626 2737; x_wconf 72' lang='grc' dir='ltr'>οὗ</span> <span class='ocrx_word' id='word_1_493' title='bbox 3672 2686 3771 2754; x_wconf 79' lang='grc' dir='ltr'>τὴν</span> <span class='ocrx_word' id='word_1_494' title='bbox 3815 2688 4051 2754; x_wconf 70' lang='grc' dir='ltr'>ἀσκητι-</span> 
     </span>
    </p>
   </div>
   <div class='ocr_carea' id='block_1_73' title="bbox 2460 2776 4045 2849">
    <p class='ocr_par' dir='ltr' id='par_1_73' title="bbox 2460 2776 4045 2849">
     <span class='ocr_line' id='line_1_73' title="bbox 2460 2776 4045 2849; baseline -0.003 -18"><span class='ocrx_word' id='word_1_495' title='bbox 2460 2778 2560 2847; x_wconf 85' lang='grc' dir='ltr'>κὴν</span> <span class='ocrx_word' id='word_1_496' title='bbox 2592 2777 2865 2831; x_wconf 87' lang='grc' dir='ltr'>πολιτείαν</span> <span class='ocrx_word' id='word_1_497' title='bbox 2896 2777 3056 2849; x_wconf 88' lang='grc' dir='ltr'>μέχρι</span> <span class='ocrx_word' id='word_1_498' title='bbox 3087 2778 3181 2830; x_wconf 77' lang='grc' dir='ltr'>καὶ</span> <span class='ocrx_word' id='word_1_499' title='bbox 3210 2780 3450 2847; x_wconf 87' lang='grc' dir='ltr'>τήμερον</span> <span class='ocrx_word' id='word_1_500' title='bbox 3505 2776 3725 2847; x_wconf 78' lang='grc' dir='ltr'>ᾅδουσιν</span> <span class='ocrx_word' id='word_1_501' title='bbox 3777 2776 4045 2836; x_wconf 76' lang='grc' dir='ltr'>ἅπαντες.</span> 
     </span>
    </p>
   </div>
   <div class='ocr_carea' id='block_1_74' title="bbox 2460 2868 4049 2939">
    <p class='ocr_par' dir='ltr' id='par_1_74' title="bbox 2460 2868 4049 2939">
     <span class='ocr_line' id='line_1_74' title="bbox 2460 2868 4049 2939; baseline -0.001 -17"><span class='ocrx_word' id='word_1_502' title='bbox 2460 2869 2716 2923; x_wconf 84' lang='grc' dir='ltr'>Εὐσέϐιον</span> <span class='ocrx_word' id='word_1_503' title='bbox 2768 2869 2826 2922; x_wconf 81' lang='grc' dir='ltr'><strong>δέ</strong></span> <span class='ocrx_word' id='word_1_504' title='bbox 2884 2868 3151 2932; x_wconf 83' lang='grc' dir='ltr'>Χαλκίδος</span> <span class='ocrx_word' id='word_1_505' title='bbox 3196 2869 3265 2935; x_wconf 83' lang='grc'><strong>⁸⁷,</strong></span> <span class='ocrx_word' id='word_1_506' title='bbox 3318 2870 3498 2939; x_wconf 81' lang='grc' dir='ltr'>Κύρου</span> <span class='ocrx_word' id='word_1_507' title='bbox 3531 2869 3587 2922; x_wconf 81' lang='grc' dir='ltr'><strong>δὲ</strong></span> <span class='ocrx_word' id='word_1_508' title='bbox 3619 2869 3717 2939; x_wconf 80' lang='grc' dir='ltr'>τῆς</span> <span class='ocrx_word' id='word_1_509' title='bbox 3766 2869 4049 2939; x_wconf 76' lang='grc' dir='ltr'>ἡμετέρας</span> 
     </span>
    </p>
   </div>
   <div class='ocr_carea' id='block_1_75' title="bbox 2472 2963 4050 3035">
    <p class='ocr_par' dir='ltr' id='par_1_75' title="bbox 2472 2963 4050 3035">
     <span class='ocr_line' id='line_1_75' title="bbox 2472 2963 4050 3035; baseline -0.002 -18"><span class='ocrx_word' id='word_1_510' title='bbox 2472 2965 2759 3035; x_wconf 80' lang='grc' dir='ltr'>Ἰσίδωρον·</span> <span class='ocrx_word' id='word_1_511' title='bbox 2786 2964 3101 3032; x_wconf 78' lang='grc' dir='ltr'>ἀξιαγάστω</span> <span class='ocrx_word' id='word_1_512' title='bbox 3119 2965 3175 3017; x_wconf 83' lang='grc' dir='ltr'>δὲ</span> <span class='ocrx_word' id='word_1_513' title='bbox 3198 2966 3368 3035; x_wconf 78' lang='grc' dir='ltr'>ἡστην</span> <span class='ocrx_word' id='word_1_514' title='bbox 3400 2965 3584 3033; x_wconf 80' lang='grc' dir='ltr'>ἄμφω,</span> <span class='ocrx_word' id='word_1_515' title='bbox 3616 2964 3707 3017; x_wconf 67' lang='grc' dir='ltr'>καὶ</span> <span class='ocrx_word' id='word_1_516' title='bbox 3736 2963 3886 3033; x_wconf 76' lang='grc' dir='ltr'>ζήλῳ</span> <span class='ocrx_word' id='word_1_517' title='bbox 3916 2965 4050 3033; x_wconf 77' lang='grc' dir='ltr'>θείῳ</span> 
     </span>
    </p>
   </div>
   <div class='ocr_carea' id='block_1_76' title="bbox 2461 3055 4050 3126">
    <p class='ocr_par' dir='ltr' id='par_1_76' title="bbox 2461 3055 4050 3126">
     <span class='ocr_line' id='line_1_76' title="bbox 2461 3055 4050 3126; baseline -0.003 -17"><span class='ocrx_word' id='word_1_518' title='bbox 2461 3057 2880 3126; x_wconf 85' lang='grc' dir='ltr'>κεκοσμημένω.</span> <span class='ocrx_word' id='word_1_519' title='bbox 2929 3056 3066 3109; x_wconf 77' lang='grc' dir='ltr'>Φασὶ</span> <span class='ocrx_word' id='word_1_520' title='bbox 3096 3056 3153 3108; x_wconf 80' lang='grc' dir='ltr'><strong>δὲ</strong></span> <span class='ocrx_word' id='word_1_521' title='bbox 3187 3055 3349 3109; x_wconf 73' lang='grc' dir='ltr'>αὐτὸν</span> <span class='ocrx_word' id='word_1_522' title='bbox 3376 3056 3469 3108; x_wconf 71' lang='grc' dir='ltr'><strong>καὶ</strong></span> <span class='ocrx_word' id='word_1_523' title='bbox 3497 3055 3755 3123; x_wconf 78' lang='grc' dir='ltr'>Εὐλόγιον</span> <span class='ocrx_word' id='word_1_524' title='bbox 3809 3056 4050 3119; x_wconf 80' lang='grc' dir='ltr'>ἐκεῖνον,</span> 
     </span>
    </p>
   </div>
   <div class='ocr_carea' id='block_1_77' title="bbox 2459 3147 4050 3217">
    <p class='ocr_par' dir='ltr' id='par_1_77' title="bbox 2459 3147 4050 3217">
     <span class='ocr_line' id='line_1_77' title="bbox 2459 3147 4050 3217; baseline -0.003 -17"><span class='ocrx_word' id='word_1_525' title='bbox 2459 3150 2550 3201; x_wconf 78' lang='grc' dir='ltr'><strong>τὸν</strong></span> <span class='ocrx_word' id='word_1_526' title='bbox 2574 3148 2712 3217; x_wconf 78' lang='grc' dir='ltr'>ὑπὲρ</span> <span class='ocrx_word' id='word_1_527' title='bbox 2734 3148 2842 3200; x_wconf 83' lang='grc' dir='ltr'>τῶν</span> <span class='ocrx_word' id='word_1_528' title='bbox 2868 3148 3239 3201; x_wconf 85' lang='grc' dir='ltr'>ἁποστολικῶν</span> <span class='ocrx_word' id='word_1_529' title='bbox 3261 3148 3633 3217; x_wconf 78' lang='grc' dir='ltr'>ἠγωνισμένον</span> <span class='ocrx_word' id='word_1_530' title='bbox 3656 3148 3702 3178; x_wconf 80' lang='grc'><strong>⁸⁸</strong></span> <span class='ocrx_word' id='word_1_531' title='bbox 3731 3147 4050 3215; x_wconf 78' lang='grc' dir='ltr'>δογμάτων,</span> 
     </span>
    </p>
   </div>
   <div class='ocr_carea' id='block_1_78' title="bbox 2461 3238 4053 3310">
    <p class='ocr_par' dir='ltr' id='par_1_78' title="bbox 2461 3238 4053 3310">
     <span class='ocr_line' id='line_1_78' title="bbox 2461 3238 4053 3310; baseline -0.001 -19"><span class='ocrx_word' id='word_1_532' title='bbox 2461 3241 2555 3292; x_wconf 73' lang='grc' dir='ltr'><strong>καὶ</strong></span> <span class='ocrx_word' id='word_1_533' title='bbox 2596 3241 2675 3302; x_wconf 82' lang='grc' dir='ltr'><strong>είς</strong></span> <span class='ocrx_word' id='word_1_534' title='bbox 2718 3241 2818 3310; x_wconf 75' lang='grc' dir='ltr'><strong>τὴν</strong></span> <span class='ocrx_word' id='word_1_535' title='bbox 2860 3240 3085 3292; x_wconf 82' lang='grc' dir='ltr'>Ἀντινὼ</span> <span class='ocrx_word' id='word_1_536' title='bbox 3121 3239 3258 3310; x_wconf 85' lang='grc' dir='ltr'><strong>μετά</strong></span> <span class='ocrx_word' id='word_1_537' title='bbox 3286 3239 3669 3310; x_wconf 85' lang='grc' dir='ltr'>Πρωτογένους</span> <span class='ocrx_word' id='word_1_538' title='bbox 3698 3238 4053 3308; x_wconf 79' lang='grc' dir='ltr'>ἀπεσταλμέ-</span> 
     </span>
    </p>
   </div>
   <div class='ocr_carea' id='block_1_79' title="bbox 2460 3329 4049 3401">
    <p class='ocr_par' dir='ltr' id='par_1_79' title="bbox 2460 3329 4049 3401">
     <span class='ocr_line' id='line_1_79' title="bbox 2460 3329 4049 3401; baseline 0 -18"><span class='ocrx_word' id='word_1_539' title='bbox 2460 3350 2568 3394; x_wconf 89' lang='grc' dir='ltr'>νον,</span> <span class='ocrx_word' id='word_1_540' title='bbox 2594 3332 2692 3400; x_wconf 81' lang='grc' dir='ltr'>τῆς</span> <span class='ocrx_word' id='word_1_541' title='bbox 2732 3331 2949 3401; x_wconf 83' lang='grc' dir='ltr'>Ἐδέσης</span> <span class='ocrx_word' id='word_1_542' title='bbox 2979 3333 3022 3364; x_wconf 76' lang='grc'><strong>⁸⁸</strong></span> <span class='ocrx_word' id='word_1_543' title='bbox 3047 3331 3555 3401; x_wconf 81' lang='grc' dir='ltr'>κεχειροτονηκέναι</span> <span class='ocrx_word' id='word_1_544' title='bbox 3592 3329 3827 3399; x_wconf 87' lang='grc' dir='ltr'>ποιμένα</span> <span class='ocrx_word' id='word_1_545' title='bbox 3860 3346 3874 3359; x_wconf 90' lang='grc'><strong>·</strong></span> <span class='ocrx_word' id='word_1_546' title='bbox 3903 3331 4049 3400; x_wconf 81' lang='grc' dir='ltr'>Βάρ-</span> 
     </span>
    </p>
   </div>
   <div class='ocr_carea' id='block_1_80' title="bbox 2462 3418 4048 3491">
    <p class='ocr_par' dir='ltr' id='par_1_80' title="bbox 2462 3418 4048 3491">
     <span class='ocr_line' id='line_1_80' title="bbox 2462 3418 4048 3491; baseline -0.001 -18"><span class='ocrx_word' id='word_1_547' title='bbox 2462 3438 2561 3490; x_wconf 88' lang='grc' dir='ltr'><strong>σης</strong></span> <span class='ocrx_word' id='word_1_548' title='bbox 2601 3422 2709 3490; x_wconf 84' lang='grc' dir='ltr'><strong>γάρ</strong></span> <span class='ocrx_word' id='word_1_549' title='bbox 2747 3423 2774 3473; x_wconf 84' lang='grc' dir='ltr'>ὁ</span> <span class='ocrx_word' id='word_1_550' title='bbox 2809 3421 3090 3482; x_wconf 86' lang='grc' dir='ltr'>θεσπέσιος</span> <span class='ocrx_word' id='word_1_551' title='bbox 3127 3422 3226 3491; x_wconf 75' lang='grc' dir='ltr'>ἤδη</span> <span class='ocrx_word' id='word_1_552' title='bbox 3253 3420 3345 3473; x_wconf 80' lang='grc' dir='ltr'>τοῦ</span> <span class='ocrx_word' id='word_1_553' title='bbox 3373 3420 3485 3490; x_wconf 84' lang='grc' dir='ltr'>βίον</span> <span class='ocrx_word' id='word_1_554' title='bbox 3520 3419 3751 3481; x_wconf 81' lang='grc' dir='ltr'>τὸτέλος</span> <span class='ocrx_word' id='word_1_555' title='bbox 3778 3418 4048 3472; x_wconf 81' lang='grc' dir='ltr'>ὲδέδεκτο.</span> 
     </span>
    </p>
   </div>
   <div class='ocr_carea' id='block_1_81' title="bbox 2459 3511 4048 3582">
    <p class='ocr_par' dir='ltr' id='par_1_81' title="bbox 2459 3511 4048 3582">
     <span class='ocr_line' id='line_1_81' title="bbox 2459 3511 4048 3582; baseline -0.003 -18"><span class='ocrx_word' id='word_1_556' title='bbox 2459 3513 2715 3579; x_wconf 81' lang='grc' dir='ltr'>Εὐλόγιος</span> <span class='ocrx_word' id='word_1_557' title='bbox 2744 3512 2797 3565; x_wconf 78' lang='grc' dir='ltr'>δὲ</span> <span class='ocrx_word' id='word_1_558' title='bbox 2849 3512 3226 3582; x_wconf 79' lang='grc' dir='ltr'>Πρωτογένην,</span> <span class='ocrx_word' id='word_1_559' title='bbox 3256 3511 3362 3565; x_wconf 88' lang='grc' dir='ltr'>τῶν</span> <span class='ocrx_word' id='word_1_560' title='bbox 3390 3512 3616 3579; x_wconf 80' lang='grc' dir='ltr'>ἀγώνων</span> <span class='ocrx_word' id='word_1_561' title='bbox 3645 3511 3735 3563; x_wconf 78' lang='grc' dir='ltr'><strong>τὸν</strong></span> <span class='ocrx_word' id='word_1_562' title='bbox 3764 3512 4048 3571; x_wconf 71' lang='grc' dir='ltr'>κοινωνὸν,</span> 
     </span>
    </p>
   </div>
   <div class='ocr_carea' id='block_1_82' title="bbox 2458 3599 4049 3673">
    <p class='ocr_par' dir='ltr' id='par_1_82' title="bbox 2458 3599 4049 3673">
     <span class='ocr_line' id='line_1_82' title="bbox 2458 3599 4049 3673; baseline -0.001 -18"><span class='ocrx_word' id='word_1_563' title='bbox 2458 3605 2577 3665; x_wconf 85' lang='grc' dir='ltr'>ταῖς</span> <span class='ocrx_word' id='word_1_564' title='bbox 2611 3605 2825 3672; x_wconf 80' lang='grc' dir='ltr'>Κάραις</span> <span class='ocrx_word' id='word_1_565' title='bbox 2848 3603 2893 3633; x_wconf 82' lang='grc' dir='ltr'><strong>ὀ</strong></span> <span class='ocrx_word' id='word_1_566' title='bbox 2922 3604 3243 3672; x_wconf 83' lang='grc' dir='ltr'>ἐπέστησεν,</span> <span class='ocrx_word' id='word_1_567' title='bbox 3284 3602 3467 3673; x_wconf 85' lang='grc' dir='ltr'>ίατρὺν</span> <span class='ocrx_word' id='word_1_568' title='bbox 3499 3601 3820 3665; x_wconf 81' lang='grc' dir='ltr'>ἀλεξίκακον</span> <span class='ocrx_word' id='word_1_569' title='bbox 3849 3603 3955 3654; x_wconf 83' lang='grc' dir='ltr'><strong>οὐκ</strong></span> <span class='ocrx_word' id='word_1_570' title='bbox 3990 3599 4049 3654; x_wconf 73' lang='grc' dir='ltr'><strong>εὖ</strong></span> 
     </span>
    </p>
   </div>
   <div class='ocr_carea' id='block_1_83' title="bbox 2458 3695 4050 3769">
    <p class='ocr_par' dir='ltr' id='par_1_83' title="bbox 2458 3695 4050 3769">
     <span class='ocr_line' id='line_1_83' title="bbox 2458 3695 4050 3769; baseline -0.003 -18"><span class='ocrx_word' id='word_1_571' title='bbox 2458 3699 2780 3769; x_wconf 81' lang='grc' dir='ltr'>διακειμένη</span> <span class='ocrx_word' id='word_1_572' title='bbox 2811 3697 3195 3768; x_wconf 89' lang='grc' dir='ltr'>δωρησάμενος</span> <span class='ocrx_word' id='word_1_573' title='bbox 3232 3697 3405 3750; x_wconf 90' lang='grc' dir='ltr'>πόλει.</span> <span class='ocrx_word' id='word_1_574' title='bbox 3449 3696 3509 3748; x_wconf 84' lang='grc' dir='ltr'>Ὀ</span> <span class='ocrx_word' id='word_1_575' title='bbox 3532 3696 3586 3749; x_wconf 81' lang='grc' dir='ltr'><strong>δὲ</strong></span> <span class='ocrx_word' id='word_1_576' title='bbox 3617 3696 3757 3759; x_wconf 88' lang='grc' dir='ltr'>θεῖος</span> <span class='ocrx_word' id='word_1_577' title='bbox 3786 3695 4050 3757; x_wconf 80' lang='grc' dir='ltr'>Εὐσέϐιος</span> 
     </span>
    </p>
   </div>
   <div class='ocr_carea' id='block_1_84' title="bbox 2459 3788 4049 3861">
    <p class='ocr_par' dir='ltr' id='par_1_84' title="bbox 2459 3788 4049 3861">
     <span class='ocr_line' id='line_1_84' title="bbox 2459 3788 4049 3861; baseline -0.003 -17"><span class='ocrx_word' id='word_1_578' title='bbox 2459 3792 2689 3861; x_wconf 79' lang='grc' dir='ltr'>ἔσχατον</span> <span class='ocrx_word' id='word_1_579' title='bbox 2720 3790 3016 3843; x_wconf 78' lang='grc' dir='ltr'>ἐπίσκοπον</span> <span class='ocrx_word' id='word_1_580' title='bbox 3048 3790 3232 3859; x_wconf 87' lang='grc' dir='ltr'>Μάριν</span> <span class='ocrx_word' id='word_1_581' title='bbox 3266 3792 3329 3861; x_wconf 83' lang='grc' dir='ltr'>τῇ</span> <span class='ocrx_word' id='word_1_582' title='bbox 3365 3789 3556 3859; x_wconf 83' lang='grc' dir='ltr'>Δολιχῇ</span> <span class='ocrx_word' id='word_1_583' title='bbox 3602 3788 4049 3858; x_wconf 70' lang='grc' dir='ltr'>κεχειροτόνηκεσ</span> 
     </span>
    </p>
   </div>
   <div class='ocr_carea' id='block_1_85' title="bbox 2461 3879 4052 3951">
    <p class='ocr_par' dir='ltr' id='par_1_85' title="bbox 2461 3879 4052 3951">
     <span class='ocr_line' id='line_1_85' title="bbox 2461 3879 4052 3951; baseline -0.004 -15"><span class='ocrx_word' id='word_1_584' title='bbox 2461 3883 2685 3951; x_wconf 78' lang='grc' dir='ltr'>πολίχνη</span> <span class='ocrx_word' id='word_1_585' title='bbox 2735 3883 2777 3913; x_wconf 71' lang='grc' dir='ltr'>θ’</span> <span class='ocrx_word' id='word_1_586' title='bbox 2827 3882 2881 3934; x_wconf 83' lang='grc' dir='ltr'>δὲ</span> <span class='ocrx_word' id='word_1_587' title='bbox 2933 3880 3071 3949; x_wconf 75' lang='grc' dir='ltr'>αὕτη</span> <span class='ocrx_word' id='word_1_588' title='bbox 3116 3881 3344 3950; x_wconf 77' lang='grc' dir='ltr'>σμικρὰ,</span> <span class='ocrx_word' id='word_1_589' title='bbox 3388 3880 3481 3933; x_wconf 72' lang='grc' dir='ltr'><strong>καὶ</strong></span> <span class='ocrx_word' id='word_1_590' title='bbox 3536 3879 3637 3948; x_wconf 75' lang='grc' dir='ltr'>τῆς</span> <span class='ocrx_word' id='word_1_591' title='bbox 3698 3880 4052 3948; x_wconf 80' lang='grc' dir='ltr'>Ἀρειανικῆς</span> 
     </span>
    </p>
   </div>
   <div class='ocr_carea' id='block_1_86' title="bbox 2460 3966 4054 4038">
    <p class='ocr_par' dir='ltr' id='par_1_86' title="bbox 2460 3966 4054 4038">
     <span class='ocr_line' id='line_1_86' title="bbox 2460 3966 4054 4038; baseline -0.006 -13"><span class='ocrx_word' id='word_1_592' title='bbox 2460 3974 2615 4025; x_wconf 89' lang='grc' dir='ltr'>νόσου</span> <span class='ocrx_word' id='word_1_593' title='bbox 2651 3971 2771 4023; x_wconf 88' lang='grc' dir='ltr'>κατ’</span> <span class='ocrx_word' id='word_1_594' title='bbox 2794 3972 2970 4023; x_wconf 81' lang='grc' dir='ltr'>ἐκεῖνο</span> <span class='ocrx_word' id='word_1_595' title='bbox 2997 3968 3091 4022; x_wconf 74' lang='grc' dir='ltr'>τοῦ</span> <span class='ocrx_word' id='word_1_596' title='bbox 3129 3967 3320 4037; x_wconf 76' lang='grc' dir='ltr'>καιροῦ</span> <span class='ocrx_word' id='word_1_597' title='bbox 3354 3968 3691 4038; x_wconf 72' lang='grc' dir='ltr'>μετειλήφει.</span> <span class='ocrx_word' id='word_1_598' title='bbox 3719 3966 3925 4017; x_wconf 77' lang='grc' dir='ltr'>Τοῦτον</span> <span class='ocrx_word' id='word_1_599' title='bbox 3956 3966 4054 4017; x_wconf 69' lang='grc' dir='ltr'>τὸν</span> 
     </span>
    </p>
   </div>
   <div class='ocr_carea' id='block_1_87' title="bbox 2460 4052 4054 4132">
    <p class='ocr_par' dir='ltr' id='par_1_87' title="bbox 2460 4052 4054 4132">
     <span class='ocr_line' id='line_1_87' title="bbox 2460 4052 4054 4132; baseline -0.008 -16"><span class='ocrx_word' id='word_1_600' title='bbox 2460 4063 2666 4132; x_wconf 82' lang='grc' dir='ltr'>Μάριν,</span> <span class='ocrx_word' id='word_1_601' title='bbox 2708 4060 3025 4126; x_wconf 81' lang='grc' dir='ltr'>ἀξιέπαινον</span> <span class='ocrx_word' id='word_1_602' title='bbox 3053 4057 3201 4121; x_wconf 79' lang='grc' dir='ltr'>ὄντα,</span> <span class='ocrx_word' id='word_1_603' title='bbox 3228 4057 3321 4109; x_wconf 74' lang='grc' dir='ltr'><strong>καὶ</strong></span> <span class='ocrx_word' id='word_1_604' title='bbox 3359 4054 3571 4117; x_wconf 84' lang='grc' dir='ltr'>πολλοῖς</span> <span class='ocrx_word' id='word_1_605' title='bbox 3605 4053 3799 4105; x_wconf 77' lang='grc' dir='ltr'>εἴδεσιν</span> <span class='ocrx_word' id='word_1_606' title='bbox 3835 4052 4054 4121; x_wconf 82' lang='grc' dir='ltr'>ἀρετῶν</span> 
     </span>
    </p>
   </div>
   <div class='ocr_carea' id='block_1_88' title="bbox 2460 4141 4057 4223">
    <p class='ocr_par' dir='ltr' id='par_1_88' title="bbox 2460 4141 4057 4223">
     <span class='ocr_line' id='line_1_88' title="bbox 2460 4141 4057 4223; baseline -0.009 -18"><span class='ocrx_word' id='word_1_607' title='bbox 2460 4152 2825 4223; x_wconf 72' lang='grc' dir='ltr'>ἠγλαϊσμένον</span> <span class='ocrx_word' id='word_1_608' title='bbox 2853 4152 2919 4215; x_wconf 79' lang='grc'>⁹²,</span> <span class='ocrx_word' id='word_1_609' title='bbox 2974 4147 3249 4217; x_wconf 81' lang='grc' dir='ltr'>ἐνιδρύσαι</span> <span class='ocrx_word' id='word_1_610' title='bbox 3302 4149 3413 4208; x_wconf 85' lang='grc' dir='ltr'>τοῖς</span> <span class='ocrx_word' id='word_1_611' title='bbox 3464 4145 3756 4213; x_wconf 80' lang='grc' dir='ltr'>ἱερατικοῖς</span> <span class='ocrx_word' id='word_1_612' title='bbox 3788 4141 4057 4202; x_wconf 81' lang='grc' dir='ltr'>ὲθελέσας</span> 
     </span>
    </p>
   </div>
   <div class='ocr_carea' id='block_1_89' title="bbox 2463 4232 4050 4311">
    <p class='ocr_par' dir='ltr' id='par_1_89' title="bbox 2463 4232 4050 4311">
     <span class='ocr_line' id='line_1_89' title="bbox 2463 4232 4050 4311; baseline -0.008 -13"><span class='ocrx_word' id='word_1_613' title='bbox 2463 4244 2659 4307; x_wconf 85' lang='grc' dir='ltr'>θώκοις</span> <span class='ocrx_word' id='word_1_614' title='bbox 2691 4245 2719 4296; x_wconf 86' lang='grc' dir='ltr'>ὁ</span> <span class='ocrx_word' id='word_1_615' title='bbox 2747 4242 2919 4311; x_wconf 86' lang='grc' dir='ltr'>μέγας</span> <span class='ocrx_word' id='word_1_616' title='bbox 2944 4239 3221 4303; x_wconf 85' lang='grc' dir='ltr'>Εὐσέϐιος,</span> <span class='ocrx_word' id='word_1_617' title='bbox 3252 4236 3350 4307; x_wconf 82' lang='grc' dir='ltr'><strong>τήν</strong></span> <span class='ocrx_word' id='word_1_618' title='bbox 3383 4235 3609 4304; x_wconf 79' lang='grc' dir='ltr'>Δολιχὴν</span> <span class='ocrx_word' id='word_1_619' title='bbox 3641 4235 3688 4265; x_wconf 76' lang='grc'>³³</span> <span class='ocrx_word' id='word_1_620' title='bbox 3719 4232 4050 4287; x_wconf 82' lang='grc' dir='ltr'>κατέλαϐεν.</span> 
     </span>
    </p>
   </div>
   <div class='ocr_carea' id='block_1_90' title="bbox 2463 4324 4053 4402">
    <p class='ocr_par' dir='ltr' id='par_1_90' title="bbox 2463 4324 4053 4402">
     <span class='ocr_line' id='line_1_90' title="bbox 2463 4324 4053 4402; baseline -0.011 -11"><span class='ocrx_word' id='word_1_621' title='bbox 2463 4337 2694 4391; x_wconf 83' lang='grc' dir='ltr'>Εἰσιόντι</span> <span class='ocrx_word' id='word_1_622' title='bbox 2737 4334 2793 4387; x_wconf 83' lang='grc' dir='ltr'>δὲ</span> <span class='ocrx_word' id='word_1_623' title='bbox 2837 4333 2989 4402; x_wconf 85' lang='grc' dir='ltr'>αὐτῷ</span> <span class='ocrx_word' id='word_1_624' title='bbox 3039 4330 3176 4400; x_wconf 88' lang='grc' dir='ltr'>γυνή</span> <span class='ocrx_word' id='word_1_625' title='bbox 3223 4346 3324 4393; x_wconf 87' lang='grc' dir='ltr'>τις,</span> <span class='ocrx_word' id='word_1_626' title='bbox 3356 4328 3455 4397; x_wconf 84' lang='grc' dir='ltr'>τῆς</span> <span class='ocrx_word' id='word_1_627' title='bbox 3489 4325 3834 4397; x_wconf 81' lang='grc' dir='ltr'>’Λρειανικῆς</span> <span class='ocrx_word' id='word_1_628' title='bbox 3889 4324 4053 4376; x_wconf 81' lang='grc' dir='ltr'>νόσου</span> 
     </span>
    </p>
   </div>
   <div class='ocr_carea' id='block_1_91' title="bbox 2462 4413 4052 4497">
    <p class='ocr_par' dir='ltr' id='par_1_91' title="bbox 2462 4413 4052 4497">
     <span class='ocr_line' id='line_1_91' title="bbox 2462 4413 4052 4497; baseline -0.011 -15"><span class='ocrx_word' id='word_1_629' title='bbox 2462 4425 2917 4497; x_wconf 83' lang='grc' dir='ltr'>ἐμπεπλησμένη,</span> <span class='ocrx_word' id='word_1_630' title='bbox 2954 4423 3200 4491; x_wconf 83' lang='grc' dir='ltr'>κέραμον</span> <span class='ocrx_word' id='word_1_631' title='bbox 3255 4419 3462 4473; x_wconf 81' lang='grc' dir='ltr'>ἄνωθεν</span> <span class='ocrx_word' id='word_1_632' title='bbox 3500 4418 3784 4487; x_wconf 78' lang='grc' dir='ltr'>ἐπαφῆκεν</span> <span class='ocrx_word' id='word_1_633' title='bbox 3813 4414 3925 4467; x_wconf 74' lang='grc' dir='ltr'><strong>ἀπὸ</strong></span> <span class='ocrx_word' id='word_1_634' title='bbox 3952 4413 4052 4466; x_wconf 78' lang='grc' dir='ltr'>τοῦ</span> 
     </span>
    </p>
   </div>
   <div class='ocr_carea' id='block_1_92' title="bbox 780 4503 2400 4586">
    <p class='ocr_par' dir='ltr' id='par_1_92' title="bbox 780 4510 2400 4586">
     <span class='ocr_line' id='line_1_92' title="bbox 780 4510 2400 4586; baseline 0.004 -24"><span class='ocrx_word' id='word_1_635' title='bbox 780 4510 1020 4578; x_wconf 91' lang='lat' dir='ltr'><strong>jurando</strong></span> <span class='ocrx_word' id='word_1_636' title='bbox 1052 4510 1345 4576; x_wconf 83' lang='lat' dir='ltr'><strong>astrinxit,</strong></span> <span class='ocrx_word' id='word_1_637' title='bbox 1391 4526 1457 4566; x_wconf 89' lang='lat' dir='ltr'><strong>ne</strong></span> <span class='ocrx_word' id='word_1_638' title='bbox 1488 4526 1651 4580; x_wconf 89' lang='lat' dir='ltr'><strong>quam</strong></span> <span class='ocrx_word' id='word_1_639' title='bbox 1688 4526 1716 4563; x_wconf 89' lang='lat' dir='ltr'><strong>a</strong></span> <span class='ocrx_word' id='word_1_640' title='bbox 1756 4512 1983 4566; x_wconf 91' lang='lat' dir='ltr'><strong>muliere</strong></span> <span class='ocrx_word' id='word_1_641' title='bbox 2030 4512 2156 4566; x_wconf 88' lang='lat' dir='ltr'><strong>facti</strong></span> <span class='ocrx_word' id='word_1_642' title='bbox 2194 4512 2358 4580; x_wconf 88' lang='lat' dir='ltr'><strong>hujus</strong></span> <span class='ocrx_word' id='word_1_643' title='bbox 2393 4534 2400 4586; x_wconf 79' lang='grc' dir='ltr'>ι</span> 
     </span>
    </p>
   </div>
   <div class='ocr_carea' id='block_1_93' title="bbox 2460 4503 4053 4586">
    <p class='ocr_par' dir='ltr' id='par_1_93' title="bbox 2471 4503 4053 4582">
     <span class='ocr_line' id='line_1_93' title="bbox 2471 4503 4053 4582; baseline -0.01 -13"><span class='ocrx_word' id='word_1_644' title='bbox 2471 4518 2712 4582; x_wconf 83' lang='grc' dir='ltr'>στέγους,</span> <span class='ocrx_word' id='word_1_645' title='bbox 2740 4514 2798 4575; x_wconf 84' lang='grc' dir='ltr'>ὃς</span> <span class='ocrx_word' id='word_1_646' title='bbox 2832 4514 2929 4581; x_wconf 86' lang='grc' dir='ltr'><strong>τήν</strong></span> <span class='ocrx_word' id='word_1_647' title='bbox 2955 4527 3014 4562; x_wconf 88' lang='grc' dir='ltr'><strong>τε</strong></span> <span class='ocrx_word' id='word_1_648' title='bbox 3045 4507 3285 4577; x_wconf 84' lang='grc' dir='ltr'>κεφαλὴν</span> <span class='ocrx_word' id='word_1_649' title='bbox 3324 4505 3631 4575; x_wconf 74' lang='grc' dir='ltr'>συνέτριψε,</span> <span class='ocrx_word' id='word_1_650' title='bbox 3659 4505 3753 4557; x_wconf 68' lang='grc' dir='ltr'>καὶ</span> <span class='ocrx_word' id='word_1_651' title='bbox 3798 4506 3916 4573; x_wconf 77' lang='grc' dir='ltr'>μετ’</span> <span class='ocrx_word' id='word_1_652' title='bbox 3939 4503 4053 4555; x_wconf 79' lang='grc' dir='ltr'>ὀλί-</span> 
     </span>
    </p>
   </div>
   <div class='ocr_carea' id='block_1_94' title="bbox 786 4602 2357 4673">
    <p class='ocr_par' dir='ltr' id='par_1_94' title="bbox 786 4602 2357 4673">
     <span class='ocr_line' id='line_1_94' title="bbox 786 4602 2357 4673; baseline 0.001 -19"><span class='ocrx_word' id='word_1_653' title='bbox 786 4616 1002 4670; x_wconf 74' lang='grc' dir='ltr'>ιιωιιιιιιι</span> <span class='ocrx_word' id='word_1_654' title='bbox 1036 4610 1412 4672; x_wconf 86' lang='lat' dir='ltr'><strong>reposcerent,</strong></span> <span class='ocrx_word' id='word_1_655' title='bbox 1446 4602 1736 4656; x_wconf 90' lang='lat' dir='ltr'><strong>Dominum</strong></span> <span class='ocrx_word' id='word_1_656' title='bbox 1763 4618 1958 4673; x_wconf 90' lang='lat' dir='ltr'><strong>nempe</strong></span> <span class='ocrx_word' id='word_1_657' title='bbox 1986 4619 2146 4657; x_wconf 87' lang='lat' dir='ltr'><strong>suum</strong></span> <span class='ocrx_word' id='word_1_658' title='bbox 2174 4605 2357 4657; x_wconf 85' lang='lat' dir='ltr'><strong>imita-</strong></span> 
     </span>
    </p>
   </div>
   <div class='ocr_carea' id='block_1_95' title="bbox 784 4694 2358 4765">
    <p class='ocr_par' dir='ltr' id='par_1_95' title="bbox 784 4694 2358 4765">
     <span class='ocr_line' id='line_1_95' title="bbox 784 4694 2358 4765; baseline 0 -17"><span class='ocrx_word' id='word_1_659' title='bbox 784 4708 895 4759; x_wconf 87' lang='lat' dir='ltr'><strong>tus,</strong></span> <span class='ocrx_word' id='word_1_660' title='bbox 922 4694 1017 4763; x_wconf 90' lang='lat' dir='ltr'><strong>qui</strong></span> <span class='ocrx_word' id='word_1_661' title='bbox 1052 4711 1148 4765; x_wconf 90' lang='lat' dir='ltr'><strong>pro</strong></span> <span class='ocrx_word' id='word_1_662' title='bbox 1179 4696 1600 4751; x_wconf 73' lang='lat' dir='ltr'><strong>crucitixorihns</strong></span> <span class='ocrx_word' id='word_1_663' title='bbox 1631 4697 1748 4751; x_wconf 90' lang='lat' dir='ltr'><strong>suis</strong></span> <span class='ocrx_word' id='word_1_664' title='bbox 1786 4710 1955 4750; x_wconf 91' lang='lat' dir='ltr'><strong>orans</strong></span> <span class='ocrx_word' id='word_1_665' title='bbox 1982 4696 2120 4749; x_wconf 84' lang='lat' dir='ltr'><strong>dixit</strong></span> <span class='ocrx_word' id='word_1_666' title='bbox 2151 4715 2164 4749; x_wconf 93' lang='lat'><strong>:</strong></span> <span class='ocrx_word' id='word_1_667' title='bbox 2197 4715 2215 4748; x_wconf 80' lang='grc' dir='ltr'>ι</span> <span class='ocrx_word' id='word_1_668' title='bbox 2256 4696 2358 4749; x_wconf 66' lang='lat' dir='ltr'><strong>Pa.</strong></span> 
     </span>
    </p>
   </div>
   <div class='ocr_carea' id='block_1_96' title="bbox 784 4787 2352 4858">
    <p class='ocr_par' dir='ltr' id='par_1_96' title="bbox 784 4787 2352 4858">
     <span class='ocr_line' id='line_1_96' title="bbox 784 4787 2352 4858; baseline 0 -18"><span class='ocrx_word' id='word_1_669' title='bbox 784 4796 890 4848; x_wconf 82' lang='lat' dir='ltr'><strong>ter,</strong></span> <span class='ocrx_word' id='word_1_670' title='bbox 919 4787 1131 4841; x_wconf 90' lang='lat' dir='ltr'><strong>dimitte</strong></span> <span class='ocrx_word' id='word_1_671' title='bbox 1163 4787 1295 4851; x_wconf 91' lang='lat' dir='ltr'><strong>illis,</strong></span> <span class='ocrx_word' id='word_1_672' title='bbox 1333 4804 1441 4841; x_wconf 84' lang='lat' dir='ltr'><strong>non</strong></span> <span class='ocrx_word' id='word_1_673' title='bbox 1465 4787 1609 4842; x_wconf 89' lang='lat' dir='ltr'><strong>enim</strong></span> <span class='ocrx_word' id='word_1_674' title='bbox 1643 4788 1825 4843; x_wconf 86' lang='lat' dir='ltr'><strong>sciunt</strong></span> <span class='ocrx_word' id='word_1_675' title='bbox 1853 4787 1984 4858; x_wconf 86' lang='lat' dir='ltr'><strong>quid</strong></span> <span class='ocrx_word' id='word_1_676' title='bbox 2016 4788 2217 4843; x_wconf 81' lang='lat' dir='ltr'><strong>faciant</strong></span> <span class='ocrx_word' id='word_1_677' title='bbox 2242 4799 2262 4826; x_wconf 74' lang='grc' dir='ltr'><strong><em>ο</em></strong></span> <span class='ocrx_word' id='word_1_678' title='bbox 2289 4805 2302 4853; x_wconf 90' lang='grc'><strong>;</strong></span> <span class='ocrx_word' id='word_1_679' title='bbox 2334 4808 2352 4840; x_wconf 75' lang='grc' dir='ltr'>ι</span> 
     </span>
    </p>
   </div>
   <div class='ocr_carea' id='block_1_97' title="bbox 784 4877 2355 4949">
    <p class='ocr_par' dir='ltr' id='par_1_97' title="bbox 784 4877 2355 4949">
     <span class='ocr_line' id='line_1_97' title="bbox 784 4877 2355 4949; baseline 0 -16"><span class='ocrx_word' id='word_1_680' title='bbox 784 4888 840 4933; x_wconf 88' lang='lat' dir='ltr'><strong>et</strong></span> <span class='ocrx_word' id='word_1_681' title='bbox 884 4893 1214 4933; x_wconf 87' lang='lat' dir='ltr'><strong>conservum</strong></span> <span class='ocrx_word' id='word_1_682' title='bbox 1274 4877 1611 4948; x_wconf 86' lang='lat' dir='ltr'><strong>Stephanum</strong></span> <span class='ocrx_word' id='word_1_683' title='bbox 1674 4888 1795 4949; x_wconf 88' lang='lat' dir='ltr'><strong>post</strong></span> <span class='ocrx_word' id='word_1_684' title='bbox 1849 4879 2052 4934; x_wconf 89' lang='lat' dir='ltr'><strong>multos</strong></span> <span class='ocrx_word' id='word_1_685' title='bbox 2113 4879 2355 4949; x_wconf 90' lang='lat' dir='ltr'><strong>lapidum</strong></span> 
     </span>
    </p>
   </div>
   <div class='ocr_carea' id='block_1_98' title="bbox 784 4969 2360 5033">
    <p class='ocr_par' dir='ltr' id='par_1_98' title="bbox 784 4969 2360 5033">
     <span class='ocr_line' id='line_1_98' title="bbox 784 4969 2360 5033; baseline 0.001 -9"><span class='ocrx_word' id='word_1_686' title='bbox 784 4972 929 5025; x_wconf 90' lang='lat' dir='ltr'><strong>ictus</strong></span> <span class='ocrx_word' id='word_1_687' title='bbox 977 4970 1302 5026; x_wconf 86' lang='lat' dir='ltr'><strong>clamantem</strong></span> <span class='ocrx_word' id='word_1_688' title='bbox 1346 4989 1359 5025; x_wconf 88' lang='lat'><strong>:</strong></span> <span class='ocrx_word' id='word_1_689' title='bbox 1409 4989 1428 5021; x_wconf 76' lang='grc' dir='ltr'>ι</span> <span class='ocrx_word' id='word_1_690' title='bbox 1472 4969 1721 5033; x_wconf 88' lang='lat' dir='ltr'><strong>Domine,</strong></span> <span class='ocrx_word' id='word_1_691' title='bbox 1763 4986 1830 5024; x_wconf 89' lang='lat' dir='ltr'><strong>ne</strong></span> <span class='ocrx_word' id='word_1_692' title='bbox 1859 4978 2073 5025; x_wconf 87' lang='lat' dir='ltr'><strong>statuas</strong></span> <span class='ocrx_word' id='word_1_693' title='bbox 2106 4969 2214 5026; x_wconf 91' lang='lat' dir='ltr'><strong>illis</strong></span> <span class='ocrx_word' id='word_1_694' title='bbox 2258 4972 2360 5026; x_wconf 92' lang='lat' dir='ltr'><strong>hoc</strong></span> 
     </span>
    </p>
   </div>
   <div class='ocr_carea' id='block_1_99' title="bbox 784 5058 2363 5129">
    <p class='ocr_par' dir='ltr' id='par_1_99' title="bbox 784 5058 2363 5129">
     <span class='ocr_line' id='line_1_99' title="bbox 784 5058 2363 5129; baseline 0.001 -15"><span class='ocrx_word' id='word_1_695' title='bbox 784 5067 1075 5129; x_wconf 88' lang='lat' dir='ltr'><strong>peccatum</strong></span> <span class='ocrx_word' id='word_1_696' title='bbox 1105 5060 1153 5114; x_wconf 73' lang='grc' dir='ltr'>ά.</span> <span class='ocrx_word' id='word_1_697' title='bbox 1202 5078 1220 5111; x_wconf 86' lang='grc'><strong>›</strong></span> <span class='ocrx_word' id='word_1_698' title='bbox 1254 5062 1271 5081; x_wconf 76' lang='grc'><strong>⁸</strong></span> <span class='ocrx_word' id='word_1_699' title='bbox 1302 5058 1419 5113; x_wconf 88' lang='lat' dir='ltr'><strong>Tali</strong></span> <span class='ocrx_word' id='word_1_700' title='bbox 1451 5068 1629 5115; x_wconf 88' lang='lat' dir='ltr'><strong>morte</strong></span> <span class='ocrx_word' id='word_1_701' title='bbox 1678 5069 1801 5129; x_wconf 88' lang='lat' dir='ltr'><strong>post</strong></span> <span class='ocrx_word' id='word_1_702' title='bbox 1851 5061 2052 5115; x_wconf 90' lang='lat' dir='ltr'><strong>multos</strong></span> <span class='ocrx_word' id='word_1_703' title='bbox 2086 5070 2142 5115; x_wconf 86' lang='lat' dir='ltr'><strong>ct</strong></span> <span class='ocrx_word' id='word_1_704' title='bbox 2182 5061 2363 5115; x_wconf 86' lang='lat' dir='ltr'><strong>varios</strong></span> 
     </span>
    </p>
   </div>
   <div class='ocr_carea' id='block_1_100' title="bbox 786 5150 2352 5223">
    <p class='ocr_par' dir='ltr' id='par_1_100' title="bbox 786 5150 2352 5223">
     <span class='ocr_line' id='line_1_100' title="bbox 786 5150 2352 5223; baseline 0 -19"><span class='ocrx_word' id='word_1_705' title='bbox 786 5166 990 5223; x_wconf 88' lang='lat' dir='ltr'><strong>agones</strong></span> <span class='ocrx_word' id='word_1_706' title='bbox 1025 5153 1197 5207; x_wconf 85' lang='lat' dir='ltr'><strong>vitam</strong></span> <span class='ocrx_word' id='word_1_707' title='bbox 1233 5150 1373 5206; x_wconf 81' lang='lat' dir='ltr'><strong>finiit</strong></span> <span class='ocrx_word' id='word_1_708' title='bbox 1400 5167 1634 5223; x_wconf 88' lang='lat' dir='ltr'><strong>magnus</strong></span> <span class='ocrx_word' id='word_1_709' title='bbox 1667 5150 1960 5216; x_wconf 86' lang='lat' dir='ltr'><strong>Eusebius,</strong></span> <span class='ocrx_word' id='word_1_710' title='bbox 1989 5161 2045 5207; x_wconf 91' lang='lat' dir='ltr'><strong>ct</strong></span> <span class='ocrx_word' id='word_1_711' title='bbox 2089 5153 2183 5223; x_wconf 92' lang='lat' dir='ltr'><strong>qui</strong></span> <span class='ocrx_word' id='word_1_712' title='bbox 2221 5150 2352 5205; x_wconf 86' lang='lat' dir='ltr'><strong>Bar-</strong></span> 
     </span>
    </p>
   </div>
   <div class='ocr_carea' id='block_1_101' title="bbox 860 5305 1851 5373">
    <p class='ocr_par' dir='ltr' id='par_1_101' title="bbox 860 5305 1851 5373">
     <span class='ocr_line' id='line_1_101' title="bbox 860 5305 1851 5373; baseline 0 -12"><span class='ocrx_word' id='word_1_713' title='bbox 860 5319 880 5346; x_wconf 76' lang='grc' dir='ltr'><strong>ε</strong></span> <span class='ocrx_word' id='word_1_714' title='bbox 912 5306 1045 5363; x_wconf 87' lang='lat' dir='ltr'><strong>Luc.</strong></span> <span class='ocrx_word' id='word_1_715' title='bbox 1072 5321 1224 5373; x_wconf 69' lang='grc' dir='ltr'>χχιιι,</span> <span class='ocrx_word' id='word_1_716' title='bbox 1256 5307 1345 5363; x_wconf 63' lang='grc'><strong>54.</strong></span> <span class='ocrx_word' id='word_1_717' title='bbox 1421 5305 1447 5345; x_wconf 72' lang='grc' dir='ltr'>ἀ</span> <span class='ocrx_word' id='word_1_718' title='bbox 1484 5308 1604 5362; x_wconf 82' lang='lat' dir='ltr'><strong>Act.</strong></span> <span class='ocrx_word' id='word_1_719' title='bbox 1647 5324 1740 5370; x_wconf 83' lang='lat' dir='ltr'><strong>vn,</strong></span> <span class='ocrx_word' id='word_1_720' title='bbox 1774 5308 1851 5362; x_wconf 77' lang='lat'><strong>59.</strong></span> 
     </span>
    </p>
   </div>
   <div class='ocr_carea' id='block_1_102' title="bbox 2466 4595 4049 4675">
    <p class='ocr_par' dir='ltr' id='par_1_102' title="bbox 2466 4595 4049 4675">
     <span class='ocr_line' id='line_1_102' title="bbox 2466 4595 4049 4675; baseline -0.01 -14"><span class='ocrx_word' id='word_1_721' title='bbox 2466 4625 2561 4675; x_wconf 89' lang='grc' dir='ltr'><strong>γον</strong></span> <span class='ocrx_word' id='word_1_722' title='bbox 2593 4608 2671 4668; x_wconf 86' lang='grc' dir='ltr'><strong>είς</strong></span> <span class='ocrx_word' id='word_1_723' title='bbox 2706 4605 2797 4656; x_wconf 81' lang='grc' dir='ltr'><strong>τὸν</strong></span> <span class='ocrx_word' id='word_1_724' title='bbox 2827 4604 3036 4673; x_wconf 84' lang='grc' dir='ltr'>ἀμείνω</span> <span class='ocrx_word' id='word_1_725' title='bbox 3084 4600 3197 4670; x_wconf 82' lang='grc' dir='ltr'>βίον</span> <span class='ocrx_word' id='word_1_726' title='bbox 3248 4597 3631 4667; x_wconf 75' lang='grc' dir='ltr'>παρέπεμψεν.</span> <span class='ocrx_word' id='word_1_727' title='bbox 3677 4596 3734 4647; x_wconf 85' lang='grc' dir='ltr'>ὐ</span> <span class='ocrx_word' id='word_1_728' title='bbox 3764 4595 4049 4658; x_wconf 66' lang='grc' dir='ltr'>δὲ,τελευ-</span> 
     </span>
    </p>
   </div>
   <div class='ocr_carea' id='block_1_103' title="bbox 2465 4684 4046 4769">
    <p class='ocr_par' dir='ltr' id='par_1_103' title="bbox 2465 4684 4046 4769">
     <span class='ocr_line' id='line_1_103' title="bbox 2465 4684 4046 4769; baseline -0.011 -16"><span class='ocrx_word' id='word_1_729' title='bbox 2465 4701 2573 4753; x_wconf 84' lang='grc' dir='ltr'><strong>τῶν</strong></span> <span class='ocrx_word' id='word_1_730' title='bbox 2607 4697 3002 4769; x_wconf 80' lang='grc' dir='ltr'>παρηγγύησεν</span> <span class='ocrx_word' id='word_1_731' title='bbox 3042 4694 3226 4763; x_wconf 86' lang='grc' dir='ltr'>ὅρκοις</span> <span class='ocrx_word' id='word_1_732' title='bbox 3269 4692 3396 4752; x_wconf 77' lang='grc' dir='ltr'>τοὺς</span> <span class='ocrx_word' id='word_1_733' title='bbox 3446 4687 3719 4758; x_wconf 90' lang='grc' dir='ltr'>παρόντας</span> <span class='ocrx_word' id='word_1_734' title='bbox 3779 4684 4046 4755; x_wconf 73' lang='grc' dir='ltr'>πεδήσας,</span> 
     </span>
    </p>
   </div>
   <div class='ocr_carea' id='block_1_104' title="bbox 2470 4775 4046 4860">
    <p class='ocr_par' dir='ltr' id='par_1_104' title="bbox 2470 4775 4046 4860">
     <span class='ocr_line' id='line_1_104' title="bbox 2470 4775 4046 4860; baseline -0.009 -17"><span class='ocrx_word' id='word_1_735' title='bbox 2470 4790 2604 4860; x_wconf 85' lang='grc' dir='ltr'>μηδὲ</span> <span class='ocrx_word' id='word_1_736' title='bbox 2667 4788 2794 4859; x_wconf 89' lang='grc' dir='ltr'>μίαν</span> <span class='ocrx_word' id='word_1_737' title='bbox 2838 4786 2937 4855; x_wconf 87' lang='grc' dir='ltr'>τὴν</span> <span class='ocrx_word' id='word_1_738' title='bbox 2982 4783 3141 4837; x_wconf 82' lang='grc' dir='ltr'>τοῦτο</span> <span class='ocrx_word' id='word_1_739' title='bbox 3191 4781 3467 4851; x_wconf 87' lang='grc' dir='ltr'>δράσασαν</span> <span class='ocrx_word' id='word_1_740' title='bbox 3510 4775 3801 4847; x_wconf 77' lang='grc' dir='ltr'>εἰσπρᾶξαι</span> <span class='ocrx_word' id='word_1_741' title='bbox 3829 4778 4046 4843; x_wconf 58' lang='grc' dir='ltr'>ποινήν.</span> 
     </span>
    </p>
   </div>
   <div class='ocr_carea' id='block_1_105' title="bbox 2468 4864 4050 4943">
    <p class='ocr_par' dir='ltr' id='par_1_105' title="bbox 2468 4864 4050 4943">
     <span class='ocr_line' id='line_1_105' title="bbox 2468 4864 4050 4943; baseline -0.013 -10"><span class='ocrx_word' id='word_1_742' title='bbox 2468 4881 2576 4934; x_wconf 58' lang='grc' dir='ltr'><strong>Καὶ¹</strong></span> <span class='ocrx_word' id='word_1_743' title='bbox 2625 4878 2715 4931; x_wconf 80' lang='grc' dir='ltr'><strong>τὸν</strong></span> <span class='ocrx_word' id='word_1_744' title='bbox 2764 4879 2963 4929; x_wconf 84' lang='grc' dir='ltr'>οἰκεῖον</span> <span class='ocrx_word' id='word_1_745' title='bbox 2994 4874 3102 4943; x_wconf 87' lang='grc' dir='ltr'><strong>γάρ</strong></span> <span class='ocrx_word' id='word_1_746' title='bbox 3131 4870 3323 4941; x_wconf 77' lang='grc' dir='ltr'>ἐζήλου</span> <span class='ocrx_word' id='word_1_747' title='bbox 3354 4867 3653 4935; x_wconf 88' lang='grc' dir='ltr'>Δεσπότην,</span> <span class='ocrx_word' id='word_1_748' title='bbox 3683 4866 3743 4927; x_wconf 82' lang='grc' dir='ltr'>ὃς</span> <span class='ocrx_word' id='word_1_749' title='bbox 3772 4866 3904 4932; x_wconf 74' lang='grc' dir='ltr'>περὶ</span> <span class='ocrx_word' id='word_1_750' title='bbox 3938 4864 4050 4916; x_wconf 84' lang='grc' dir='ltr'><strong>τῶν</strong></span> 
     </span>
    </p>
   </div>
   <div class='ocr_carea' id='block_1_106' title="bbox 2465 4954 4049 5042">
    <p class='ocr_par' dir='ltr' id='par_1_106' title="bbox 2465 4954 4049 5042">
     <span class='ocr_line' id='line_1_106' title="bbox 2465 4954 4049 5042; baseline -0.014 -17"><span class='ocrx_word' id='word_1_751' title='bbox 2465 4969 2887 5042; x_wconf 81' lang='grc' dir='ltr'>ἐσταυρωκότων</span> <span class='ocrx_word' id='word_1_752' title='bbox 2936 4965 3039 5034; x_wconf 76' lang='grc' dir='ltr'><strong>ἔφη</strong></span> <span class='ocrx_word' id='word_1_753' title='bbox 3067 4980 3079 4992; x_wconf 92' lang='grc'><strong>·</strong></span> <span class='ocrx_word' id='word_1_754' title='bbox 3116 4982 3135 5014; x_wconf 79' lang='grc' dir='ltr'>ι</span> <span class='ocrx_word' id='word_1_755' title='bbox 3173 4963 3376 5031; x_wconf 87' lang='grc' dir='ltr'>Πάτερ,</span> <span class='ocrx_word' id='word_1_756' title='bbox 3401 4960 3536 5027; x_wconf 79' lang='grc' dir='ltr'>ἄφες</span> <span class='ocrx_word' id='word_1_757' title='bbox 3585 4956 3784 5017; x_wconf 82' lang='grc' dir='ltr'>αὐτοῖς,</span> <span class='ocrx_word' id='word_1_758' title='bbox 3822 4955 3886 5006; x_wconf 88' lang='grc' dir='ltr'><strong>οὐ</strong></span> <span class='ocrx_word' id='word_1_759' title='bbox 3942 4954 4049 5023; x_wconf 75' lang='grc' dir='ltr'>γὰρ</span> 
     </span>
    </p>
   </div>
   <div class='ocr_carea' id='block_1_107' title="bbox 2465 5044 4045 5119">
    <p class='ocr_par' dir='ltr' id='par_1_107' title="bbox 2465 5044 4045 5119">
     <span class='ocr_line' id='line_1_107' title="bbox 2465 5044 4045 5119; baseline -0.015 -3"><span class='ocrx_word' id='word_1_760' title='bbox 2465 5063 2641 5117; x_wconf 85' lang='grc' dir='ltr'>οῐδασι</span> <span class='ocrx_word' id='word_1_761' title='bbox 2694 5059 2747 5112; x_wconf 86' lang='grc' dir='ltr'><strong>τί</strong></span> <span class='ocrx_word' id='word_1_762' title='bbox 2802 5057 3053 5111; x_wconf 81' lang='grc' dir='ltr'>ποιοῦσι·</span> <span class='ocrx_word' id='word_1_763' title='bbox 3081 5073 3099 5105; x_wconf 74' lang='grc' dir='ltr'>ι</span> <span class='ocrx_word' id='word_1_764' title='bbox 3137 5053 3231 5106; x_wconf 75' lang='grc' dir='ltr'>καὶ</span> <span class='ocrx_word' id='word_1_765' title='bbox 3276 5050 3368 5103; x_wconf 82' lang='grc' dir='ltr'><strong>τὸν</strong></span> <span class='ocrx_word' id='word_1_766' title='bbox 3412 5047 3701 5119; x_wconf 83' lang='grc' dir='ltr'>ὁμόδουλον</span> <span class='ocrx_word' id='word_1_767' title='bbox 3750 5044 4045 5112; x_wconf 83' lang='grc' dir='ltr'>Στέφανον,</span> 
     </span>
    </p>
   </div>
   <div class='ocr_carea' id='block_1_108' title="bbox 2471 5137 4045 5224">
    <p class='ocr_par' dir='ltr' id='par_1_108' title="bbox 2471 5137 4045 5224">
     <span class='ocr_line' id='line_1_108' title="bbox 2471 5137 4045 5224; baseline -0.012 -17"><span class='ocrx_word' id='word_1_768' title='bbox 2471 5152 2611 5224; x_wconf 76' lang='grc' dir='ltr'>μετὰ</span> <span class='ocrx_word' id='word_1_769' title='bbox 2668 5152 2765 5213; x_wconf 74' lang='grc' dir='ltr'><strong>τὰς</strong></span> <span class='ocrx_word' id='word_1_770' title='bbox 2822 5148 3021 5211; x_wconf 84' lang='grc' dir='ltr'>πολλάς</span> <span class='ocrx_word' id='word_1_771' title='bbox 3077 5146 3185 5200; x_wconf 83' lang='grc' dir='ltr'><strong>τῶν</strong></span> <span class='ocrx_word' id='word_1_772' title='bbox 3243 5143 3405 5197; x_wconf 80' lang='grc' dir='ltr'>λίθων</span> <span class='ocrx_word' id='word_1_773' title='bbox 3461 5140 3687 5209; x_wconf 79' lang='grc' dir='ltr'>νιφάδας</span> <span class='ocrx_word' id='word_1_774' title='bbox 3744 5137 4045 5206; x_wconf 82' lang='grc' dir='ltr'>βοήσαντα·</span> 
     </span>
    </p>
   </div>
   <div class='ocr_carea' id='block_1_109' title="bbox 2061 5453 2727 5511">
    <p class='ocr_par' dir='ltr' id='par_1_109' title="bbox 2061 5453 2727 5511">
     <span class='ocr_line' id='line_1_109' title="bbox 2061 5453 2727 5511; baseline 0 -2"><span class='ocrx_word' id='word_1_775' title='bbox 2061 5454 2290 5511; x_wconf 71' lang='lat' dir='ltr'><strong>VARle</strong></span> <span class='ocrx_word' id='word_1_776' title='bbox 2333 5453 2727 5510; x_wconf 81' lang='lat' dir='ltr'><strong>LECTIONES.</strong></span> 
     </span>
    </p>
   </div>
   <div class='ocr_carea' id='block_1_110' title="bbox 853 5536 4043 5624">
    <p class='ocr_par' dir='ltr' id='par_1_110' title="bbox 853 5536 4043 5624">
     <span class='ocr_line' id='line_1_110' title="bbox 853 5536 4043 5624; baseline -0.002 -18"><span class='ocrx_word' id='word_1_777' title='bbox 853 5553 899 5585; x_wconf 80' lang='grc'><strong>⁸⁵</strong></span> <span class='ocrx_word' id='word_1_778' title='bbox 930 5552 1370 5624; x_wconf 22' lang='grc' dir='ltr'>Ταρσῶνᾷυούθχ</span> <span class='ocrx_word' id='word_1_779' title='bbox 1401 5551 1517 5606; x_wconf 82' lang='lat' dir='ltr'><strong>Ptni</strong></span> <span class='ocrx_word' id='word_1_780' title='bbox 1549 5551 2110 5624; x_wconf 13' lang='lat' dir='ltr'><strong>curmNiccphalilist.</strong></span> <span class='ocrx_word' id='word_1_781' title='bbox 2144 5550 2310 5624; x_wconf 68' lang='lat' dir='ltr'><strong>EC€(._,</strong></span> <span class='ocrx_word' id='word_1_782' title='bbox 2340 5547 2452 5624; x_wconf 66' lang='lat' dir='ltr'><strong>XI],</strong></span> <span class='ocrx_word' id='word_1_783' title='bbox 2479 5548 2531 5602; x_wconf 86' lang='lat'><strong>5.</strong></span> <span class='ocrx_word' id='word_1_784' title='bbox 2685 5544 3116 5624; x_wconf 48' lang='grc' dir='ltr'><strong>Θεόδωξρῖίβξὶξ.</strong></span> <span class='ocrx_word' id='word_1_785' title='bbox 3150 5542 3323 5624; x_wconf 38' lang='grc' dir='ltr'><strong>(ἔνερθ’.</strong></span> <span class='ocrx_word' id='word_1_786' title='bbox 3382 5541 3423 5570; x_wconf 63' lang='grc'><strong>⁸⁷</strong></span> <span class='ocrx_word' id='word_1_787' title='bbox 3454 5537 3811 5624; x_wconf 51' lang='grc' dir='ltr'>Χαλξῃδέγξς-</span> <span class='ocrx_word' id='word_1_788' title='bbox 3846 5536 4043 5624; x_wconf 46' lang='lat' dir='ltr'><strong>51&quot;!le-</strong></span> 
     </span>
    </p>
   </div>
   <div class='ocr_carea' id='block_1_111' title="bbox 787 5605 4046 5692">
    <p class='ocr_par' dir='ltr' id='par_1_111' title="bbox 787 5605 4046 5692">
     <span class='ocr_line' id='line_1_111' title="bbox 787 5605 4046 5692; baseline 0.001 -15"><span class='ocrx_word' id='word_1_789' title='bbox 787 5624 833 5655; x_wconf 79' lang='grc'><strong>⁸⁸</strong></span> <span class='ocrx_word' id='word_1_790' title='bbox 863 5605 1133 5692; x_wconf 64' lang='grc' dir='ltr'>ἀγωνίσμ.</span> <span class='ocrx_word' id='word_1_791' title='bbox 1165 5605 1288 5677; x_wconf 80' lang='lat' dir='ltr'><strong>Bas.</strong></span> <span class='ocrx_word' id='word_1_792' title='bbox 1554 5624 1599 5655; x_wconf 70' lang='grc'><strong>⁸⁸</strong></span> <span class='ocrx_word' id='word_1_793' title='bbox 1634 5605 1904 5690; x_wconf 71' lang='grc' dir='ltr'>Ἐδέσσης.</span> <span class='ocrx_word' id='word_1_794' title='bbox 1939 5623 2078 5675; x_wconf 87' lang='lat' dir='ltr'><strong>Idem</strong></span> <span class='ocrx_word' id='word_1_795' title='bbox 2111 5636 2234 5675; x_wconf 87' lang='lat' dir='ltr'><strong>cum</strong></span> <span class='ocrx_word' id='word_1_796' title='bbox 2268 5605 2454 5689; x_wconf 50' lang='lat' dir='ltr'><strong>Steph:</strong></span> <span class='ocrx_word' id='word_1_797' title='bbox 2484 5628 2536 5672; x_wconf 89' lang='lat' dir='ltr'><strong>et</strong></span> <span class='ocrx_word' id='word_1_798' title='bbox 2563 5616 2792 5692; x_wconf 73' lang='lat' dir='ltr'><strong>Niceplt._</strong></span> <span class='ocrx_word' id='word_1_799' title='bbox 2820 5684 2829 5692; x_wconf 41' lang='lat'>.</span> <span class='ocrx_word' id='word_1_800' title='bbox 2865 5614 2911 5692; x_wconf 61' lang='grc' dir='ltr'><strong>’ίξ</strong></span> <span class='ocrx_word' id='word_1_801' title='bbox 2941 5614 3203 5692; x_wconf 64' lang='grc' dir='ltr'><strong>ιςᾴρῤαις.</strong></span> <span class='ocrx_word' id='word_1_802' title='bbox 3240 5612 3404 5692; x_wconf 40' lang='lat' dir='ltr'><strong>lilio&quot;)</strong></span> <span class='ocrx_word' id='word_1_803' title='bbox 3434 5625 3554 5692; x_wconf 68' lang='grc' dir='ltr'>ςιιιιι</span> <span class='ocrx_word' id='word_1_804' title='bbox 3587 5605 3811 5692; x_wconf 54' lang='lat' dir='ltr'><strong>Niccﬂ&#39;j</strong></span> <span class='ocrx_word' id='word_1_805' title='bbox 3868 5607 3914 5692; x_wconf 48' lang='grc' dir='ltr'>ξ’</span> <span class='ocrx_word' id='word_1_806' title='bbox 3948 5610 4046 5658; x_wconf 65' lang='grc' dir='ltr'><strong>Δο-</strong></span> 
     </span>
    </p>
   </div>
   <div class='ocr_carea' id='block_1_112' title="bbox 786 5682 3130 5764">
    <p class='ocr_par' dir='ltr' id='par_1_112' title="bbox 786 5682 3130 5764">
     <span class='ocr_line' id='line_1_112' title="bbox 786 5682 3130 5764; baseline -0.005 -20"><span class='ocrx_word' id='word_1_807' title='bbox 786 5682 931 5764; x_wconf 74' lang='grc' dir='ltr'>λίχῃῖ</span> <span class='ocrx_word' id='word_1_808' title='bbox 973 5682 1091 5747; x_wconf 79' lang='grc' dir='ltr'><strong>Ρίιιί</strong></span> <span class='ocrx_word' id='word_1_809' title='bbox 1133 5694 1298 5764; x_wconf 77' lang='lat' dir='ltr'><strong>liber.</strong></span> <span class='ocrx_word' id='word_1_810' title='bbox 1346 5692 1643 5749; x_wconf 79' lang='lat' dir='ltr'><strong>Confirmat</strong></span> <span class='ocrx_word' id='word_1_811' title='bbox 1700 5682 1951 5763; x_wconf 74' lang='lat' dir='ltr'><strong>Niccph.,</strong></span> <span class='ocrx_word' id='word_1_812' title='bbox 2015 5707 2322 5762; x_wconf 79' lang='lat' dir='ltr'><strong>quanquam</strong></span> <span class='ocrx_word' id='word_1_813' title='bbox 2367 5682 2611 5758; x_wconf 57' lang='lat' dir='ltr'><strong>&#39;setnper</strong></span> <span class='ocrx_word' id='word_1_814' title='bbox 2666 5682 2857 5741; x_wconf 81' lang='lat' dir='ltr'><strong>scribit</strong></span> <span class='ocrx_word' id='word_1_815' title='bbox 2888 5682 3130 5753; x_wconf 63' lang='grc' dir='ltr'>Δολίχνη.</span> 
     </span>
    </p>
   </div>
   <div class='ocr_carea' id='block_1_113' title="bbox 786 5762 1457 5834">
    <p class='ocr_par' dir='ltr' id='par_1_113' title="bbox 786 5762 1457 5834">
     <span class='ocr_line' id='line_1_113' title="bbox 786 5762 1457 5834; baseline -0.001 -18"><span class='ocrx_word' id='word_1_816' title='bbox 786 5764 831 5795; x_wconf 76' lang='grc'><strong>⁸³</strong></span> <span class='ocrx_word' id='word_1_817' title='bbox 855 5762 1097 5834; x_wconf 59' lang='grc' dir='ltr'>Δολίχην.</span> <span class='ocrx_word' id='word_1_818' title='bbox 1132 5762 1246 5818; x_wconf 85' lang='lat' dir='ltr'><strong>l‘iui</strong></span> <span class='ocrx_word' id='word_1_819' title='bbox 1271 5764 1457 5821; x_wconf 74' lang='lat' dir='ltr'><strong>codex.</strong></span> 
     </span>
    </p>
   </div>
   <div class='ocr_carea' id='block_1_114' title="bbox 3240 5676 4043 5748">
    <p class='ocr_par' dir='ltr' id='par_1_114' title="bbox 3240 5676 4043 5748">
     <span class='ocr_line' id='line_1_114' title="bbox 3240 5676 4043 5748; baseline -0.006 -14"><span class='ocrx_word' id='word_1_820' title='bbox 3240 5682 3281 5712; x_wconf 83' lang='grc'><strong><em>⁹²</em></strong></span> <span class='ocrx_word' id='word_1_821' title='bbox 3310 5679 3685 5748; x_wconf 73' lang='grc' dir='ltr'>ἁγλαῖσμενον.</span> <span class='ocrx_word' id='word_1_822' title='bbox 3712 5676 3835 5729; x_wconf 85' lang='lat' dir='ltr'><strong>Bas.</strong></span> <span class='ocrx_word' id='word_1_823' title='bbox 3865 5676 4043 5730; x_wconf 59' lang='lat' dir='ltr'><strong>Cum:</strong></span> 
     </span>
    </p>
   </div>
  </div>
