4218 6456
252 418 388 484 1205
1235 427 1822 491 ECCLESIASTI'CzE
1860 434 1914 493 Η

1808 432 1822 490 i
1860 434 2238 497 HISTORIIE
2277 440 2420 500 LIB.
2460 444 2522 503 \'.
3337 450 3474 519 1206

251 547 269 579 ι
312 528 508 599 Κύριε,
542 530 616 601 μὴ
648 532 848 603 στήσῃς
880 534 1062 598 αὐτοῖς
1110 535 1206 606 τὴν
1234 538 1505 609 ἁμαρτίαν
1531 539 1754 609 ταύτην.
1789 558 1808 591 ι
1846 551 1888 602 Α
1916 543 1917 546 “

1806 567 1808 583 ι
1846 551 1888 602 Α
1916 542 2079 599 baros
2110 545 2162 599 in
2195 545 2425 603 Thracia
2464 560 2732 618 evaserat,
2772 554 3063 625 impiorum
3096 556 3472 615 haereticorum

244 620 469 673 Τοιοῦτο
519 622 659 689 μετὰ
708 625 834 687 τοὺς
889 626 1262 691 παντοδαποὺς
1311 629 1530 698 ἀγῶνας
1563 631 1593 682 ὁ
1645 630 1818 699 μέγας

1806 648 1818 693 ς
1914 645 2111 688 manus
2156 636 2395 709 effugere
2440 655 2548 695 non
2588 644 2787 711 potuit,
2815 620 2908 699 sed
2942 646 3187 719 martyrii
3217 661 3472 701 coronam

244 712 503 776 Εὐσέϐιος
532 715 747 780 ἐδέξατο
767 717 936 782 τέλος,
973 719 1066 771 καὶ
1086 721 1213 782 τοὺς
1256 721 1316 773 ἐν
1359 724 1426 791 τῇ
1455 721 1644 792 Θρᾴκῃ
1676 720 1811 790 βαρ-

1914 737 2011 791 per
2039 738 2133 778 eos
2161 736 2247 779 est
2291 728 2541 799 adeptus.
2574 730 2699 787 Ilaec
2733 732 2897 803 igitur
2926 747 3048 805 post
3084 712 3321 792 reditum
3363 740 3477 807 epi-

241 801 444 873 ϐάρους
500 806 797 875 διαφυγὼν,
845 809 945 872 τὰς
989 810 1099 863 τῶν
1127 811 1401 864 δυσσεϐὦν
1438 811 1728 882 αίρετικῶν
1753 811 1814 863 οὐ

1808 830 1814 860 ι
1912 826 2202 881 sc0porum
2256 826 2407 884 gesta
2436 828 2580 874 sunt.
2614 801 3153 891 Gi'atianus'autem,
3185 801 3474 880 Thraciam

237 892 461 963 διέφυγε
512 901 717 968 χεῖρας,
750 899 885 953 ἀλλὰ
912 900 979 955 δι’
1001 904 1224 958 ἐκείνων
1252 905 1343 959 τὸν
1370 907 1465 960 τοῦ
1513 902 1815 974 μαρτυρίου

1807 922 1815 952 ι
1909 915 1940 955 a
1974 901 2254 969 Barbaris,
2293 907 2385 976 qui
2443 910 2723 966 Valentem
2764 914 3226 982 combusserant,
3272 915 3473 971 vastari

240 982 506 1050 στέφανον
531 988 846 1058 ἀνεδήσατο.
877 991 1063 1047 Ταῦτα
1097 994 1196 1063 μὲν
1225 989 1318 1048 οὖν
1366 993 1504 1065 μετὰ
1556 994 1659 1063 τὴν
1715 994 1814 1045 ἐπ-

1808 1020 1814 1032 -
1907 997 2111 1051 certior
2133 996 2333 1065 factus,
2348 999 2537 1055 relicta
2562 1001 2734 1068 Italia,
2756 1004 2812 1058 in
2835 1002 3172 1061 Pannoniam
3198 1006 3474 1077 profectus

239 1073 426 1127 ἀνοδον
480 1078 588 1129 τῶν
636 1080 951 1137 ἐπισκόπων
994 1085 1229 1153 ἐγένετο.
1260 1084 1558 1157 Γρατιανὸς
1581 1084 1661 1149 δέ,
1706 1083 1809 1154 τὴν
1906 1088 2007 1137 est.

236 1166 461 1239 Θρᾴκην
486 1170 790 1243 δῃουμένην
829 1175 1016 1244 μαθὼν
1050 1179 1154 1233 ὑπὸ
1175 1180 1285 1233 τῶν
1319 1180 1410 1233 τὸν
1456 1178 1692 1234 Βάλεντα
1746 1176 2100 1230 κεκαυκότων
2152 1178 2459 1253 βαρϐάρων,
2529 1186 2844 1241 καταλιπὼν
2901 1187 3001 1257 τὴν
3075 1188 3325 1255 Ἰταλίαν,
3394 1189 3476 1253 είς

234 1260 336 1329 τὴν
361 1262 627 1318 Πανονίαν
658 1264 702 1296 ⁸⁸
731 1264 976 1332 ἀφίκετο.

730 1358 878 1433 [eos]
933 1363 1181 1416 ΚΕΦΑΛ.
1235 1363 1309 1417 E'.
2257 1376 2396 1431 CAP.

2257 1376 2407 1432 CAP.
2441 1379 2501 1434 v.
2554 1378 2638 1452 [Β.
2676 1379 2756 1435 St.
2800 1382 2862 1437 v.
2896 1384 2995 1437 cn.
3046 1382 3124 1455 5.]

480 1450 619 1516 Περί
664 1450 779 1518 τῆς
824 1453 1145 1507 Θεοδοσίου
1176 1458 1556 1525 στρατηγίας.

1521 1476 1556 1521 Γ·
2190 1466 2268 1521 De
2305 1450 2592 1525 Theodosio
2639 1473 2894 1541 magistro
2940 1450 3187 1528 militum.

303 1539 442 1590 Κατ’
471 1540 675 1594 ἐκεῖνον
703 1542 760 1595 δέ
798 1543 891 1595 τὸν
920 1544 1108 1615 καιρὸν
1144 1544 1441 1609 Θεοδόσιος,
1485 1546 1571 1601 διά
1607 1564 1665 1600 τε
1703 1549 1803 1619 τὴν

1801 1568 1803 1584 ’
1976 1564 2079 1619 Per
2126 1563 2179 1619 id
2214 1571 2432 1632 tempus
2463 1561 2808 1621 Theodosius
2848 1573 2902 1619 et
2940 1567 3209 1636 majorum
3243 1583 3467 1624 suorum

231 1627 344 1680 τῶν
398 1630 676 1697 προγόνων
727 1635 1103 1703 περιφάνειαν,
1154 1637 1246 1690 καὶ
1303 1638 1390 1691 διὰ
1446 1640 1544 1709 τὴν
1597 1641 1803 1696 οἰκείαν

1907 1656 2217 1717 nobilitate,
2248 1663 2301 1707 et
2329 1627 2428 1709 sua
2472 1654 2647 1722 ipsius
2683 1656 2881 1710 virtute
2916 1656 3257 1714 clarissimus
3300 1659 3470 1715 habe-

228 1719 503 1789 ὰνδρείαν,
556 1723 982 1791 ὀνομαστότατος
1014 1723 1101 1796 ἧν,
1140 1729 1233 1782 καὶ
1273 1729 1462 1784 τούτου
1499 1730 1658 1804 χάριν
1697 1732 1801 1786 ὑπὸ
1827 1790 1869 1820 ρ

1827 1790 1869 1820 ι,
1906 1746 2066 1801 batur
2098 1762 2111 1798 :
2139 1759 2369 1813 eamque
2417 1746 2489 1799 ob
2520 1760 2767 1809 causam,
2799 1762 2924 1800 eum
2958 1749 3247 1817 aequalium
3295 1765 3470 1820 popu-

226 1809 326 1861 τοῦ
364 1810 559 1877 φθόνου
611 1813 719 1865 τῶν
770 1790 1048 1887 ὁμοτίμων
1082 1790 1127 1851 δ’
1174 1820 1267 1872 καὶ
1295 1790 1584 1890 ὁμοφύλων·
1612 1822 1801 1892 βαλλό-
1826 1790 1869 1848 C

1906 1790 2055 1801 .,_-...
2098 1790 2111 1798 .
2142 1790 2369 1813 -_....,....
2420 1790 2487 1799 ν..
2524 1790 2767 1809 ---υ-..η
2802 1790 2924 1800 η...
2958 1790 3247 1817 ...ιπηωη
3298 1790 3468 1820 ,ων-,κ

1826 1790 1869 1848 C
1903 1837 2212 1905 Iariumque
2242 1835 2446 1889 invidia
2482 1835 2694 1904 1022
2724 1845 3078 1906 premeretur,
3114 1838 3169 1892 in
3209 1836 3468 1909 Hispania

225 1916 411 1967 μενος,
465 1901 523 1953 ἐν
567 1906 687 1966 ταῖς
738 1905 1001 1970 Σπανίαις
1034 1908 1079 1941 ⁹⁶
1123 1908 1391 1979 διέτριϐεν
1416 1929 1429 1943 ·
1471 1914 1529 1965 ἐν
1562 1914 1798 1978 ἐκείναις

1899 1929 2067 1983 vitam
2121 1901 2378 1990 ducebat,
2421 1901 2819 1996 inmitia—natus
2852 1928 3228 1998 educatusque
3267 1929 3464 1986 fuerat.

222 1993 332 2063 γὰρ
363 1992 465 2061 ἔφυ
500 2011 557 2047 τε
594 1995 686 2050 καὶ
708 1997 937 2067 ἐτράφη.
988 1998 1230 2070 ’Δπορῶν
1259 2000 1321 2071 δὴ
1362 1997 1453 2054 οὖν
1480 2004 1508 2055 ὁ
1546 2001 1798 2071 βασιλεὺς

1901 2021 2062 2091 Inops
2088 2034 2219 2089 ergo
2251 2018 2468 2073 consilii
2502 1992 2631 2088 quid
2664 2024 2848 2087 ageret
2888 1992 3201 2088 imperator,
3233 2035 3297 2076 eo
3321 2023 3466 2091 quod

218 2083 251 2135 ὃ
282 2100 333 2135 τι
372 2085 478 2155 χρὴ
515 2085 731 2154 δράσαι,
773 2088 1105 2159 φυσηθέντες
1149 2092 1256 2163 γὰρ
1304 2094 1368 2146 ἐκ
1411 2094 1509 2165 τῆς
1554 2096 1709 2168 νίκης
1746 2100 1795 2151 οί

1897 2111 2122 2167 Barbari
2153 2111 2282 2167 elati
2312 2111 2542 2164 victoria
2573 2126 2715 2181 aegre
2746 2109 2893 2163 vinci
2929 2119 3173 2180 possent,
3198 2122 3290 2166 aut
3323 2114 3464 2167 vinci

220 2172 518 2247 βάρϐαροι,
564 2177 829 2251 δύσμαχοι
861 2175 1000 2252 ἦσάν
1035 2198 1092 2235 τε
1136 2183 1230 2236 καὶ
1259 2183 1497 2251 ἐδόκουν,
1527 2186 1625 2258 τὴν
1669 2188 1796 2242 Θεοι.

1795 2226 1796 2229 η
1896 2221 2057 2275 posse
2085 2205 2425 2268 viderentur,
2469 2202 2629 2256 linem
2660 2202 2819 2256 malis
2857 2201 3101 2257 futurum
3134 2204 3387 2269 credidit,
3413 2205 3461 2261 si

214 2264 400 2317 δοσίου
434 2270 766 2338 στρατηγίαν
788 2271 940 2326 λύσιν
957 2273 1192 2328 ὑπέλαϐε
1215 2274 1324 2328 τῶν
1352 2277 1555 2332 κακῶν.
1587 2279 1795 2335 Αὐτίκα

212 2357 286 2426 δὴ
319 2355 436 2424 οὖν,
481 2361 545 2413 ἐκ
576 2362 687 2416 τῶν
718 2364 967 2418 Σπανιῶν
1009 2366 1054 2399 ³⁷
1095 2367 1186 2420 τὸν
1230 2369 1396 2439 ἄνδρα
1437 2373 1795 2443 μεταπεμψά-

215 2466 404 2519 μενος,
438 2452 533 2504 καὶ
587 2454 891 2526 στρατηγὸν
921 2460 1328 2530 χειροτονήσας,
1362 2462 1498 2533 μετὰ
1534 2464 1633 2533 τῆς
1664 2481 1790 2519 συν-

209 2539 537 2614 ειλεγμένης
588 2546 860 2616 ἐξέπεμψε
927 2551 1202 2617 στρατιᾶς.
1265 2551 1324 2606 '0
1382 2552 1437 2605 δὲ
1489 2556 1554 2624 τῇ
1615 2554 1791 2609 πίστει

209 2633 559 2701 φραξάμενος
612 2635 926 2706 θαρσαλέως
965 2637 1272 2708 ἐξώρμησε,
1313 2642 1404 2694 καὶ
1429 2642 1531 2712 τῆς
1570 2644 1790 2716 Θρᾴκης

209 2723 433 2788 ἐπιϐὰς,
501 2727 594 2779 καὶ
662 2728 790 2791 τοὺς
862 2728 1174 2801 βαρϐάρους
1223 2732 1559 2804 Θεασάμενος
1622 2737 1787 2805 ὁμόσε

209 2814 547 2883 χωροῦντας,
596 2816 754 2883 ἔταξε
805 2817 903 2890 τὴν
952 2822 1209 2892 στρατιὰν
1256 2823 1331 2886 ὡς
1373 2825 1418 2856 ⁸⁸
1460 2825 1542 2888 είς
1585 2826 1781 2896 μάχην.

221 2901 559 2972 ’Δψιμαχίας
603 2906 660 2959 δὲ
696 2909 1020 2979 γενομένης,
1075 2912 1177 2964 οὐκ
1228 2914 1543 2982 ἐνεγκόντες
1592 2918 1786 2972 ἐκεῖνοι

204 2993 310 3061 τὴν
356 2994 613 3065 ἐμϐολὴν,
658 2996 756 3067 τὴν
793 2997 944 3065 τάξιν
985 3001 1272 3055 κατέλιπον
1297 3017 1309 3031 ⁸
1359 3006 1459 3074 τῆς
1494 3004 1553 3057 δὲ
1581 3008 1786 3077 τροπῆς

208 3084 531 3153 γενομένης,
582 3087 631 3139 οί
674 3089 774 3158 μὲν
808 3088 1059 3159 ἔφευγον,
1091 3093 1140 3145 οί
1174 3092 1229 3145 δὲ
1259 3095 1602 3164 κατακράτος
1628 3097 1783 3150 ἐδίω-

206 3190 327 3227 κον.
386 3175 557 3241 Πολὺς
607 3178 664 3231 δέ
717 3180 873 3247 φόνος
930 3182 1039 3236 τῶν
1083 3183 1376 3255 βαρϐάρων
1422 3187 1656 3255 ἐγένετο.
1705 3190 1780 3242 Οὐ

208 3268 377 3336 μόνον
420 3268 529 3338 γὰρ
577 3270 681 3322 ὑπὸ
718 3271 1023 3343 Ῥωμαίων,
1064 3275 1201 3330 ἀλλὰ
1248 3278 1343 3331 καὶ
1390 3280 1483 3332 ὑπ’
1535 3281 1781 3354 ἀλλήλων

204 3359 532 3413 ἐκτείνοντο.
585 3360 744 3415 Οὕτω
786 3362 843 3415 δὲ
890 3365 999 3417 τῶν
1051 3367 1318 3422 πλείστων
1364 3372 1778 3442 ἀναιρεθέντων,

202 3446 407 3515 ὀλίγων
457 3448 515 3502 δὲ
564 3450 674 3504 τῶν
704 3453 886 3507 λαθεῖν
940 3456 1275 3527 δυνηθέντων
1337 3460 1636 3518 διαϐάντων
1690 3466 1780 3521 τὸν

206 3539 444 3609 Ἵστρον,
480 3541 639 3604 εὐθὺς
662 3544 691 3595 ὁ
710 3544 930 3615 ἄριστος
950 3550 1271 3619 στρατηγὸς,
1290 3552 1360 3621 ἢν
1380 3547 1491 3623 εἶχε
1522 3572 1579 3607 στ
1591 3557 1778 3625 ρατιὰν

207 3635 269 3685 ἐν
304 3635 428 3695 ταῖς
462 3636 824 3702 πελαζούσαις
860 3640 1047 3693 πόλεσι
1084 3641 1292 3709 διελὼν,
1330 3647 1490 3712 αὐτὸς
1524 3650 1658 3718 πρὸς
1687 3651 1778 3704 τὸν

204 3725 436 3795 βασιλέα
483 3729 779 3798 Γρατιανὸν
837 3733 979 3786 κατὰ
1028 3735 1191 3806 τάχος
1243 3738 1481 3792 ἐλαύνων
1530 3743 1774 3810 ἀφίκετο,

200 3819 317 3871 τῶν
354 3821 570 3874 οίκείων
613 3823 888 3892 τροπαίων
932 3826 975 3860 ³⁸
1033 3830 1321 3899 γενόμενος
1370 3832 1617 3900 ἅγγελος.
1672 3837 1779 3891 Καὶ

202 3904 379 3957 πιστὰ
434 3907 532 3975 μὲν
575 3907 756 3976 λέγειν
817 3912 941 3965 οὑδέ
991 3915 1138 3986 αὐτῷ
1189 3917 1365 3971 ἐδόκει
1418 3920 1496 3990 τῷ
1549 3922 1773 3991 βασιλεῖ,

201 3994 775 4070 ὑπερεκπληττομένῳ
801 4002 862 4054 τὸ
894 4004 1145 4071 γεγονόςυ
1175 4007 1224 4059 οί
1254 4007 1311 4061 δὲ
1334 4012 1452 4072 ταῖς
1468 4011 1615 4064 ἀκίσι
1637 4015 1651 4044 ¹
1681 4014 1775 4067 τοῦ

203 4084 406 4153 φθόνου
451 4086 786 4159 βαλλόμενοι,
831 4094 925 4147 καὶ
982 4097 1313 4165 πεφευγέναι
1368 4101 1528 4154 αὑτὸν
1568 4103 1774 4172 ἔλεγον,

199 4178 301 4229 καὶ
329 4177 714 4250 διεφθαρκέναι
757 4184 857 4255 τὴν
902 4188 1183 4257 στρατιάν.
1229 4188 1287 4243 ὐ
1312 4190 1369 4243 δέ
1408 4182 1532 4256 τοὺς
1565 4195 1775 4249 ἀντιτε-

197 4267 511 4335 ταγμένους
559 4270 819 4341 ἐξῄτησεν
872 4273 1219 4340 ἀποστεῖλαι,
1278 4278 1371 4330 καὶ
1412 4279 1616 4346 γνῶναι
1668 4282 1775 4335 τῶν

199 4360 572 4431 ἀνῃρημένων
602 4363 899 4435 βαρϐάρων
928 4367 989 4419 τὸ
1015 4367 1236 4437 πλῆθος.
1282 4369 1489 4440 Ῥᾴδιον
1526 4372 1602 4437 δὲ,
1646 4374 1771 4444 ἔφη,

1894 2298 2266 2353 Theodosium
2329 2295 2407 2349 rei
2476 2293 2729 2349 militaris
2806 2293 3003 2350 ducem
3077 2297 3462 2353 constitueret.

1892 2389 2071 2457 Quare
2094 2390 2328 2442 accitum
2352 2401 2473 2441 mox
2504 2403 2569 2441 ex
2594 2384 2855 2455 IIispania
2885 2386 3203 2458 magistrum
3232 2388 3465 2443 militum

1890 2481 2193 2544 renuntiat,
2229 2479 2571 2548 collectoque
2606 2493 2728 2533 cum
2782 2479 3022 2533 exercitu
3076 2478 3130 2533 in
3166 2480 3465 2549 expeditio-

1889 2588 2008 2627 nem
2042 2570 2292 2628 dimittit.
2326 2568 2421 2624 Ille
2448 2585 2577 2624 vero
2616 2569 2724 2624 fide
2756 2570 3004 2625 munitus
3035 2586 3231 2642 magna
3266 2571 3463 2625 fiducia

1889 2665 1991 2717 iter
2036 2660 2294 2729 suscipit,
2338 2660 2729 2730 ingressusque
2777 2659 2834 2714 in
2863 2659 3156 2715 Thraciam
3226 2668 3280 2716 et
3324 2659 3461 2713 Bar-

1886 2752 2054 2805 baros
2102 2766 2171 2805 ex
2227 2749 2459 2804 adverso
2517 2750 2802 2804 venientes
2867 2751 3241 2820 conspicatus,
3289 2751 3462 2806 aciem

1887 2844 1956 2897 ad
2024 2857 2262 2913 pugnam
2313 2842 2600 2898 instruxit.
2649 2840 3054 2911 Congressione
3109 2842 3273 2907 facta,
3335 2857 3461 2897 cum

1886 2934 2145 3003 impetum
2179 2934 2257 2986 illi
2294 2947 2405 2986 non
2437 2932 2660 2997 ferrent,
2696 2931 2920 2987 ordines
2961 2933 3223 2987 deserunt
3255 2952 3268 2988 :
3302 2931 3460 3003 fuga-

1885 3038 1993 3092 que
2044 3022 2203 3087 inita,
2234 3022 2328 3074 alii
2375 3030 2529 3092 terga
2562 3030 2810 3090 vertunt,
2854 3022 2946 3075 alii
2996 3037 3097 3093 pro
3141 3023 3351 3079 viribus
3378 3023 3462 3077 in-

1887 3123 2214 3183 sequuntur.
2255 3112 2449 3182 Magna
2514 3112 2571 3165 lit
2629 3119 2845 3181 strages
2906 3112 3299 3168 Barbarorum.
3350 3112 3461 3168 Nec

1889 3206 2033 3260 enim
2083 3220 2113 3258 a
2160 3202 2427 3258 [tertianis
2470 3205 2647 3257 solum
2698 3203 3071 3268 cmdebautur,
3104 3204 3201 3262 sed
3258 3206 3461 3261 mutuis

1890 3297 1991 3366 ipsi
2025 3310 2243 3366 quoque
2280 3296 2599 3350 vulneribus
2636 3295 3019 3350 concidebant.
3053 3297 3316 3353 Plurimis
3358 3313 3461 3353 au-

1890 3397 1997 3444 tem
2027 3388 2133 3442 hoc
2162 3388 2325 3442 modo
2351 3386 2678 3451 interfectis,
2704 3389 3003 3457 paucisque
3029 3388 3122 3457 qui
3156 3388 3460 3445 subducere

1887 3496 1947 3536 se
1985 3486 2295 3550 potuerant,
2339 3478 2539 3532 Istrum
2590 3480 2953 3542 transgressis
2980 3517 2993 3541 ,
3040 3478 3302 3533 continuo
3349 3479 3458 3534 dux

1886 3573 2148 3642 optimus,
2183 3585 2331 3635 cum,
2361 3583 2523 3637 quem
2575 3568 2810 3622 habebat
2868 3569 3192 3633 exercitum,
3241 3584 3336 3639 per
3379 3572 3458 3623 vi-

1886 3666 2040 3718 cinas
2071 3664 2235 3717 urbes
2267 3660 2642 3738 dispersisset,
2688 3661 2755 3714 ad
2812 3662 3194 3730 imperatorem
3242 3661 3459 3717 Gratia-

1886 3773 2039 3821 num,
2084 3764 2145 3809 ut
2186 3769 2410 3809 suorum
2467 3753 2584 3823 ipse
2640 3762 2970 3822 tropteorum
3028 3753 3256 3808 nuntius
3313 3763 3459 3809 esset

1885 3858 2101 3901 summa
2155 3842 2511 3898 festinatione
2558 3842 2858 3895 contendit.
2913 3841 3179 3896 Caeterum
3228 3841 3457 3911 impera-

1886 3934 2013 4000 tori,
2064 3934 2135 3988 ob
2185 3932 2263 3987 rei
2325 3930 2759 4001 magnitudinem
2822 3933 3072 3997 attonito,
3118 3931 3457 3987 incredibilia

1884 4041 2004 4093 qua:
2034 4023 2295 4078 narrabat
2324 4023 2651 4077 videbantur
2677 4040 2690 4075 :
2715 4023 2832 4084 alii,
2853 4038 2993 4092 quos
3020 4023 3226 4076 stimuli
3253 4039 3458 4092 punge-

1886 4118 2015 4171 bant
2060 4115 2305 4179 iuvidim,
2337 4122 2391 4167 et
2443 4112 2652 4184 fugisse
2683 4114 2861 4185 ipsqu
2912 4113 3192 4178 dicebant,
3219 4124 3272 4169 et
3305 4130 3459 4169 excr-

1884 4209 2053 4260 eitnm
2079 4206 2360 4261 amisisse.
2388 4203 2528 4257 Tum
2581 4204 2673 4259 ille
2722 4206 2856 4260 istos
2887 4205 3036 4274 ipsos
3068 4205 3159 4274 qui
3199 4206 3455 4259 adversa-

1884 4298 2085 4351 bantur
2112 4300 2130 4317 ‘
2163 4296 2306 4350 mitti
2357 4296 2533 4364 petiit,
2586 4304 2647 4347 ut
2700 4295 2768 4349 de
2807 4310 3071 4349 caesorum
3108 4296 3457 4352 multitudine

1886 4395 2302 4458 cognoscerent.
2338 4385 2520 4439 Facile
2561 4400 2799 4454 namque
2852 4384 2937 4438 vel
2973 4399 3036 4440 ex
3092 4386 3282 4456 spoliis
3333 4401 3455 4456 per-

200 4450 299 4502 καὶ
331 4451 440 4503 ἀπὸ
463 4451 572 4504 τῶν
609 4454 821 4509 σκύλων
868 4456 1161 4525 ἐπιγνῶναι
1206 4460 1295 4512 τὸν
1340 4461 1590 4531 ἀριθμόν.
1636 4464 1774 4516 Τού-
1810 4491 1852 4547 D

1810 4491 1852 4547 ι)
1882 4450 2015 4547 δι)ίοί
2072 4479 2248 4532 aiebat
2285 4483 2578 4531 numerdm
2633 4450 2815 4546 posse.
2858 4475 3072 4539 Quibus
3103 4450 3284 4530 verbis
3334 4450 3455 4545 per-

198 4557 318 4604 τοις
365 4542 514 4609 εῐξας
558 4548 671 4608 τοῖς
720 4547 896 4616 λόγοις
927 4550 956 4601 ό
996 4549 1270 4619 βασιλεὺς,
1316 4554 1603 4607 ἀπέστειλε
1647 4557 1773 4620 τοὺς

197 4633 503 4703 ὀψομένους
525 4637 595 4689 τὰ
612 4642 995 4710 πεπραγμένα,
1018 4646 1112 4696 καὶ
1139 4644 1310 4697 ταῦτα
1342 4646 1699 4717 μηνύσοντας.

689 4728 839 4803 [205]
892 4734 1139 4791 ΚΕΦΑΑ,
1201 4738 1291 4801 ετ.

196 4814 342 4880 Περὶ
400 4815 510 4881 τῆς
562 4820 779 4874 τούτου
822 4823 1165 4945 ξασὲλείας,
1226 4826 1323 4880 καί
1360 4821 1449 4883 ὧν
1501 4828 1773 4895 προεῖδεν

889 4909 954 4945 νε
980 4911 1116 4945 οων.

889 4909 972 4946 νει
973 4911 1116 4961 ρων.

287 4972 350 5024 ὐ
375 4972 433 5026 δὲ
461 4974 682 5044 ἄριστος
710 4984 1014 5051 στρατηγὸς
1050 4984 1214 5037 αὐτοῦ
1260 4988 1467 5055 μείνας,
1507 4987 1630 5057 ὅψιν
1663 4986 1771 5044 εἶδε

198 5057 501 5118 θεσπεσίαν
542 5068 687 5132 τινὰ,
724 5072 818 5124 καὶ
865 5074 996 5145 παρ’
1027 5076 1193 5129 αὐτοῦ
1246 5078 1425 5147 σαφῶς
1482 5080 1630 5150 αὐτῷ
1661 5081 1770 5135 δει-

198 5150 425 5243 χθεῖσαν
452 5158 473 5187 ⁸
498 5159 592 5212 τοῦ
619 5161 728 5214 τῶν
760 5163 897 5218 ὅλων
938 5166 1092 5220 Θεοῦ.
1141 5169 1346 5223 Ἐδόκει
1380 5171 1487 5242 γὰρ
1520 5173 1653 5243 ὀρᾷν
1680 5174 1772 5227 τὸν

200 5242 350 5296 θεῖον
394 5248 680 5318 Μελέτιον,
732 5255 833 5326 τῆς
900 5258 1215 5330 Ἀντιοχέων
1292 5242 1618 5332 Ἐκκλησίας
1680 5267 1772 5320 τὸν

202 5336 488 5406 πρόεδρον,
558 5343 779 5412 χλανίδα
828 5364 887 5400 τε
948 5350 1095 5422 αύτῷ
1135 5352 1417 5425 βασιλικὴν
1456 5356 1767 5425 περιθέντα,

1882 4585 2079 4625 suasus
2110 4570 2431 4638 imperator,
2456 4567 2603 4620 misit
2635 4568 2729 4637 qui
2761 4582 2848 4621 res
2874 4575 3058 4637 gestas
3082 4568 3450 4637 explorarent,

1878 4671 1932 4716 et
1969 4660 2037 4716 de
2067 4662 2152 4715 bis
2187 4668 2372 4729 Postea
2407 4658 2693 4713 referrent.

2131 4750 2341 4819 1023
2370 4748 2522 4806 CAP.
2559 4749 2627 4802 vn
2664 4748 2746 4821 [Β.
2785 4748 2838 4803 SI
2900 4747 2961 4802 v.
2995 4748 3094 4803 en.
3128 4748 3204 4818 6.]

2049 4838 2125 4893 De
2157 4840 2387 4908 ejusdem
2418 4840 2659 4906 imperia.
2691 4849 2740 4893 et
2770 4840 2878 4893 viso
2912 4854 3004 4907 per
3026 4854 3286 4893 somnum.

1948 4992 2164 5048 Interim
2201 5007 2330 5047 vero
2362 4991 2607 5045 manenti
2646 4991 2787 5061 apud
2821 4990 3146 5045 Gratianum
3189 4999 3451 5059 ιιι-πειθη-

1877 5086 2093 5142 tissimo
2144 5083 2457 5139 Theodosio
2508 5084 2890 5139 admirandum
2938 5082 3245 5152 quoddam,
3282 5091 3337 5137 et
3382 5086 3449 5136 ab

1878 5179 1998 5249 ipso
2048 5176 2193 5230 haud
2225 5175 2391 5230 dubie
2421 5175 2803 5229 universorum
2844 5173 2955 5229 Deo
2992 5174 3243 5238 missum,
3271 5175 3444 5228 visum

1882 5270 2122 5322 oblatum
2167 5274 2271 5321 est.
2300 5264 2599 5321 Videbatur
2639 5266 2785 5319 enim
2836 5265 3023 5319 videre
3059 5265 3302 5318 divinum
3341 5263 3430 5316 Me

1880 5359 2086 5423 letium,
2129 5357 2387 5413 Ecclesia:
2419 5356 2773 5411 Antiochense
2802 5357 3123 5423 antistitem,
3156 5357 3248 5426 qui
3279 5357 3421 5425 impo

1480 5508 1705 5564 VARIIE
1744 5508 2141 5567 LECTIONES.

265 5648 314 5731 ξς
349 5648 670 5731 Παννονίαν..-
695 5652 817 5731 Bas.
848 5656 1023 5731 Grmc.
1074 5669 1126 5731 et
1166 5662 1352 5731 Steph.

207 5732 235 5768 τι
263 5717 385 5800 I_I_as.
418 5718 616 5800 graec“
638 5725 825 5800 Steph.
849 5736 901 5778 et
932 5729 1122 5800 Ijlpipli.
1154 5717 1294 5786 Ιιὶδῖ.
1327 5736 1445 5800 (rip.
1472 5717 1561 5797 IX,
1585 5736 1637 5789 4.

207 5804 236 5838 a
273 5786 377 5841 Bas
433 5788 604 5844 (inec.
720 5786 762 5823 δῖ’
792 5786 1054 5865 τροπέωνῖ
1093 5799 1252 5857 Idem.

1446 5665 1610 5743 eius
1634 5667 1971 5743 Christoph..
2006 5669 2151 5743 Scal.
2178 5679 2246 5743 ct
2268 5672 2501 5726 Casaub.
2529 5675 2630 5728 Sed
2675 5677 2835 5729 verba
2868 5694 2960 5727 και
2993 5676 3213 5743 όμοφύλ⁴
3248 5676 3444 5728 absunt

1751 5742 1795 5770 9‘
1830 5740 2142 5802 Ἰσπανίαις.
2174 5740 2359 5793 Iidem.
2439 5745 2481 5775 "
2513 5746 2810 5801 ’ίσπανιῶν.
2848 5740 3031 5800 Iidem.

1372 5806 1384 5836 ³
1421 5806 1622 5861 ἀκτίσι.
1656 5807 1818 5865 Idem.

3111 5747 3154 5775 9"
3189 5746 3262 5807 ὡς
3294 5748 3443 5799 abest

1898 5814 1914 5841 ²
1941 5812 2001 5863 ἐκ
2038 5812 2185 5865 addit
2208 5812 2518 5883 illiristopli.
