4218 6456
771 396 902 464 1207

1744 406 2225 466 THEODORETI
2266 405 2605 465 EPISCOPI
2644 407 3010 468 CYBENSIS

3885 398 4021 462 1208

767 510 1030 565 ratoriam
1075 511 1178 567 sibi
1219 512 1412 566 laenam
1454 511 1728 583 injiceret,
1770 513 2052 583 capitique
2107 514 2340 569 similem

2456 513 2539 564 καὶ
2573 512 2939 583 παραπλησίῳ
2972 513 3219 581 στεφάνῳ
3269 507 3573 580 κοσμοῦντα
3620 508 3719 577 τὴν
3753 507 4019 575 κεφαλήν.

768 616 1031 656 coronam
1062 603 1391 671 imponeret.
1421 605 1556 672 Quae
1584 614 1748 660 noctu
1784 606 1901 660 visa
1934 621 2092 659 mane
2125 605 2341 661 cuidam

767 708 836 747 ex
886 692 1252 750 familiaribus
1298 709 1426 750 cum
1483 695 1821 760 indicasset;
1850 697 2204 766 perspicuum
2252 697 2343 752 ille

769 786 1045 840 somnium
1079 801 1204 842 esse
1241 787 1403 854 dixit,
1436 789 1684 859 nihilque
1730 790 1952 844 obscuri
1988 790 2071 844 vel
2105 791 2342 861 ambigui

766 878 1071 933 continere.
1115 877 1194 936 Ac
1245 881 1408 950 pauci
1447 881 1675 936 omnino
1719 881 1840 938 dies
1892 883 2343 948 intercesserant,

766 984 893 1023 cum
931 973 1139 1027 reversi
1193 981 1325 1027 sunt
1380 974 1780 1042 exploratores,
1837 986 1887 1027 et
1939 976 2173 1044 plurima
2213 976 2347 1031 Bar-

767 1060 1029 1116 barorum
1059 1064 1227 1116 millia
1271 1078 1410 1121 caesa
1447 1063 1620 1119 fuisse
1667 1066 1993 1120 retulerunt.
2035 1067 2192 1122 Unde
2223 1083 2346 1136 per-

766 1167 993 1207 suasum
1040 1152 1246 1207 babens
1294 1154 1616 1224 imperator,
1666 1156 1877 1224 optimo
1926 1171 1955 1210 a
2009 1172 2072 1211 se
2112 1158 2348 1212 consilio

766 1253 1011 1296 creatum
1054 1242 1208 1296 illum
1254 1247 1579 1313 magistrum
1613 1247 1848 1300 militum
1880 1247 2077 1313 fuisse,
2107 1248 2345 1319 impera-

767 1343 940 1386 torem
984 1348 1207 1404 quoque
1254 1334 1581 1405 designavit,
1626 1346 1682 1392 et
1733 1348 1941 1408 partem
1994 1340 2230 1410 imperii,
2257 1341 2347 1395 cui

767 1420 970 1478 Valens
1001 1425 1318 1493 praefuerat,
1353 1428 1647 1495 regendam
1680 1430 1731 1483 ei
1781 1431 2077 1485 commisit.
2108 1432 2239 1485 Inde
2290 1433 2347 1486 in

768 1516 979 1569 Italiam
1008 1516 1126 1586 ipse
1156 1518 1461 1581 contendit,
1502 1518 1815 1574 Theodosio
1866 1521 1932 1574 ad
1968 1521 2200 1577 traditas
2242 1523 2347 1577 sibi

769 1606 1085 1674 provincias
1115 1608 1366 1665 dimisso.
1393 1610 1499 1678 Qui
1528 1620 1585 1664 ut
1612 1612 1844 1679 primum
1880 1611 2111 1681 imperio
2144 1612 2348 1682 potitus

769 1708 876 1762 est,
925 1697 1300 1754 Ecclesiarum
1334 1701 1643 1756 concordia:
1660 1717 1770 1771 prae
1799 1704 2014 1759 caeteris
2039 1705 2202 1759 rebus
2225 1720 2350 1774 pro-

771 1790 1037 1859 spiciens,
1078 1791 1366 1861 episcopos
1417 1793 1640 1848 ditionis
1678 1808 1791 1848 suae
1816 1792 2344 1865 ConstantinOpolim

770 1890 1048 1936 maturare
1087 1882 1277 1951 jussit.
1311 1882 1436 1936 Παῖς
1464 1885 1608 1936 enim
1643 1885 1755 1938 sola
1796 1900 1924 1954 pars
1963 1886 2165 1940 Ariana
2195 1896 2347 1957 peste

771 1972 977 2026 referta
1010 1982 1150 2037 erat,
1181 1989 1306 2028 cum
1341 1972 1615 2028 Occidens
1666 1974 1733 2025 ab
1769 1974 1873 2028 hae
1920 1976 2009 2030 lue
2058 1977 2197 2029 liber
2233 1992 2349 2031 ma-

769 2071 964 2129 neret,
1028 2064 1159 2132 quia
1222 2062 1641 2125 Constantinus,
1686 2063 2040 2119 Constantini
2111 2068 2346 2122 ﬁliorum

771 2154 1078 2218 maximus,
1130 2162 1185 2209 et
1226 2152 1500 2209 Constans
1546 2156 1809 2211 minimus
1868 2165 2022 2222 natu,
2067 2167 2348 2228 paternam

770 2241 933 2298 ﬁdem
1002 2244 1269 2298 illibatam
1323 2254 1752 2311 conservarant,
1821 2256 1874 2303 et
1930 2247 2348 2306 Valentinianus

770 2350 992 2407 quoque
1047 2336 1343 2407 imperator
1387 2334 1701 2391 Occidentis
1748 2334 2024 2393 sinceram
2089 2340 2348 2410 pietatem

767 2430 1013 2485 retinuit.

967 2542 1182 2616 1024
1212 2542 1366 2601 CAP.
1407 2544 1517 2601 vn.
1555 2547 1573 2618 ξ
1605 2547 1663 2601 B.
1700 2546 1782 2603 St.
1809 2546 1879 2609 v,-
1911 2546 2011 2602 cu.
2051 2547 2151 2620 7.]

770 2652 1002 2719 Quinam
1027 2655 1252 2725 insignes
1281 2656 1478 2725 fuerint
1510 2658 1728 2713 Arianae
1762 2658 2014 2728 factionis
2044 2660 2344 2715 antistites.

839 2810 909 2861 At
936 2824 1066 2863 vero
1097 2825 1225 2879 pars
1243 2808 1540 2866 Orientalis
1571 2812 1746 2866 labem
1768 2812 1928 2867 istam
1951 2811 2137 2866 multis
2159 2817 2351 2865 aucto—

769 2902 922 2955 ribus
980 2904 1277 2957 contraxit.
1346 2903 1560 2958 Etenim
1611 2910 1629 2928 θ
1680 2908 1845 2961 Arius
1901 2906 2241 2961 Alexandriae
2292 2906 2348 2960 in

770 2990 1009 3063 Egypto
1068 2996 1400 3067 presbyter,
1466 2997 1861 3067 blasphemiam
1917 2999 2079 3051 istam
2138 2999 2350 3068 primus

769 3083 1017 3139 omnium
1058 3082 1255 3139 edidit.
1319 3085 1458 3141 Tum
1486 3086 1759 3142 Eusebius
1818 3097 1873 3143 et
1903 3088 2251 3158 Patrophilus
2294 3097 2350 3144 et

2444 602 2629 656 Ταῦτα
2663 604 2878 673 νύκτωρ
2911 603 3055 666 ἰδὼν,
3096 603 3367 673 ἐμήνυσεν
3412 601 3581 654 ἕωθεν
3616 599 3728 652 τῶν
3773 596 4024 668 συνήθων

2443 696 2585 748 τινί’
2613 696 2641 748 ὁ
2672 696 2730 748 δέ
2763 696 2931 763 σαφὲς
2955 690 3095 747 εἶναι
3138 694 3200 746 τὸ
3242 693 3492 747 ἐνύπνιον
3530 691 3655 759 ἔφη,
3702 690 3797 742 καὶ
3851 687 4024 759 μηδὲν

2443 785 2857 855 αἰνιγματῶδες,
2921 784 3055 855 μηδὲ
3101 784 3397 855 ἀμφίϐολον
3457 783 3619 852 ἐχειν.
3676 780 3903 847 Ὀλίγων
3966 778 4025 829 δὲ

2444 878 2587 945 ἄγαν
2625 876 2950 930 διελθουσῶν
2987 876 3230 947 ἡμερῶν,
3279 874 3580 943 ἐπανῆλθον
3632 872 3729 942 μὲν
3774 870 3887 921 τῶν
3924 884 4023 919 περ

2445 968 2781 1039 πραγμένων
2810 970 2861 1022 οί
2890 968 3206 1039 ἔφοροι,καὶ
3237 966 3653 1037 κατηκοντίσθαι
3684 963 3781 1025 τὰς
3816 959 4023 1020 πολλὰς

2446 1059 2556 1113 τῶν
2583 1059 2877 1131 βαρϐάρων
2898 1060 3106 1130 ἔφησαν
3131 1059 3414 1129 μυριάδας.
3449 1056 3696 1115 Πεισθεὶς
3724 1056 3779 1107 δέ
3810 1056 3839 1106 ὁ
3869 1053 4025 1121 βασι-

2446 1150 2594 1215 λεὺς,
2658 1151 2733 1215 ὡς
2790 1152 2987 1221 ἄριστα
3041 1150 3420 1220 ψηφισάμενος
3478 1148 3639 1202 αὐτὸν
3691 1142 4023 1215 στρατηγὸν,

2449 1239 2673 1310 βασιλέα
2703 1242 3144 1311 κεχειροτόνηκε,
3186 1242 3387 1309 καὶτῆς
3423 1237 3685 1299 Βάλεντος
3718 1235 3916 1305 μοίρας
3953 1231 4026 1283 τὰ

2447 1331 2703 1403 σκῆπτρα
2730 1332 3036 1400 παρέδωκε.
3065 1333 3175 1385 Καὶ
3214 1332 3374 1395 αὐτὸς
3402 1331 3501 1399 μὲν
3526 1328 3619 1382 ἐπὶ
3649 1327 3746 1397 τὴν
3788 1324 4026 1377 Ἰταλίαν

2448 1420 2787 1491 ἐξώρμησεν,
2832 1423 3039 1474 ἐκεῖνον
3081 1422 3138 1474 δέ
3181 1424 3261 1484 είς
3303 1421 3400 1490 τὴν
3441 1420 3688 1472 δοθεῖσαν
3720 1415 4028 1487 ἠγεμονίαν

2448 1508 2831 1580 παρέπεμψεν.
2872 1510 3048 1574 Εὐθὺς
3089 1510 3154 1581 δὴ
3196 1507 3289 1563 οὖν
3322 1510 3418 1580 τὴν
3464 1508 3737 1578 βασιλείαν
3773 1505 4028 1575 παραλα-

2448 1599 2580 1667 ϐὼν,
2628 1604 2726 1670 τῆς
2754 1602 2863 1655 τῶν
2898 1602 3231 1672 Ἐκκλησιῶν
3279 1603 3386 1672 πρὸ
3428 1600 3537 1653 τῶν
3580 1600 3757 1653 ἄλλων
3798 1614 4028 1666 συμφω-

2448 1690 2567 1753 νίας
2610 1692 2948 1763 ἐπεμελήθη,
2995 1696 3087 1747 καὶ
3144 1696 3270 1755 τοὺς
3318 1693 3417 1762 τῆς
3463 1692 3670 1753 οἰκείας
3722 1687 4029 1757 ἡγεμονίας

2450 1782 2782 1845 ἐπισκόπους
2855 1788 2935 1847 είς
2998 1786 3097 1855 τὴν
3168 1782 3735 1838 Κωνσταντινούπολιν
3790 1781 4027 1850 δραμεῖν

2450 1872 2833 1941 παρηγγύησε,
2865 1873 3014 1943 Αὕτη
3051 1875 3160 1943 γὰρ
3209 1874 3343 1943 μόνη
3386 1876 3485 1943 τῆς
3518 1875 3863 1942 Ἀρειανικῆς
3910 1871 4031 1920 ἐνε-

2450 1962 2765 2033 πέπληστο³
2792 1964 2972 2033 λώϐης
2996 1981 3008 1995 ο
3038 1970 3070 2036 ἡ
3100 1966 3209 2035 γάρ
3233 1966 3477 2035 Ἐσπέρα
3504 1968 3604 2035 τῆς
3635 1965 3792 2017 νόσου
3817 1960 4031 2029 ταύτης

2450 2052 2717 2123 ἐλευθέρα
2764 2054 3022 2124 διέμεινε.
3073 2057 3479 2119 Κωνσταντίνος
3529 2056 3628 2123 μὲν
3675 2057 3805 2124 γὰρ,
3848 2056 3875 2105 ὁ
3915 2052 4030 2105 τῶν

2450 2147 2859 2201 Κωνσταντίνου
2901 2147 3108 2202 παίδων
3155 2149 3559 2219 πρεσϐύτατος,
3594 2148 3689 2200 καὶ
3722 2145 4031 2207 Κώνσταςδ

2448 2231 2478 2283 ὁ
2510 2231 2796 2296 νεώτατος,
2830 2235 2930 2303 τὴν
2956 2235 3216 2307 πατρῴαν
3256 2237 3437 2290 πίστιν
3466 2238 3740 2306 ἀκήρατον
3770 2235 4030 2305 διετήρη-

2452 2340 2572 2387 σαν,
2630 2328 2723 2378 καὶ
2765 2322 2830 2378 αὖ
2882 2327 3043 2379 πάλιν
3087 2328 3492 2392 Βαλεντινιανὸς
3541 2331 3569 2382 ὁ
3622 2328 3873 2397 βασιλεὺς
3927 2327 4034 2396 τῆς

2463 2416 2731 2486 Ἐσπὲρας
2757 2419 3034 2489 ἀκραιφνῆ
3061 2419 3344 2488 διεφύλαξε
3375 2420 3474 2490 τὴν
3505 2419 3807 2471 εὐσέϐειαν.

3052 2533 3301 2586 ΚΕΦΑΛ.
3342 2535 3415 2587 Z'.

2457 2643 2621 2709 Τίνες
2660 2645 2944 2714 ἐπίσημοι
2986 2647 3311 2715 προστάται
3360 2646 3470 2714 τῆς
3515 2648 3741 2715 Ἀρείου
3791 2662 4033 2716 συμμο-

3005 2719 3144 2783 ρίας
3172 2716 3469 2784 ἐγένοντο.

2521 2807 2595 2859 Τὸ
2621 2807 2678 2861 δὲ
2704 2814 2900 2882 τμῆμα
2936 2808 3047 2860 τῶν
3092 2807 3272 2889 ξΕῲων
3293 2809 3314 2841 ³
3354 2808 3684 2877 πολλαχόθεν
3706 2808 3806 2877 τὴν
3845 2806 4036 2875 λώϐην

2449 2899 2655 2968 ταύτην
2696 2898 2932 2963 ἐδέξατο.
2962 2898 3177 2969 Ἀρειός
3219 2914 3279 2950 τε
3325 2898 3433 2967 γὰρ
3489 2897 3897 2968 Ἀλεξανδρείας
3926 2896 4036 2963 τῆς

2450 2992 2755 3059 Αἰγυπτίας
2798 2990 3167 3062 πρεσϐύτερος
3214 2990 3311 3053 ὢν,
3357 2992 3473 3042 ἐκεῖ
3523 2991 3623 3059 τὴν
3674 2989 4037 3058 βλασφημίαν

2452 3083 2745 3153 ἐγέννησε⁹
2780 3084 2873 3136 καὶ
2905 3083 3195 3145 Εὐσέϐιος,
3244 3084 3339 3135 καὶ
3382 3082 3736 3152 Ιῐατρόφι).ος,
3771 3084 3865 3133 καί
3912 3080 4038 3132 Ἀέ-

770 3173 961 3228 Aetius
996 3173 1293 3241 Palaestini,
1320 3175 1588 3233 Paulinus
1617 3186 1671 3233 et
1700 3178 2002 3248 Gregorius
2040 3179 2349 3247 Phoenices,

2456 3189 2590 3236 τιος,
2623 3174 2672 3226 οί
2696 3173 2814 3226 Παλ
2858 3175 3066 3233 ιστῖνοι,
3096 3173 3191 3224 καὶ
3218 3172 3481 3234 Παυλῖνος
3512 3173 3603 3224 καὶ
3629 3172 3666 3223 Γ
3673 3172 3952 3241 ρηγόριος,
3984 3171 4039 3222 οἱ

770 3272 826 3317 et
862 3263 1147 3321 Laodiceae
1172 3267 1511 3332 Theodotus,
1537 3269 1811 3340 hujusque
1853 3286 2147 3327 successor
2181 3273 2352 3329 Geor-

772 3357 915 3424 gius,
954 3365 1007 3411 et
1040 3367 1162 3428 post
1199 3359 1346 3415 hunc
1378 3361 1712 3418 Athanasius
1743 3375 1797 3417 et
1833 3362 2355 3431 NarcissusCilices,

774 3446 917 3500 male
954 3446 1104 3517 jacta
1138 3450 1348 3504 semina
1390 3452 1728 3506 nutrierunt.
1786 3451 2057 3508 Eusebius
2123 3454 2251 3508 item
2303 3464 2358 3510 et

774 3538 1051 3609 Theognis
1098 3540 1340 3611 Bithyni,
1389 3553 1445 3596 et
1499 3542 1896 3612 Menophantus
1957 3544 2245 3613 Ephesius,
2304 3554 2359 3601 et

775 3626 1096 3684 Theodorus
1122 3628 1455 3695 Periuthius,
1478 3646 1530 3686 et
1560 3632 1724 3687 Maris
1747 3633 2172 3699 Chalcedonius,
2195 3646 2358 3707 atque

776 3720 869 3773 alii
903 3720 1124 3789 quidam
1166 3736 1195 3774 a
1225 3721 1480 3784 Thracia,
1537 3724 1884 3793 improbitate
1943 3727 2059 3780 sola
2122 3730 2356 3792 nobiles,

779 3814 940 3884 longo
967 3820 1214 3883 tempore
1238 3814 1578 3869 zizaniorum
1613 3824 1732 3870 sata
1756 3827 1811 3872 et
1842 3820 2088 3888 rigarunt
2123 3828 2177 3874 et
2214 3821 2360 3877 fove-

778 3916 926 3959 runt.
966 3904 1224 3959 Subsidio
1262 3916 1445 3963 autem
1483 3912 1759 3979 perversis
1807 3913 2063 3981 agricolis
2114 3913 2216 3966 fuit
2244 3922 2358 3967 tum

780 3998 1019 4052 facilitas
1058 3998 1392 4063 Constantii,
1445 4010 1559 4055 tum
1618 4005 1832 4058 malitia
1877 4003 2146 4061 Valentis.
2210 4004 2361 4060 llanc

781 4091 946 4160 igitur
971 4091 1041 4145 ob
1070 4105 1293 4145 causam
1326 4094 1500 4149 solius
1535 4095 1750 4164 imperii
1780 4097 1867 4150 sui
1893 4099 2179 4167 episcopos
2215 4098 2362 4152 Cou-

780 4184 1144 4253 stantinopoli
1199 4186 1317 4255 cogi
1378 4186 1567 4254 jussit.
1633 4188 1753 4252 Quo
1801 4205 1927 4243 cum
1983 4190 2360 4254 advenissent,

781 4284 1001 4329 centum
1024 4279 1253 4330 numero
1283 4287 1337 4331 et
1357 4278 1782 4348 quinquaginta,
1809 4282 1978 4335 vetuit
2011 4297 2077 4334 ne
2108 4296 2361 4351 magnum

782 4365 1059 4420 Melctium
1095 4367 1200 4422 sibi
1240 4370 1533 4438 quisquam
1562 4370 1855 4435 indicaret,
1900 4388 1963 4426 ex
2030 4373 2228 4427 somnii
2280 4374 2363 4426 sui

783 4458 1050 4510 memoria
1101 4457 1277 4510 virum
1308 4460 1539 4528 cupiens
1572 4475 1891 4529 agnoscere.
1950 4461 2082 4514 Cum
2112 4478 2242 4531 ergo
2306 4463 2362 4515 in

2457 3265 2742 3328 Φοίνικες,
2789 3265 2883 3316 καὶ
2928 3264 3253 3327 Λαοδικείας
3298 3263 3625 3327 Θεόδοτος⁸,
3677 3264 3771 3316 καὶ
3819 3266 3848 3315 ὁ
3895 3263 4041 3332 μετὰ

2456 3358 2645 3411 τοῦτον
2682 3356 2975 3428 Γεώργιος,
3025 3356 3120 3410 καὶ
3168 3357 3305 3427 μετὰ
3347 3356 3567 3413 τοῦτοντ
3617 3356 3939 3417 Ἀθανάσιὸς
3978 3373 4040 3408 τε

2457 3451 2553 3504 καὶ
2579 3450 2910 3520 Νάρκισσος,
2946 3450 2994 3501 οί
3023 3449 3266 3512 Κίλικες,
3300 3449 3368 3500 τὰ
3410 3448 3592 3511 κακῶς
3620 3447 4040 3515 καταϐληθέντα

2459 3541 2757 3610 ἐξέθρεψαν
2798 3540 2950 3611 [206]
2996 3541 3321 3610 σπέρματα·
3370 3539 3626 3601 Εὐσέϐιος
3663 3555 3722 3590 τε
3767 3539 3864 3590 καὶ
3905 3538 4042 3589 856-

2460 3652 2631 3703 γνιος,
2662 3636 2710 3686 oi.
2741 3633 2990 3695 Βιθυνοὶ,
3025 3633 3120 3686 καὶ
3148 3632 3543 3701 Μηνὸφαντος¹³
3583 3633 3611 3682 ὁ
3645 3630 3916 3697 Ἐφέσιος,
3947 3631 4045 3681 καὶ

2477 3727 2749 3795 Θεόδωρος
2773 3728 2800 3778 ὁ
2830 3724 3111 3795 Περίνθιος
3129 3725 3171 3789 ⁸,
3195 3724 3289 3775 καὶ
3315 3724 3497 3792 Μάρις
3526 3724 3555 3775 δ
3585 3721 3955 3790 Χαλκηδόνιος
3972 3722 4043 3786 ¹⁸,

2460 3818 2556 3870 καὶ
2583 3817 2759 3885 ἕτεροί
2792 3834 2935 3878 τινες
2969 3816 3075 3869 ἀπὸ
3105 3816 3202 3885 τῆς
3230 3815 3473 3884 Θρᾴκης,
3496 3813 3605 3866 άπὸ
3636 3812 3833 3873 κακίας
3868 3812 4044 3879 μόνης

2462 3907 2742 3977 ἐπίσημοι,
2767 3907 2925 3976 μέχρι
2955 3904 3153 3957 πολλοῦ
3183 3904 3488 3956 διετέλεσαν
3518 3902 3616 3971 τὴν
3640 3900 3747 3952 τῶν
3780 3900 4046 3963 ζιζανίων

2465 4001 2672 4069 σποράν
2715 3998 2969 4068 άρδοντές
2998 4014 3058 4049 τε
3087 3998 3181 4049 καὶ
3231 3995 3547 4055 θάλποντες.
3582 3994 3706 4053 Τοῖς
3737 3992 3794 4043 δέ
3845 3994 4046 4053 κακοῖς

2468 4093 2770 4163 συνέπραξε
2800 4095 3083 4162 γεωργοῖς,
3111 4090 3493 4142 Κωνσταντίου
3519 4105 3579 4140 τε
3611 4089 3642 4156 ἡ
3678 4086 3921 4147 εὐκολία,
3949 4084 4047 4138 καὶ

2464 4187 2496 4254 ἡ
2533 4184 2791 4245 Βάλεντος
2828 4182 3118 4252 μοχθηρία.
3152 4180 3351 4232 Τούτου
3392 4179 3456 4248 δὴ
3497 4178 3681 4241 ἕνεκα,
3721 4176 3895 4245 μόνης
3942 4176 4049 4244 τῆς

2465 4278 2671 4338 οἰκείας
2699 4275 2973 4344 βασιλείας
3002 4273 3127 4335 τοὺς
3160 4270 3491 4330 ἐπισκόπους
3517 4271 3595 4331 εἰς
3622 4269 3719 4337 τὴν
3745 4268 4049 4318 Κωνσταν-

2465 4366 2772 4421 τινούπολιν
2818 4362 3269 4433 συναθροισθῆναι
3323 4359 3672 4431 προσέταξεν.
3719 4357 3945 4425 Ἐπειδὴ
3987 4356 4051 4408 δὲ

2467 4459 2746 4527 ἀφίκοντο,
2793 4457 3132 4526 πεντήκοντα
3183 4453 3239 4505 δὲ
3279 4449 3418 4523 ἦσαν
3469 4452 3562 4503 καὶ
3617 4448 3829 4508 ἑκατὸν,
3892 4463 4044 4515 παρ-

785 4545 1047 4614 palatium
1090 4554 1241 4600 totus
1285 4548 1375 4602 ille
1411 4557 1590 4603 coetus
1639 4551 2025 4619 episcoporum
2080 4552 2355 4615 intrasset,

2470 4549 2713 4620 ηγγύησε
2753 4546 2954 4616 μηδένα
3002 4543 3149 4614 αὐτῷ
3196 4542 3432 4613 μηνύσαι
3478 4542 3625 4602 ὅστις
3668 4542 3695 4591 ὁ
3750 4538 3926 4606 μέγας
3958 4536 4049 4604 εἴη

788 4638 911 4689 ςιΙείδ
944 4637 1202 4693 onmibus
1258 4642 1662 4708 prmtermissis,
1688 4642 1753 4695 ad
1798 4658 2054 4711 magnum
2092 4644 2355 4699 Meletium

2468 4642 2725 4703 Μελέτιος
2745 4658 2757 4670 ·
2792 4639 3040 4692 ἐϐούλετο
3064 4639 3174 4708 γάρ
3214 4638 3279 4689 ἐκ
3305 4636 3403 4703 τῆς
3431 4632 3525 4685 τοῦ
3547 4634 3585 4663 ¹¹
3618 4630 3869 4683 ἐνυπνίου
3905 4629 4051 4695 μνή-

789 4729 1051 4791 accurrit,
1083 4739 1154 4793 ct,
1189 4732 1335 4786 velut
1368 4733 1538 4799 patris
1569 4748 1760 4787 amans
1803 4731 1945 4787 ﬁlius
1974 4742 2097 4802 post
2146 4735 2355 4805 longuu

2474 4752 2579 4802 μης
2616 4732 2920 4802 μηνυθῆναι
2951 4730 3040 4780 τὸν
3070 4729 3254 4796 ἄνδρα.
3290 4728 3395 4778 Καὶ
3430 4723 3619 4791 ἐπειδὴ
3654 4723 3732 4783 εἰς
3766 4720 3855 4771 τὸν
3885 4718 4050 4821 βασί-

791 4833 1006 4890 tcmpus
1052 4831 1278 4891 paterno
1338 4823 1525 4877 fruens
1587 4834 1836 4893 aspectu,
1898 4826 2242 4895 amplexatus
2290 4844 2349 4884 es

2471 4826 2614 4877 λειον
2644 4822 2986 4891 εἰσελήλυθεν
3008 4816 3154 4872 οἷκον
3176 4820 3319 4879 ἄπας
3350 4818 3556 4876 ἐκεῖνος
3582 4813 3691 4864 τῶν
3722 4813 4050 4863 ἐπισκόπων

790 4928 937 4975 eum,
973 4914 1365 4983 osculatusque
1398 4915 1609 4984 1025
1643 4916 1859 4979 oculos,
1923 4916 2098 4980 labra,
2159 4926 2349 4985 pectus

2471 4918 2500 4969 ὁ
2532 4916 2737 4983 ὅμιλος,
2781 4916 2905 4976 τοὺς
2937 4912 3127 4972 ἄλλους
3170 4906 3485 4962 καταλιπὼν
3520 4906 3761 4964 ἅπαντας
3790 4942 3804 4961 ,
3835 4906 3914 4967 τῷ
3954 4917 4053 4967 με-

791 5012 976 5073 caput,
1019 5014 1071 5058 et
1102 5007 1375 5060 dexteram
1404 5024 1523 5073 qua:
1562 5007 1664 5076 ipsi
1699 5022 1957 5060 coronam
2005 5009 2355 5077 imposuerat.

2487 5008 2638 5077 γάλῳ
2672 5007 2910 5074 Μελετίῳ
2937 5003 3335 5074 προσέδραμεν,
3369 5000 3461 5050 καὶ
3485 4992 3593 5049 οἷον
3622 5013 3703 5056 τις
3737 4996 3864 5055 παῖς
3896 4992 4053 5059 φιλο·

796 5096 985 5151 Visum
1013 5098 1175 5150 etiam
1200 5097 1345 5167 quod
1364 5098 1604 5152 oblatum
1635 5098 1683 5151 ei
1710 5097 1885 5151 fuerat
1912 5098 2355 5167 exposuit.C-.ete‘

2478 5098 2704 5167 πάτωρ,
2750 5095 2837 5149 διὰ
2877 5094 3069 5165 χρόνου
3127 5089 3339 5161 μακροῦ
3391 5088 3517 5149 θέας
3579 5088 3850 5152 πατρικῆς
3911 5088 4050 5132 απο-

797 5204 888 5243 ros
906 5203 1121 5258 quoque
1141 5205 1329 5244 omnes
1356 5205 1478 5242 cum
1505 5198 1755 5241 amanter
1777 5187 2092 5251 salutasset,
2111 5198 2355 5255 tanquam

2478 5189 2718 5250 λαύσας,
2770 5180 3199 5255 περιεπτύσσετό
3273 5196 3332 5231 τε
3411 5177 3505 5229 καὶ
3574 5172 3894 5240 κατεφίλει,
3958 5169 4058 5221 καὶ

798 5282 987 5336 l‘atrcs
1016 5283 1223 5350 rogavit
1256 5290 1314 5336 ut
1347 5281 1416 5335 de
1448 5284 1608 5336 rebus
1646 5281 1939 5351 propositis
1970 5283 2355 5336 consultarent

2481 5280 2827 5348 ὀφθαλμοὺς,
2876 5277 2971 5329 καὶ
3019 5273 3171 5344 χείλη
3200 5314 3213 5335 ,
3251 5272 3343 5324 καὶ
3386 5268 3580 5338 στέρνα
3634 5266 3728 5316 καὶ
3778 5266 4053 5329 κεφαλὴν,

797 5374 891 5425 καὶ
921 5375 1017 5441 τὴν
1064 5374 1485 5443 στεφανώσασα-θ
1515 5374 1711 5438 δεξιάν.
1760 5373 2023 5445 Ἐδήλωσε
2050 5374 2106 5426 δὲ
2142 5374 2233 5425 καὶ
2261 5374 2359 5443 τὴν
2394 5372 2514 5440 ὄψιν
2543 5372 2608 5440 ἦν
2646 5367 2771 5422 εἶδε.
2808 5366 3348 5437 Φιλοφρονησάμενος
3382 5361 3439 5414 δέ
3505 5357 3597 5411 καὶ
3642 5357 3767 5418 τούς
3856 5364 4058 5413 auo-4;

800 5466 1067 5528 ἅπαντας,
1124 5465 1513 5534 βουλεύσασθαι
1564 5468 1688 5535 περὶ
1736 5464 1844 5517 τῶν
1874 5464 2251 5536 προκειμένων
2284 5464 2357 5525 ὡς
2399 5462 2642 5531 πατέρας
2674 5461 2893 5528 ἠξίωσε.

2074 5616 2306 5671 VAHIA'Z
2350 5614 2750 5672 LECTIONES.

878 5740 1209 5791 ’Cunscntit
1247 5742 1366 5791 llas.
1432 5739 1602 5797 Crzec,
1661 5739 1752 5804 qui
1821 5735 1979 5788 habet
2031 5735 2343 5803 ἐνέπληστο.
2383 5731 2661 5809 Se«_l_l’iui
2709 5731 2845 5809 liber
2876 5725 3270 5809 ἀνεπέπληστο.
3330 5723 3350 5751 ⁸
3382 5713 4055 5809 Κιὺιηέξῖῇἶξ--Ῑὲῖιε-ιϐξξξς·

805 5818 823 5843 ³
859 5785 1564 5871 τὸ
1587 5785 2111 5866 ὼείἑῴτοξζ⁷ιιιὲριιίς⁷
2150 5808 2164 5835 ⁷
2196 5785 2435 5862 τούτους.
2467 5801 2608 5855 Ιιίνιιι
2646 5816 2769 5853 cum
2801 5800 2987 5871 Steph.
3025 5800 3043 5830 ⁸
3068 5794 3430 5863 Μενὸφαντος.
3468 5787 3779 5860 Cht‘istoph.
3858 5789 3879 5820 '
3917 5785 4057 5851 [lap-

812 5862 1127 5937 ίκθουἬΔΞ.
1158 5862 1373 5936 [ιλιαδ
1410 5882 1450 5911 λθ
1483 5862 1864 5951 Καῖμχηδὸνιος.
1901 5873 2064 5932 Idem.
2147 5877 2183 5909 ¹ο
2216 5874 2303 5929 to:
2332 5876 2481 5932 abest
2522 5874 2587 5930 ab
2617 5872 2824 5928 eodem.
