4218 6456
179 389 315 456 1209
1157 400 1742 465 ECCLESIASTICE
1775 408 2159 475 HISTORMS
2198 416 2343 476 LIB.
2372 421 2436 477 V.
3285 435 3418 500 1310

783 506 1034 561 ΚΕΦΔΛ.
1067 506 1149 563 Ν’.
1779 523 1823 578 Α
2169 525 2321 580 CAP.
2361 526 2449 582 VII

1478 609 1483 610 ί
1713 608 1721 610 _
1779 523 1823 578 Α
2169 525 2321 580 CAP.
2361 526 2498 582 Vlll.
2537 530 2630 601 [Β.
2667 532 2746 587 ει.
2779 534 2837 588 v.
2874 537 3044 593 cus.
3081 539 3096 610 ι

170 592 310 661 Περὶ
340 592 451 660 τῆς
497 596 567 647 ὲν
615 598 1254 655 Κωνσταντινουπόλει
1291 608 1746 673 συναθροισθεί-

752 683 870 733 σης
898 670 1184 723 συνόδου.

1494 608 1746 673 ροισθεί-
2136 616 2207 671 De
2222 630 2402 673 coacto
2422 622 2878 694 Constantinopoli
2916 592 3160 687 concilio.

244 756 381 809 Κατ’
421 758 630 809 ἐκεῖνον
670 756 727 811 δὲ
770 759 861 811 τὸν
893 760 1084 828 χρόνον
1127 762 1155 813 6
1198 762 1297 833 τὴν
1344 762 1646 830 Ναζιανζὸν
1679 766 1748 820 τά

1923 769 1999 824 Eo
2026 779 2270 843 tempore
2324 774 2805 847 Constantinopoli
2852 782 3079 852 degebat
3110 786 3156 842 is
3195 791 3286 858 qui
3317 790 3422 845 Na-

168 846 453 899 τελευταῖα
484 848 756 916 ποιμάνας
793 850 850 900 ἐν
892 850 1455 907 Κωνσταντινουπόλει
1484 855 1744 928 διέτριϐε,

1851 865 2168 919 zianzenam
2232 866 2532 922 Ecclesiam
2588 875 2886 929 novissime
2920 890 3153 943 rexerat,
3187 883 3420 937 Ariano-

164 940 288 999 ταῖς
332 939 697 1007 ’Λρειανικαῖς
728 940 1172 1011 ἀντιταττόμενος
1201 943 1570 1017 βλασφημίαις
1597 965 1610 977 ·
1655 948 1747 1001 κα)⁵

1847 972 1969 1009 rum
2001 957 2353 1025 blasphemiis
2373 963 2718 1019 vehementer
2740 969 3018 1024 obsistens
3046 988 3057 1023 :
3089 974 3183 1039 qui
3208 975 3417 1039 plebem

165 1032 257 1081 τόν
284 1048 342 1081 τε
376 1030 517 1082 θεῖον
550 1030 678 1083 λαὸν
712 1035 833 1094 ταῖς
863 1034 1249 1101 εὐαγγε).ικαῖς
1286 1037 1462 1109 ἄρδων
1492 1041 1748 1093 διδασκα-

1848 1058 2095 1102 sanctam
2142 1053 2472 1121 evangelicis
2516 1054 2768 1112 imbuens
2827 1059 3120 1123 doctrinis,
3182 1080 3421 1133 ovesque

167 1121 349 1185 λίαις,
407 1122 534 1185 τούς
589 1141 648 1175 τε
715 1126 815 1193 τῆς
888 1125 1121 1195 ποίμνης
1192 1127 1296 1191 ἔξω
1364 1131 1746 1201 πλανωμένους

1847 1148 2001 1191 extra
2036 1155 2253 1208 gregem
2286 1144 2605 1197 aberrantes
2635 1162 2921 1211 revocans,
2958 1158 3011 1203 et
3042 1166 3073 1205 a
3110 1154 3276 1205 noxio
3323 1170 3418 1222 p.1-

167 1211 426 1278 ἀγρεύων
452 1252 467 1273 ,
510 1212 600 1264 καὶ
642 1212 741 1280 τῆς
770 1213 1013 1283 ὀλεθρίου
1049 1215 1185 1279 πόας
1233 1218 1531 1288 ἐλευθερῶν
1558 1260 1573 1283 ,
1604 1219 1747 1272 οὕτω

1850 1228 1978 1282 bolo
2012 1230 2316 1295 abdnccns,
2371 1236 2445 1287 ita
2473 1251 2689 1305 gregem
2722 1239 2875 1292 illum
2933 1254 2998 1294 ex
3056 1244 3276 1297 modico
3308 1261 3421 1299 ma-

165 1300 267 1369 τὴν
292 1302 535 1371 ποίμνην
569 1304 783 1374 ἐκείνην
810 1304 868 1368 ἐξ
902 1306 1084 1372 ὀλίγου
1106 1309 1147 1337 ¹²
1178 1308 1421 1379 μεγάλην
1444 1311 1741 1380 ἀπέφηνεν.

1846 1336 2012 1389 gnum
2050 1320 2197 1375 fecit.
2248 1321 2405 1377 llunc
2440 1300 2847 1382 (-utn'vidissct
2878 1330 3101 1386 divinus
3146 1332 3418 1397 Melelius,

166 1392 373 1444 Τοῦτον
415 1392 539 1444 ἰδὼν
588 1392 615 1443 6
662 1394 802 1456 θεῖος
837 1395 1124 1458 Μελέτιος,
1160 1398 1249 1449 καὶ
1291 1399 1398 1451 τῶν
1429 1400 1518 1451 τὸν
1547 1402 1746 1454 κανόνα

1845 1420 1902 1464 et
1946 1428 2137 1466 eorum
2193 1414 2287 1482 qui
2357 1431 2624 1469 canonem
2684 1420 3020 1488 scripserant
3076 1432 3420 1492 perspectam

166 1482 528 1550 γεγραςρότων
566 1484 656 1533 τὸν
691 1484 891 1536 σκοπὸν
926 1486 1287 1556 ἐπιστάμενος
1310 1526 1325 1550 ,
1356 1488 1454 1551 τάς
1500 1490 1609 1559 γὰρ
1648 1492 1746 1561 τῆς

1846 1512 2080 1558 mentem
2101 1506 2350 1569 haberet,
2380 1508 2523 1575 quod
2543 1510 2785 1563 ambitus
2810 1515 2825 1532 ‘
2851 1512 3103 1567 videlicet
3136 1516 3420 1568 materiam

168 1576 463 1646 φιλαρχίας
507 1577 760 1648 ἀφορμὰς
811 1579 1263 1648 περικόπτοντες,
1327 1584 1605 1637 εκώλυσαν
1648 1586 1746 1655 τὴν

1738 1602 1746 1631 ν
1846 1598 2226 1665 praecidentes,
2256 1599 2636 1669 episcOporum
2666 1602 3077 1658 translationem
3104 1605 3404 1674 prohibue-

169 1669 499 1735 μετάθεσιν,
564 1672 864 1725 ἐϐεϐαίωσε
920 1676 1066 1744 τῷ¹³
1130 1677 1415 1749 Γρηγορίῳ
1475 1683 1574 1749 τὴν
1646 1683 1746 1751 τῆς

1845 1690 1977 1751 rint,
2021 1690 2280 1760 Gregorio
2324 1692 2992 1762 Constantinopolitanum
3040 1669 3416 1766 episcopatum

166 1759 791 1828 Κωνσταντινουπόλεως
848 1768 1160 1838 προεδρίαν*
1201 1770 1381 1838 ὀλίγου
1427 1772 1483 1825 δὲ
1513 1772 1743 1826 διελθόν-

1845 1759 2214 1847 continuarit,
2284 1783 2547 1852 brevique
2598 1759 2723 1852 post
2788 1795 3034 1855 tempore
3073 1759 3156 1841 -ad
3214 1759 3418 1842 doloris

165 1870 252 1915 τος
286 1854 519 1922 χρόνου,
553 1855 582 1905 6
626 1856 724 1924 μὲν
764 1856 905 1919 θεῖος
958 1858 1218 1922 Μελέτιος
1266 1863 1346 1924 είς
1382 1862 1479 1932 τὴν
1531 1863 1736 1918 ἄλυπον
1771 1860 1813 1916 Β

1771 1860 2122 1943 l3expertem
2177 1877 2341 1929 vitam
2400 1878 2671 1945 migravit,
2738 1854 2983 1931 omnium
3040 1879 3133 1948 qui
3184 1878 3420 1933 dicendo

167 1946 406 2014 μετέστη
457 1944 636 2014 ζωὴν,
674 1948 778 1999 ὑπὸ
808 1948 1023 2001 πάντων
1058 1952 1167 2004 τῶν
1204 1952 1298 2006 τοῦ
1326 1953 1369 1984 ¹⁵
1412 1955 1572 2022 λόγου
1604 1974 1735 2025 μετ-

1847 1967 2055 2035 aliqnid
2090 1976 2339 2037 poterant
2378 1944 2703 2023 funebribus
2725 1971 3071 2025 orationibus
3097 1982 3415 2027 exornatus.

164 2037 461 2105 ειληχότων
506 2041 622 2101 ταῖς
660 2041 970 2109 ἐπιταφίοις
1001 2043 1307 2108 τελειωθεὶς
1332 2047 1374 2077 ¹⁵
1414 2049 1731 2119 εὐφημίαις.

1841 2065 1911 2111 At
1928 2058 2246 2114 Timotheus
2260 2060 2750 2113 Alexandrinorum
2769 2063 3019 2125 antistes,
3036 2062 3176 2116 Petri
3196 2079 3418 2117 succes-

162 2127 427 2198 Τιμόθεος
477 2130 534 2182 δὲ
585 2132 612 2183 6
663 2132 765 2201 τῆς
827 2133 1216 2205 Ἀλεξανδρέων
1270 2138 1605 2204 ἐπίσκοπος,
1675 2143 1731 2205 ὂς

1842 2168 1934 2207 sor
1965 2154 2129 2215 illius,
2160 2154 2251 2220 qui
2281 2154 2583 2206 Athanasio
2617 2155 2669 2206 in
2697 2155 3015 2224 episeOpatu
3045 2165 3416 2220 successerat,

162 2221 368 2290 Πέτρον
424 2222 694 2286 διεδέξατο
754 2224 843 2276 τὸν
899 2226 996 2293 τῆς
1064 2228 1379 2282 ’Λθανασίου
1446 2234 1734 2305 προεδρίας

1842 2261 1940 2314 pro
1979 2246 2284 2299 admirabili
2316 2246 2597 2314 Gregorio,
2630 2221 2923 2300 Maximum
2952 2248 3240 2316 quemdam
3267 2250 3419 2318 cyni-

160 2312 499 2382 κληρονόμον
526 2319 818 2385 γενόμενον
842 2357 856 2379 ,
912 2320 1033 2371 ἀντὶ
1063 2320 1153 2372 τοῦ
1190 2320 1494 2389 θαυμασίου
1526 2327 1564 2377 Γ
1570 2344 1734 2395 ρηγο-

1841 2312 1985 2401 cum,
2004 2338 2229 2392 detonsa
2250 2338 2431 2391 subito
2457 2339 2643 2407 cynica
2669 2338 2789 2405 ejus
2812 2352 2989 2400 coma,
3010 2340 3303 2400 ordinavit,
3321 2340 3418 2408 qui

161 2402 317 2471 ρίου,
352 2406 604 2475 Μάξιμόν
651 2425 771 2461 τινα
820 2412 1233 2480 κεχειροτόνηκε
1276 2416 1530 2479 κυνικὸν,
1572 2418 1733 2482 εὐθὺς

1840 2428 2048 2483 frivolis
2065 2432 2227 2481 etiam
2245 2430 2561 2498 Apollinarii
2584 2432 2812 2497 argutiis
2830 2432 3067 2484 animum
3085 2432 3414 2500 Oppleverat.

159 2502 328 2555 αὐτοῦ
360 2503 458 2566 τάς
486 2506 711 2568 κυνικάς
743 2508 1042 2580 ἀποκείρας
1077 2509 1229 2582 [2οη
1261 2514 1450 2583 τρίχας
1470 2532 1484 2545 ο
1511 2518 1603 2569 κα)⁵
1633 2518 1733 2587 τῆς

1844 2522 2055 2591 1026
2076 2523 2258 2590 Itaque
2291 2532 2398 2573 tam
2426 2522 2720 2574 absurdum
2748 2522 2959 2576 facinus
2983 2539 3088 2575 non
3117 2525 3289 2575 tulere
3318 2521 3410 2591 qui

172 2600 551 2672 'Amhvapioa
610 2604 667 2656 δὲ
698 2606 987 2676 τερθρείας
1010 2607 1053 2637 ⁸⁸
1085 2610 1365 2673 ἀνάπλεως
1386 2606 1538 2674 οὗτος
1572 2614 1613 2644 "
1641 2610 1727 2684 ἦν.

1840 2623 2370 2671 tuneconvenerant,
2392 2612 2722 2680 suspiciendi
2745 2613 2902 2681 plane
2922 2612 3045 2673 viri,
3062 2623 3113 2665 et
3127 2612 3309 2664 divino
3327 2627 3416 2664 ze—

170 2695 315 2749 Ἀλλ“
372 2698 472 2749 οὐκ
514 2699 751 2767 ἡνεγκαν
796 2700 892 2753 τοῦ
935 2704 1305 2771 γεγενημένου
1364 2704 1461 2772 τὴν
1499 2706 1730 2760 ἀτοπίαν

1840 2708 1892 2760 lo
1925 2719 1989 2759 ac
2012 2704 2276 2773 sapientia
2302 2703 2466 2772 pleni.
2494 2701 2549 2755 lu
2572 2705 2776 2771 quibus
2809 2704 2909 2757 fuit
2940 2701 3219 2756 llelladius
3242 2703 3417 2770 magni

157 2792 206 2843 oi
234 2790 539 2859 τηνικαῦτα
581 2795 980 2864 συνειλεγμένοι
1006 2815 1017 2827 ·
1067 2794 1207 2869 ἦσαν
1258 2798 1314 2849 δὲ
1359 2800 1547 2869 ἄνδρες
1579 2799 1733 2865 ἀξιά-

1838 2797 2024 2853 Basilii
2062 2810 2349 2850 successor
2384 2795 2437 2846 in
2484 2796 2828 2863 episcopatu,
2865 2792 3163 2863 Gregorius
3198 2793 3325 2845 item
3365 2802 3419 2845 et

160 2898 395 2948 γαστοι,
452 2885 546 2937 καὶ
600 2886 761 2954 ζήλου
820 2887 966 2940 θείου
1026 2892 1120 2941 καὶ
1184 2890 1373 2958 σοφίας
1435 2892 1725 2959 ἀνάπλεοι,

1838 2886 2058 2949 Petrus,
2086 2885 2274 2939 eodem
2298 2900 2408 2954 quo
2450 2885 2683 2937 Basilius
2718 2892 2870 2953 patre
2906 2885 3043 2949 nati,
3089 2892 3143 2937 et
3195 2884 3420 2952 Amphi-

169 2973 442 3036 Ἐλλάδιος
490 2977 586 3043 μὲν
615 2979 642 3029 6
682 2978 780 3042 τῆς
825 2978 919 3030 τοῦ
976 2979 1211 3048 μεγάλου
1262 2980 1544 3033 Βασιλείου
1592 3000 1730 3052 προ-

1842 2979 2052 3033 lochius
2083 2978 2395 3048 Lycaonum
2426 2984 2632 3044 pastor,
2679 2984 2733 3030 et
2786 2975 3039 3045 Optimus
3089 2974 3418 3043 Pisidarum,

155 3062 369 3131 εδρείας
398 3063 656 3134 διάδοχος,
692 3066 989 3137 Γρηγόριος
1021 3067 1076 3120 δὲ
1126 3069 1220 3121 καὶ
1264 3070 1487 3139 Πέτρος,
1528 3074 1575 3124 oi
1605 3074 1731 3137 τοὺς

1835 3084 1891 3126 et
1916 3070 2150 3125 Cilicum
2186 3069 2476 3121 Diodorus.
2501 3067 2741 3122 Aderant
2758 3074 2811 3122 et
2833 3066 3085 3136 Pelagius
3111 3066 3415 3133 Laodiceaz,

156 3155 357 3217 αὐτοὺς
412 3156 673 3225 Βασιλείῳ
731 3158 977 3228 πατέρας
1028 3160 1401 3231 αὐχήσαντεςσ
1476 3164 1731 3233 ’Δμφιλὸ-
1763 3210 1802 3233 η

1763 3210 1802 3233 η
1836 3172 1891 3216 et
1916 3161 2179 3230 Eulogius
2207 3159 2445 3225 Edessae,
2475 3166 2529 3212 et
2550 3158 2808 3221 Aeacius,
2837 3167 2893 3212 et
2942 3157 3184 3213 Isidorus
3211 3164 3417 3219 noster,

158 3263 276 3315 χιος
332 3210 388 3298 δὲ
424 3210 715 3300 Λυκαόνων
762 3210 979 3319 ὴγείτο,
1022 3210 1129 3303 καί
1155 3210 1398 3305 ,Πισίδων
1439 3210 1731 3325 ’οπζίμος,
1762 3210 1804 3268 c

1762 3210 1804 3268 ϐ
1837 3261 1891 3307 et
1916 3210 2155 3321 Cyrillns
2209 3247 2736 3315 Hierosolymorum,
2766 3254 2820 3300 et
2870 3246 3123 3301 Gelasins
3158 3246 3422 3302 Caesarea:

156 3336 254 3390 καὶ
289 3337 530 3389 Κιλίκων
571 3340 854 3408 Διόδωρος.
906 3341 1095 3412 Παρῆν
1142 3341 1197 3394 δὲ
1245 3344 1338 3396 καὶ
1394 3343 1657 3411 Πελάγιος
1709 3346 1737 3398 6

1837 3342 2161 3404 Palaestina,
2198 3337 2448 3391 doctrina
2504 3336 2861 3405 moribusque
2906 3336 3164 3405 insignis,
3214 3338 3420 3405 aliique

156 3428 507 3491 Λαοδικείας,
547 3430 641 3481 καὶ
666 3431 922 3498 Εὐλόγιος
946 3434 973 3485 6
996 3432 1217 3502 Ἐδέσης
1234 3436 1298 3498 ¹¹¹,
1334 3436 1429 3487 καὶ
1457 3435 1732 3501 ’Δκάκιος,

1837 3433 2065 3486 virtutis
2099 3431 2313 3483 athleta:
2357 3444 2523 3498 quam
2576 3428 2817 3497 plurimi.
2852 3426 2915 3480 ili
2962 3436 3091 3481 tunc
3151 3427 3418 3493 universi,

158 3522 256 3572 καὶ
304 3522 570 3590 Ἰσίδωρος
606 3524 634 3574 6
664 3522 967 3595 ἡμέτερος,
1020 3525 1111 3575 καὶ
1146 3523 1410 3593 Κύριλλος
1438 3526 1466 3577 6
1510 3525 1737 3595 Ἰεροσο-

1838 3524 2047 3591 seipsos
2080 3522 2148 3574 ab
2180 3520 2453 3589 Egyptiis
2505 3526 2877 3587 segregantes,
2909 3533 3033 3569 cum
3063 3532 3258 3587 magno
3288 3516 3422 3570 Gre-

156 3611 369 3680 λύμων,
396 3613 489 3664 καὶ
520 3612 770 3676 Γελάσιος
799 3614 827 3665 6
850 3606 1185 3683 Καισαρείας
1217 3614 1316 3682 τῆς
1351 3613 1733 3685 Παλαιστίνης,

1838 3616 1993 3683 gorio
2026 3624 2330 3667 conventus
2388 3610 2759 3665 celebrabant.
2809 3608 2875 3662 At
2935 3608 3157 3661 divinns
3215 3606 3422 3676 Grego-

157 3702 306 3770 λόγῳ
336 3703 431 3754 καὶ
464 3703 561 3772 βίῳ
605 3702 995 3771 κοσμούμενος,
1034 3706 1126 3757 καὶ
1157 3704 1333 3771 ἕτεροι
1370 3704 1610 3757 πλεῖστοι
1636 3706 1734 3771 τῆς

1838 3709 1955 3762 rius
2008 3707 2201 3760 orabat
2238 3706 2382 3767 illos,
2416 3712 2473 3756 ut
2502 3703 2593 3771 qui
2648 3700 3054 3755 constituendae
3099 3700 3412 3754 concordia:

158 3797 365 3867 ἀρετῆς
404 3796 655 3864 ἀθληταί.
706 3797 838 3849 Τότε
894 3797 959 3866 δὴ
1011 3793 1103 3849 οὖν
1160 3791 1307 3849 οὗτοι
1354 3800 1575 3862 πάντες,
1626 3798 1735 3850 τῶν

1837 3815 2005 3854 causa
2038 3806 2427 3856 convenerant,
2452 3806 2701 3848 nmtuum
2738 3793 2839 3861 ipsi
2898 3806 3231 3847 consensum
3258 3790 3420 3845 unius

158 3885 479 3953 Αἰγυπτίων
520 3889 657 3953 σφᾶς
689 3886 885 3949 αὐτοὺς
925 3887 1341 3957 ἀποκρίναντες,
1382 3889 1476 3940 σὺν
1520 3886 1598 3957 τῷ
1640 3905 1736 3957 με-

1838 3890 2074 3945 hominis
2100 3887 2299 3956 injuria
2343 3887 2607 3955 potiorem
2658 3885 2945 3938 ducerent.
2984 3902 3000 3933 ι
3028 3881 3159 3934 Nam
3186 3892 3237 3937 et
3288 3897 3412 3951 ego,

158 3978 311 4045 γάλῳ
334 3977 619 4047 Γρηγορίῳ
640 3978 736 4041 «ca;
760 3976 1094 4047 πανηγύρεις
1120 3978 1411 4031 ἐπετέλουν
1441 3979 1539 4041 τάς
1562 3979 1731 4039 θείας.

1842 3982 2043 4043 aiebat,
2077 3979 2267 4032 multis
2300 3977 2449 4031 curis
2478 3977 2750 4029 liberatus
2773 3984 2982 4045 gratam
3020 3975 3416 4044 mihiquietem

167 4070 228 4121 '0
258 4070 317 4121 δὲ
348 4068 488 4130 θεῖος
540 4068 840 4136 παρεκάλει
874 4069 1193 4137 Γρηγόριος,
1238 4072 1366 4139 περὶ
1417 4072 1735 4140 συμφωνίας

1839 4072 2129 4139 recipiam,
2163 4078 2216 4121 et
2251 4083 2348 4121 vos
2380 4075 2501 4135 post
2528 4068 2748 4136 longum
2784 4066 2918 4118 illud
2951 4073 3003 4119 et
3023 4081 3185 4134 grave
3218 4066 3417 4119 bellum

160 4157 659 4227 συνηθροισμένους
697 4158 794 4227 τὴν
839 4158 973 4227 πρὸς
1016 4159 1279 4228 ἀλλήλους
1311 4160 1563 4229 ὁμόνοιαν
1604 4179 1735 4230 προ-

1836 4161 2181 4230 optatissima
2219 4174 2351 4227 pace
2396 4158 2670 4211 lruemini.
2699 4176 2716 4208 ι
2774 4156 3084 4211 Absurdius
3119 4157 3263 4211 enim
3293 4172 3419 4226 pro-

156 4250 390 4318 τιμῆσαι
438 4249 537 4318 τῆς
592 4250 709 4311 ἑνὸς
750 4249 943 4318 ἀνδρὸς
978 4248 1214 4311 ἀδικίας.
1253 4268 1271 4299 ι
1309 4249 1453 4317 Ἐγώ
1497 4268 1556 4302 τε
1603 4253 1731 4321 γὰρ,

1838 4252 1982 4305 lecto
2014 4249 2149 4303 nihil
2188 4248 2371 4308 fuerit,
2398 4260 2562 4316 quam
2594 4260 2691 4299 eos
2733 4244 2824 4313 qui
2862 4244 3080 4298 hostilia
3113 4258 3286 4313 nuper
3308 4245 3412 4296 tela

156 4340 287 4409 εφη,
323 4339 433 4391 τῶν
469 4340 730 4393 πλειόνων
759 4340 1053 4409 φροντίδων
1087 4340 1440 4407 ἀπαλλαγεὶς,
1483 4344 1580 4412 τὴν
1612 4346 1735 4411 ἐμοὶ

1839 4345 2136 4405 evaserint,
2198 4342 2315 4394 suis
2366 4340 2506 4392 inter
2544 4352 2604 4392 se
2664 4336 2787 4389 telis
2836 4336 2947 4404 ligi,
2984 4342 3038 4389 et
3097 4334 3241 4388 vires
3291 4349 3419 4387 suas

159 4433 324 4500 φίλην
370 4432 722 4501 ἀπολήψομαι
770 4432 1023 4502 ἡσυχίαν,
1074 4432 1171 4485 καὶ
1223 4434 1378 4501 ὑμεῖς
1408 4436 1505 4498 τὴν
1544 4436 1734 4503 τριπό-

1840 4449 2196 4491 consumere.
2237 4432 2327 4485 Sic
2359 4430 2505 4485 enim
2544 4429 2715 4481 risum
2763 4427 3003 4480 inimicis
3062 4426 3420 4492 laetitiamque

162 4524 331 4592 θητον
360 4522 586 4591 εἰρήνην
617 4522 752 4590 μετά
781 4522 871 4575 τὸν
909 4521 1114 4592 μακρὸν
1140 4523 1345 4573 ἐκεῖνον
1378 4522 1469 4573 καὶ
1505 4523 1736 4591 χαλεπὸν
1767 4554 1814 4612 D

1767 4554 1814 4612 Ι)
1844 4528 2182 4597 parabimus.
2209 4524 2389 4588 Quare
2423 4521 2600 4574 virum
2625 4520 2853 4587 quwrite
2880 4518 3114 4586 aliquem
3151 4516 3311 4570 laude
3338 4515 3418 4568 di-

155 4612 505 4681 ἀπολὴψεσθε
557 4614 810 4679 πόλεμον.
893 4612 1011 4664 Τῶν
1052 4612 1159 4683 γὰρ
1194 4612 1313 4664 λίαν
1346 4613 1725 4675 ἀτοπωτάτων,
1768 4607 1798 4612 ⁷

1768 4607 1798 4612 ⁷
1829 4638 2019 4697 gnum,
2049 4612 2520 4683 intelligentiaquc
2572 4608 2879 4678 prmditum,
2916 4607 3009 4675 qui
3047 4617 3125 4660 tot
3155 4619 3412 4659 curarum

156 4704 283 4771 ἄρτι
316 4702 425 4753 τῶν
470 4702 783 4772 πολεμικῶν
816 4702 1227 4769 ἀπαλλαγέντας
1270 4702 1441 4771 βελῶν
1469 4703 1731 4773 ἀλλήλους

1830 4716 2045 4789 pondus
2099 4707 2283 4765 subire
2340 4720 2403 4757 ac
2452 4702 2734 4758 sustinere
2794 4708 2941 4755 recte
3007 4701 3199 4769 possit,
3256 4709 3418 4769 atque

159 4794 402 4862 βάλλειν,
434 4794 528 4845 καὶ
555 4793 651 4864 τὴν
678 4794 882 4847 οἰκείαν
913 4794 1221 4846 ἀναλίσκειν
1262 4793 1431 4863 ἰσχύν.
1477 4794 1732 4864 Ἐπίχαρ-

1828 4788 1974 4860 hunc
2017 4801 2334 4870 episcopum
2387 4792 2687 4861 designate.
2755 4788 2852 4844 llis
2903 4789 3125 4843 monitis
3159 4790 3404 4844 obsecuti

156 4903 239 4937 τοι
277 4885 390 4953 γὰρ
439 4886 578 4936 οὕτω
630 4888 742 4948 τοῖς
773 4884 1087 4954 δυσμενέσιν
1130 4886 1382 4953 ἐσόμεθα.
1422 4885 1623 4955 Ἀνδρα
1664 4886 1728 4955 δὴ

1826 4894 2018 4964 optimi
2041 4898 2309 4960 pastores,
2330 4883 2642 4938 Nectarium
2665 4882 2840 4935 virum
2864 4881 3175 4949 patricium,
3200 4881 3415 4950 generis

156 4972 250 5028 οὖν
302 4976 731 5046 ἐπιζητήσαντες
789 4975 1137 5039 ἀξιέπαινον,
1188 4977 1279 5027 καὶ
1326 4974 1451 5027 νοῦν
1507 4975 1719 5043 ἔχοντα,

1833 4986 2112 5041 nobilitate
2128 4981 2358 5042 clarum,
2382 4975 2782 5043 virtutibusque
2836 4974 3092 5027 omnibus
3123 4975 3412 5033 illustrem,

157 5067 266 5119 τῶν
297 5068 596 5137 φροντίδων
639 5067 698 5118 τὸ
737 5066 936 5136 πλῆθος
984 5066 1077 5119 καὶ
1107 5064 1357 5130 δέξασθαι
1401 5068 1494 5118 καὶ
1525 5062 1582 5119 εὖ
1614 5067 1725 5119 δια-

1833 5076 2079 5129 maxima:
2110 5069 2258 5122 illius
2289 5066 2438 5119 urbis
2484 5064 2802 5133 episcopum
2834 5064 3172 5117 ordinarunt.
3202 5063 3413 5131 1027

160 5158 330 5210 Θεῖναι
359 5158 676 5227 δυνάμενον,
706 5158 966 5228 ἀρχιερέα
1008 5158 1389 5227 προϐάλλεσθε.
1430 5177 1447 5209 ι
1490 5160 1532 5211 Τ
1537 5159 1725 5223 αύταις

1832 5164 2121 5217 Maximum
2147 5172 2291 5215 vero.
2312 5168 2567 5225 tanquam
2581 5153 2897 5223 Apollinarii
2912 5154 3192 5207 dementia:
3206 5168 3317 5222 part
3330 5154 3418 5204 iri—

158 5250 207 5299 oi
266 5248 485 5318 ἄριστοι
549 5249 803 5317 ποιμένες
860 5251 977 5312 ταῖς
1035 5248 1333 5319 ὑποθήκαις
1393 5249 1724 5315 πεισθέντες,

1833 5248 2281 5323 pem,epise0pali
2300 5247 2562 5317 dignitate
2578 5245 2869 5314 spoliatum
2894 5243 3217 5297 abdicarunt
3247 5246 3259 5262 ‘
3276 5240 3411 5293 Tum

1445 5431 1677 5489 VARI/IS
1712 5429 2004 5487 LECTION
2014 5427 2112 5485 ES.

240 5628 284 5698 ’ξ
317 5626 525 5698 ὀλίγης.
566 5624 686 5698 Ba_s.
717 5624 891 5680 Gram.
927 5696 945 5698 _
1002 5628 1045 5659 ¹³
1075 5628 1335 5698 θ;ιοτάτῳ
1358 5629 1561 5683 addunt
1597 5628 1716 5681 llas.
1757 5628 1927 5698 Gripe.
1990 5637 2049 5698 et
2100 5628 2287 5696 Steph.
2368 5630 2409 5659 “
2445 5628 2537 5680 τοῦ
2570 5629 2722 5683 abest
2748 5644 2775 5681 a
2809 5627 2934 5683 Bas.
2967 5628 3142 5698 Gnec.
3223 5628 3262 5660 "
3291 5644 3403 5698 ται-

166 5694 377 5767 νιωθείς
404 5714 437 5767 e
464 5696 585 5767 Bas.
618 5695 792 5767 Gragc.
826 5707 875 5767 et
914 5696 1100 5751 Savilii
1130 5692 1320 5752 codice
1364 5699 1558 5752 merito
1592 5699 1844 5751 rescribit
1878 5696 2143 5751 Valesius.
2198 5692 2268 5729 ἠ
2302 5699 2597 5766 θρησκείας
2628 5700 2811 5767 Steph.
2847 5700 2899 5751 2.
2980 5701 3019 5729 ¹⁷
3051 5692 3203 5761 οὗτος
3250 5697 3401 5758 addi-

166 5764 363 5818 derunt
399 5765 605 5821 Christ.
634 5774 687 5820 et
714 5764 856 5820 Scal.
974 5768 1015 5799 ⁸⁸
1052 5768 1317 5839 Ἐδέσσης.
1352 5769 1475 5824 Bas.
1509 5768 1705 5835 Graec,
1738 5767 2029 5823 articulum
2062 5769 2225 5824 etiam
2257 5764 2668 5839 ante'lspoaoiu
2696 5764 2911 5824 omittit.
