4218 6456
790 398 922 461 1211

1800 400 2282 461 TIIEODORETI
2306 401 2641 461 EPISCOPI
2670 402 3033 464 CYRENSIS

3887 399 4022 464 1212

780 507 1087 562 canonibus
1139 508 1205 559 ad
1260 515 1465 560 rectam
1513 507 1771 562 Ecclesiae
1806 507 2336 560 administrationem
2370 509 2446 571 Αἰ

2370 519 2413 571 Α
2441 508 2742 577 Νεκτάριον
2766 510 3092 579 εὐπατρίδην
3119 510 3307 579 ἄνδρα,
3358 510 3449 563 καὶ
3477 510 3803 578 περιφανεία
3822 512 4019 576 γένους

780 597 965 661 editis,
987 598 1284 665 Nicazmquc
1316 598 1565 666 exposita
1592 599 1693 652 tide
1723 598 1896 666 palam
1922 598 2263 659 conﬁrmata,
2294 598 2345 649 in

782 704 936 743 suam
963 690 1189 757 quisque
1220 689 1450 757 patriam
1482 689 1683 742 reversi
1707 695 1855 742 sunt.
1874 687 2147 756 Sequenti
2187 697 2348 740 aasta-

782 787 856 841 te,
897 793 1018 830 cum
1079 777 1145 830 ad
1211 778 1455 832 eamdem
1488 779 1675 832 urbem
1710 778 2101 832 ecclesiasticis
2151 776 2346 830 iterum

782 866 1014 936 negotiis
1045 868 1257 921 evocati
1295 869 1509 937 plurimi
1550 868 1864 929 rediissent,
1898 866 2215 936 synodicain
2283 866 2351 918 ab

781 958 1222 1013 Occidentalibus
1244 958 1513 1027 episcopis
1534 959 1818 1027 epistolam
1848 964 2201 1024 acceperunt,
2243 970 2350 1024 qua

783 1050 1181 1113 imitabantur,
1244 1060 1302 1103 ut
1366 1049 1592 1104 Romam
1641 1051 1706 1103 ad
1756 1050 2050 1120 synodum,
2105 1064 2229 1118 qua:
2263 1049 2335 1101 ibi

792 1143 1031 1194 maxima
1086 1143 1399 1210 cogebatur,
1438 1156 1496 1194 se
1527 1141 1860 1194 conferrent.
1902 1139 2102 1194 Verum
2145 1140 2199 1191 hi
2235 1139 2353 1191 lon-

796 1233 1058 1301 ginquam
1094 1235 1318 1302 quidem
1358 1234 1751 1302 profectionem
1800 1235 1949 1286 velut
1980 1231 2224 1285 inutilem
2265 1229 2351 1282 fu-

794 1330 973 1374 turam
1007 1322 1283 1391 deprecati
1315 1333 1442 1379 sunt
1478 1342 1491 1376 :
1528 1324 1815 1391 epistolam
1846 1331 2025 1374 autem
2060 1321 2350 1380 miserunt,

787 1411 841 1463 in
873 1426 976 1479 qua
1003 1414 1298 1480 procellam
1336 1422 1529 1466 contra
1566 1413 1836 1465 Ecclesias
1859 1412 2155 1462 excitatam
2183 1406 2352 1476 signi-

790 1499 1039 1564 ﬁcantes,
1077 1503 1292 1556 illorum
1313 1503 1412 1555 hac
1439 1502 1491 1555 in
1518 1518 1577 1555 re
1600 1500 1980 1571 negligentiam
2002 1497 2351 1551 denotabant.

786 1593 1115 1660 Apostolicaa
1134 1610 1349 1664 queque
1386 1595 1650 1649 doctrinae
1690 1608 1958 1648 summam
1992 1590 2180 1644 iisdem
2212 1589 2353 1641 litte-

785 1683 863 1736 ris
895 1685 1228 1739 indiderunt.
1254 1686 1360 1739 Sed
1393 1686 1753 1741 scribentium
1776 1684 2029 1735 virtutem
2058 1696 2121 1735 ac
2141 1681 2356 1750 sapien-

789 1774 917 1827 tiam
948 1776 1140 1831 littera:
1178 1780 1306 1846 ipsa:
1338 1777 1583 1847 apertius
1613 1775 1991 1830 declarabunt.

789 1866 1169 1935 κροτουμένης.
1225 1867 1384 1919 Ἀλλὰ
1421 1867 1518 1936 τὴν
1584 1867 1680 1935 μὲν
1730 1863 2040 1934 ἀποδημίαν
2096 1861 2515 1931 παρῃτήσαντο,
2556 1858 2631 1918 ὡς
2688 1855 2842 1907 οὐδὲν
2893 1856 3122 1925 ἔχουσαν
3195 1856 3385 1927 κέρδος
3438 1872 3450 1884 ·

2453 599 2843 669 κοσμούμενον,
2876 600 2970 651 καὶ
3007 602 3120 662 τοῖς
3152 602 3249 669 τῆς
3279 601 3476 671 ἀρετῆς
3514 601 3677 652 εἴδεσι
3704 600 4020 669 λαμπρυνό-

2454 707 2632 758 μενον,
2673 691 2967 743 ἐπίσκοπον
3008 691 3105 760 τῆς
3132 691 3394 759 μεγίστης
3428 691 3642 757 ἐκείνης
3678 690 4023 758 ἐχειροτόνη-

2453 798 2551 833 σαν
2581 781 2802 843 πόλεως,
2830 783 2920 834 τὸν
2952 782 3006 834 δὲ
3041 782 3311 851 Μάξιμον,
3362 782 3437 845 ὡς
3501 782 3600 850 τῆς
3641 781 4023 848 ’Δπολιναρίου

2452 871 2871 941 φρενοϐλαϐείας
2911 873 3281 942 μετειληχότα,
3314 872 3413 939 τῆς
3439 872 3827 943 ἀρχιερατικῆς
3864 872 4024 934 ἀξίας

2452 962 2866 1030 γυμνώσαντες,
2908 964 3280 1033 ἀπεκήρυξαν.
3336 964 3446 1015 Καὶ
3501 963 3732 1023 κανόνας
3775 961 3833 1012 δέ
3889 962 4023 1029 περὶ

2450 1050 2549 1119 τῆς
2575 1050 3029 1120 ἐκκλησιαστικῆς
3073 1052 3379 1120 γράψαντες
3426 1050 3723 1119 εὐκοσμίας
3749 1088 3765 1112 ,
3798 1049 3890 1100 καί
3923 1049 4022 1117 τὴν

2453 1139 2767 1192 ἐκτεθεῖσαν
2810 1140 2989 1192 πίστιν
3037 1141 3095 1191 ἐν
3124 1140 3327 1208 Nimia
3362 1140 3585 1209 βεϐαίαν
3618 1139 3796 1207 μένειν
3839 1138 4024 1203 διαγο-

2456 1227 2787 1296 ρεύσαντες,
2839 1229 2917 1288 εἰς
2971 1226 3319 1289 τὰςγοίκείας
3374 1226 3677 1295 ἐπανῆλθον
3730 1226 4020 1295 πατρίδας.

2455 1317 2561 1369 Τοῦ
2595 1316 2651 1369 δὲ
2680 1316 3066 1385 ἐπιγενομένου
3098 1316 3321 1386 θέρους,
3357 1318 3436 1380 είς
3481 1316 3694 1384 ἐκείνην
3732 1310 3889 1376 αὖθις
3925 1314 4025 1382 τὴν

2455 1408 2609 1460 πόλιν
2640 1407 2691 1459 οἰ
2720 1408 2959 1459 πλεῖστοι
2990 1406 3196 1459 τούτων
3236 1407 3686 1477 παραγενόμενοι,
3726 1405 4025 1471 ἐκκλησια-

2458 1493 2639 1544 στικαὶ
2676 1493 2785 1562 γάρ
2813 1493 3009 1556 αὐτοὺς
3050 1492 3211 1546 πάλιν
3245 1494 3605 1546 συνεκάλεσαν
3653 1494 3861 1561 χρεῖαι,
3899 1509 4028 1543 συν-

2456 1582 2640 1651 οδικὴν
2692 1582 2980 1654 ἐπιστολὴν
3037 1583 3146 1636 τῶν
3218 1584 3319 1652 τῆς
3385 1585 3653 1653 Ἐσπέρας
3710 1584 4026 1635 ἐπισκόπων

2456 1672 2724 1739 ἐδέξαντο,
2762 1676 2843 1735 εἰς
2876 1675 2975 1742 τὴν
3035 1674 3257 1744 Ῥώμην
3302 1675 3497 1735 αὐτοὺς
3550 1673 3845 1742 ἀφικέσθαι
3892 1690 4027 1740 προ-

2456 1764 2766 1832 τρέπουσαν
2790 1802 2804 1826 ,
2837 1764 2985 1835 [208]
3018 1765 3092 1827 ὡς
3124 1766 3341 1819 συνόδου
3378 1765 3638 1834 μεγίστης
3676 1765 3863 1815 αὐτόθι
3894 1780 4019 1829 συγ-

3540 1856 3857 1908 ἐπέστειλαν
3944 1856 4023 1917 δὲ,

783 1953 875 2005 τόν
913 1972 969 2006 τε
1017 1957 1259 2009 κλύδωνα
1322 1958 1411 2009 τὸν
1458 1956 1597 2009 κατὰ
1642 1956 1751 2008 τῶν
1801 1952 2131 2022 Ἐκκλησιῶν
2189 1948 2569 2003 ἐπαναστάντα
2611 1947 3001 2015 σημαίνοντες,
3072 1948 3169 1999 καὶ
3234 1948 3334 2016 τὴν
3411 1948 3783 2016 γεγενημένην
3847 1945 4030 1999 αὐτῶν

784 2045 1040 2108 ἀμέλειαν
1085 2048 1459 2115 αἰνιττόμενοι.
1524 2048 1612 2099 Ἐν
1682 2046 1959 2114 κεφαλαίῳ
2005 2044 2125 2095 δέ¹⁹
2178 2040 2272 2093 καὶ
2336 2037 2397 2090 τὸ
2452 2036 2804 2089 ἀποστολικδν
2860 2038 2972 2099 τοῖς
3020 2036 3345 2107 γράμμασιν
3410 2035 3675 2105 ἐνέθηκαν
3747 2034 4023 2105 φρόνημα.

785 2140 1122 2210 Σαφὲστερον
1150 2142 1323 2210 δὲτὴν
1356 2143 1463 2193 τῶν
1490 2143 1843 2212 γεγραφότων
1877 2139 2127 2207 ἀνδρείαν
2162 2152 2224 2189 τε
2252 2134 2345 2188 καὶ
2386 2132 2575 2200 σοφίαν
2600 2131 2740 2184 αὐτά
2766 2131 2996 2202 δηλώσει
3024 2132 3093 2183 τὰ
3118 2132 3439 2201 γράμματα.

1133 2231 1286 2286 car.
1319 2231 1407 2284 Ix.
1437 2232 1528 2302 [Β.
1565 2232 1644 2285 St.
1674 2231 1737 2284 v.
1774 2232 1872 2284 cn.
1913 2228 2003 2299 9.]

860 2320 1097 2388 Epistola
1135 2322 1387 2390 synodica
1416 2323 1623 2374 concilii
1665 2318 2259 2380 Constantinopolitani.

856 2474 1100 2528 Dominis
1142 2475 1607 2538 honoratissimis,
1649 2483 1704 2529 et
1737 2474 2217 2529 reverendissimis
2251 2473 2359 2527 fra-

785 2567 963 2619 tribus
1013 2574 1067 2618 et
1119 2566 1371 2633 collegis,
1424 2564 1681 2627 Damaso,
1734 2565 2049 2627 Ambrosio,
2099 2563 2353 2630 Brittoni,

789 2656 1110 2717 Valeriano,
1145 2656 1425 2718 Ascholio,
1473 2657 1725 2717 Anemio,
1788 2656 2015 2719 Ilasilio,
2039 2663 2093 2708 et
2130 2655 2358 2723 reliquis

788 2745 999 2799 sanctis
1024 2745 1298 2813 episcopis
1330 2745 1383 2797 in
1418 2756 1611 2812 magna
1639 2747 1773 2797 urbe
1805 2744 1972 2796 Roma
1995 2747 2356 2815 congregatis,

787 2844 977 2891 sancta
1022 2836 1264 2904 synodus
1316 2835 1745 2888 orthodoxoruin
1800 2836 2211 2903 episcoporum,
2264 2837 2357 2904 qui

786 2927 841 2981 in
860 2929 1073 2997 1028
1090 2943 1280 2995 magna
1305 2926 1440 2980 urbe
1460 2925 1939 2995 Constantinopoli
1964 2936 2357 2995 convenerunt,

786 3019 846 3073 in
874 3019 1105 3073 Domino
1125 3020 1378 3073 salutem.

859 3190 1261 3245 Multitudinem
1313 3189 1687 3244 calamitatum
1742 3190 1903 3244 nobis
1932 3189 2000 3242 ab
2032 3189 2358 3242 Arianorum

790 3283 1032 3353 potentia
1066 3282 1399 3335 indictarum
1436 3283 1794 3335 reverentiam
1835 3291 2067 3335 vestram
2101 3282 2245 3333 velut
2268 3296 2360 3334 ras

788 3375 1129 3443 ignorantem
1186 3372 1401 3433 docere,
1467 3379 1519 3424 ct
1570 3387 1832 3425 enarrare
1892 3387 2359 3439 supervacaneum

786 3464 1023 3518 videtur.
1056 3460 1243 3532 Neque
1274 3464 1418 3516 enim
1456 3470 1563 3514 tam
1596 3462 1748 3529 parvi
1794 3476 1882 3514 res
1909 3468 2125 3513 nostras
2158 3460 2361 3515 ducere

3055 2222 3283 2272 ΚΕΦΑΛ
3348 2220 3423 2271 Θν.

2457 2308 2791 2362 Συνοδικὸν
2861 2309 3019 2376 παρὰ
3081 2308 3190 2376 τῆς
3389 2311 4029 2362 Κωνσταντινοιοπόλει

3101 2396 3258 2430 συνο
3298 2395 3391 2430 ου.

3101 2395 3391 2432 συνοοου.

2526 2465 2748 2538 Κυρίοις
2777 2468 3125 2538 τιμιωτάτοις
3149 2511 3163 2532 ,
3198 2468 3291 2520 καὶ
3326 2467 3735 2532 εὐλαϐεστάτοις
3776 2468 4031 2537 ἀδελ-,τοῖς

2458 2558 2553 2612 καὶ
2602 2558 3071 2628 συλλειτουργοῖς,
3118 2559 3356 2627 Δαμάσῳ
3384 2598 3398 2621 ,
3468 2557 3814 2628 Ἀμϐροσίῳ,
3868 2558 4031 2628 Βρίτ-

2457 2652 2647 2703 τωνι¹⁰
2672 2689 2687 2713 ,
2727 2648 3072 2720 Οὐαλεριανῷ
3093 2688 3108 2712 ,
3152 2649 3409 2717 Ἀσχολίῳ
3436 2648 3478 2680 ³¹
3500 2691 3515 2713 ,
3561 2649 3813 2718 Ἀνεμίῳ,
3863 2650 4034 2700 Βασι-

2457 2739 2616 2810 λείῳ,
2673 2743 2763 2793 καὶ
2819 2745 2931 2805 τοῖς
2981 2742 3187 2802 λοιποῖς
3245 2740 3424 2807 ἁγίοις
3486 2740 3838 2802 ἐπισκόποις,
3912 2742 4030 2801 τοῖς

2460 2831 2874 2900 συνεληλυθόσιν
2904 2834 2960 2884 ἐν
2989 2835 3053 2901 τῇ
3088 2831 3297 2901 μεγάλῃ
3328 2831 3476 2883 πόλει
3500 2832 3545 2862 ’⁸
3583 2830 3792 2901 Ῥώμῃ,
3821 2835 3855 2899 η
3894 2831 4030 2897 ἁγία

2461 2922 2674 2985 σύνοδος
2720 2923 2826 2974 τῶν
2855 2922 3148 2992 ὀρθοδόξων
3198 2923 3512 2975 ἐπισκόπων
3535 2963 3550 2985 ,
3583 2922 3691 2974 τῶν
3736 2922 4031 2991 συνεληλυο

2459 3014 2626 3065 θότων
2654 3014 2710 3064 ἐν
2740 3016 2803 3083 τῇ
2835 3014 3043 3085 μεγάλῃ
3084 3014 3234 3066 πόλει
3254 3014 3300 3045 ⁸⁸
3339 3013 3926 3076 Κωνσταντινουπόλει,
3968 3014 4031 3064 ἐν

2459 3102 2647 3170 Κυρίῳ
2677 3102 2905 3172 χαίρειν.

2530 3190 2602 3241 Τὸ
2654 3192 2749 3258 μὲν
2797 3192 2871 3253 ὡς
2925 3190 3222 3257 ἀγνοοῦσαν
3266 3190 3366 3260 τὴν
3417 3192 3690 3262 ὑμετέραν
3739 3192 4033 3245 εὐλάϐειαν

2458 3280 2769 3343 διδάσκειν,
2811 3284 2905 3335 καὶ
2957 3282 3259 3351 διηγεῖσθαι
3316 3283 3424 3334 τῶν
3492 3284 3830 3353 παθημάτων
3855 3285 3902 3315 ’³
3970 3286 4033 3336 τὸ

2462 3370 2684 3438 πλῆθος,
2709 3372 2815 3423 τῶν
2846 3371 3189 3442 ἐπαχθέντων
3218 3373 3348 3441 ἡμῖν
3382 3372 3535 3441 παρὰ
3564 3374 3660 3442 τῆς
3687 3374 3792 3425 τῶν
3816 3376 4031 3443 Ἀρεια-

2461 3460 2567 3510 νῶν
2587 3460 2633 3491 ﬁ
2677 3461 2997 3522 δυναστείας
3025 3501 3038 3525 ,
3098 3462 3350 3529 περιττὸν
3389 3461 3535 3524 ἴσως.
3588 3462 3723 3513 Uine
3754 3462 3862 3530 γὰρ
3888 3463 4033 3514 οὕτω

788 3555 1125 3608 arbitramur
1194 3554 1451 3621 pietatem
1505 3561 1761 3615 vestram,
1828 3560 1885 3603 ut
1919 3551 1985 3604 ile
2022 3551 2107 3603 his
2169 3550 2354 3603 doceri
2386 3555 2429 3612 C

2386 3555 2429 3612 ο
2464 3553 2738 3621 πάρεργον
2769 3552 2838 3603 τά
2863 3551 2984 3603 καθ’
3012 3553 3157 3620 ἡμᾶς
3182 3553 3386 3621 κρίνειν
3426 3552 3522 3620 τὴν
3558 3552 3830 3620 ὑμετέραν
3867 3552 4033 3620 ἡγού-

792 3661 931 3714 opus
959 3644 1216 3707 habeant,
1249 3644 1451 3711 quibus
1480 3643 1775 3695 condolcrc
1804 3642 2094 3709 oportebat
2134 3661 2145 3692 :
2181 3657 2357 3709 neque

783 3735 1060 3806 ejusmodi
1107 3744 1265 3786 erant
1295 3741 1668 3801 tempestates,
1696 3734 1898 3802 quibus
1933 3732 2227 3786 conﬂictati
2260 3748 2356 3784 su-

786 3842 932 3888 mus,
965 3834 1023 3879 ut
1049 3826 1214 3878 latere
1249 3824 1320 3877 ob
1349 3824 1678 3875 tenuitatem
1716 3824 2015 3892 potuerint.
2051 3820 2157 3875 Sed
2190 3828 2242 3875 et
2272 3837 2358 3875 rc-

787 3931 921 3970 ccus
951 3922 1168 3983 tempus
1222 3913 1664 3982 persecutionum
1723 3912 1899 3965 vivam
1954 3912 2129 3965 adhuc
2180 3919 2359 3964 servat

789 4006 1134 4068 memoriam,
1172 4020 1278 4057 non
1314 4005 1366 4057 in
1401 4004 1469 4057 iis
1498 4002 1656 4057 modo
1679 4006 1770 4072 qui
1806 4006 1953 4072 passi
1992 4013 2141 4065 sunt,
2171 4004 2264 4057 sed
2300 4004 2354 4056 in

790 4097 859 4151 iis
892 4098 1054 4150 etiam
1082 4095 1176 4165 qui
1204 4110 1584 4165 perpessurum
1603 4110 1874 4148 aaruninas
1909 4111 2004 4164 per
2028 4095 2355 4148 cliaritatem

792 4189 1149 4259 participant.
1196 4186 1329 4240 Nam
1379 4189 1493 4242 heri
1548 4186 1739 4252 ferme,
1800 4188 1843 4239 si
1897 4186 2083 4239 dicere
2116 4187 2262 4249 licet,
2296 4200 2358 4238 ac

790 4278 991 4332 nudius
1011 4278 1208 4331 tertius
1234 4277 1452 4346 quidam
1477 4276 1654 4330 exsilii
1686 4274 1917 4328 vinculis
1949 4274 2111 4328 soluti
2142 4273 2207 4325 ad
2259 4273 2359 4325 Ee-

787 4368 983 4423 clesias
1014 4384 1143 4423 suas
1168 4383 1262 4438 per
1287 4368 1429 4421 mille
1452 4367 1688 4435 pericula
1736 4367 1967 4428 rediere,
1994 4376 2360 4418 mortuorum-

796 4474 903 4528 que
933 4460 985 4511 in
1017 4458 1217 4511 exsilio
1250 4458 1434 4511 relatae
1457 4464 1587 4511 sunt
1623 4457 1867 4524 reliquia:
1891 4475 1901 4507 :
1927 4455 2147 4524 quidam
2196 4454 2359 4506 etiam

790 4558 917 4618 post
951 4547 1187 4602 reditum
1221 4548 1289 4601 ab
1313 4549 1509 4615 exsilio
1558 4550 1609 4601 in
1636 4550 1936 4615 ferventem
1970 4546 2149 4599 adhuc
2186 4548 2359 4599 luere-

788 4640 1024 4692 ticorum
1052 4639 1287 4691 furorem
1311 4639 1674 4704 incurrentes,
1698 4637 1969 4706 lapidibus
2005 4637 2071 4689 ab
2109 4637 2191 4689 eis
2215 4636 2359 4689 sicut

790 4729 986 4783 beatus
1025 4727 1339 4797 Stephanus
1379 4729 1586 4793 obruti,
1622 4729 1868 4797 graviora
1902 4730 1956 4780 in
1991 4728 2165 4796 patria
2199 4743 2360 4795 quam

791 4828 849 4877 in
884 4824 1061 4877 alieno
1086 4821 1203 4875 solo
1243 4822 1606 4889 pertulerunt.
1639 4819 1742 4871 Alii
1778 4818 2016 4873 diversis
2078 4819 2361 4887 suppliciis

2464 3643 2602 3712 μεθα
2636 3641 2965 3707 θεοσέϐειαν,
3009 3641 3083 3704 ὡς
3107 3641 3314 3694 δεῖσθαι
3354 3641 3446 3693 τοῦ
3495 3642 3685 3710 μαθεῖν
3716 3642 3914 3702 ταῦτα,
3951 3638 4035 3704 οἷς

2460 3735 2624 3803 ἐχρῆν
2679 3732 3001 3799 συναλγεῖνο
3048 3730 3173 3783 οὐτε
3210 3731 3439 3784 τοιοῦτοί
3482 3748 3624 3794 τινες
3677 3733 4034 3801 περισχόντες

2458 3827 2606 3895 ἡμᾶς
2651 3824 2947 3894 χειμῶνες,
2987 3824 3062 3886 ώς
3093 3823 3373 3876 λανθάνειν
3411 3825 3517 3876 ἀπὸ
3547 3825 3592 3856 ⁸⁸
3642 3827 4032 3895 σμικρότητος.

2460 3916 2527 3966 "U
2550 3931 2605 3965 τε
2646 3916 2833 3983 χρόνος
2874 3913 2983 3965 τῶν
3016 3912 3270 3982 διωγμῶν
3291 3914 3337 3945 ’⁸
3388 3913 3617 3983 νεαρὸς,
3672 3913 3899 3966 ἐναυλον
3952 3917 4034 3968 ἐτι

2460 4004 2745 4071 φυλάττων
2802 4003 2899 4072 τὴν
2951 4004 3206 4073 μνήμην,
3257 4003 3317 4054 οὐ
3355 4005 3466 4062 τοῖς
3496 4002 3785 4055 πεπονθόσι
3844 4005 4032 4073 μόνον,

2460 4094 2595 4148 ἀλλὰ
2623 4096 2715 4146 καὶ
2735 4095 2777 4125 ³⁷
2816 4096 2928 4156 τοῖς
2971 4093 3037 4144 δι’
3066 4093 3290 4162 ἀγάπην
3325 4093 3393 4145 τὰ
3422 4092 3531 4144 τῶν
3559 4093 3910 4147 πεπονθότων
3946 4098 4033 4148 οἰ-

2459 4184 2813 4253 κειουμένοις.
2849 4184 2989 4246 Χοές
3021 4184 3126 4253 γάρ
3170 4184 3246 4245 ὼς
3274 4186 3447 4235 εἰπεῖν
3493 4182 3571 4235 ἔτι
3612 4186 3703 4235 καὶ
3742 4184 3941 4254 πρώην
3981 4186 4033 4238 οἱ

2465 4277 2560 4346 μὲν
2598 4276 2706 4327 τῶν
2748 4276 2847 4345 τῆς
2877 4274 3088 4346 ἐξορίας
3121 4274 3370 4338 λυθέντες
3405 4275 3617 4343 δεσμῶν
3645 4276 3723 4337 εἰς
3762 4277 3859 4337 τὰς
3906 4278 4037 4329 ἐαυ-

2460 4367 2564 4419 τῶν
2609 4367 2936 4437 Ἐκκλησίας
2988 4366 3077 4419 διὰ
3130 4366 3338 4436 μυρίων
3397 4367 3700 4435 ἐπανήκασι
3758 4367 4032 4434 θλίψεωνο

2460 4458 2565 4509 τῶν
2594 4457 2651 4509 δέ
2680 4458 2771 4510 καὶ
2793 4457 3183 4509 τελειωθέντων
3209 4458 3267 4508 ἐν
3297 4459 3415 4519 ταῖς
3442 4457 3678 4526 ἐξορίαις
3702 4459 4039 4527 ἐπανεκομί-

2461 4546 2563 4616 σθη
2592 4548 2660 4599 τὰ
2693 4547 2919 4614 λείψανα
2946 4564 2960 4579 ·
2996 4547 3137 4609 τινὲς
3170 4546 3227 4599 δὲ
3258 4549 3351 4599 καὶ
3380 4547 3518 4615 μετά
3557 4548 3655 4617 τὴν
3684 4548 3782 4616 τῆς
3812 4546 4035 4619 ἐξορίας

2462 4639 2737 4701 ἐπάνοδον,
2787 4640 2868 4691 ἔτι
2919 4639 3205 4709 βράσσοντι
3242 4639 3319 4709 τῷ
3376 4639 3484 4692 τῶν
3537 4640 3825 4711 αἱρετικῶν
3872 4659 4038 4707 π;ρι-

2462 4728 2719 4791 πεσόντες
2762 4728 2948 4799 θυμῷ,
2984 4729 3285 4800 πικρότερα
3325 4728 3433 4782 τῶν
3468 4732 3561 4782 ἐπὶ
3599 4734 3700 4799 τῆς
3739 4730 4036 4801 ἀλλοτρίας

2464 4822 2556 4872 ἐπὶ
2601 4821 2699 4889 τῆς
2750 4821 2953 4882 οἰκείας
2986 4820 3306 4887 ὑπέμειναν,
3351 4819 3518 4881 λίθοις
3550 4820 3676 4888 παρ’
3718 4820 3897 4871 αὐτῶν
3942 4837 4036 4873 τε-

798 4912 1200 4974 cxcarniﬁcati,
1238 4912 1496 4982 stigmata
1529 4910 1733 4965 Christi
1764 4920 1816 4964 et
1841 4910 2055 4963 vibices
2098 4910 2277 4963 adhuc
2302 4910 2357 4963 in
2390 4875 2464 4934 θ

2390 4875 2437 4934 D
2462 4875 2774 4970 λειωθέντες
2828 4875 2967 4960 κατά
3020 4875 3110 4959 τὸν
3174 4875 3444 4978 μακάριον
3493 4875 3782 4975 ὲτὲφανον.
3840 4911 4034 4963 Ἀλλοι

792 5017 1025 5072 corpore
1074 5000 1491 5055 circumierunt.
1555 4999 1921 5053 Pecuniarum
1971 5013 2101 5052 vero
2136 4998 2355 5063 damna,

796 5099 854 5147 et
892 5094 1093 5147 multas
1147 5093 1453 5154 civitatum,
1497 5099 1550 5144 ct
1580 5092 1818 5160 privatas
1863 5090 2204 5160 singulorum
2230 5104 2359 5159 pro-

792 5182 1120 5253 scriptiones
1152 5222 1167 5246 ,
1231 5182 1457 5237 insidias
1492 5221 1507 5246 ,
1573 5181 1933 5235 contunielias
1956 5221 1970 5245 ,
2004 5189 2058 5235 et
2114 5196 2364 5236 carceres

2463 5000 2737 5069 διαφόροις
2783 4998 3205 5062 καταξανθέντες
3250 4998 3476 5061 αἰκίαις,
3529 4999 3607 5050 Et:
3638 5001 3707 5051 τά
3753 5002 4034 5069 στίγματα

2466 5091 2559 5143 τοῦ
2613 5087 2881 5158 Χριστοῦ,
2936 5089 3193 5149 καὶτοὺς
3248 5088 3523 5157 μώλωπας
3576 5090 3634 5141 ἐν
3685 5090 3763 5159 τῷ
3814 5091 4033 5161 σώματι

2469 5182 2842 5250 περιφέρουσι.
2896 5180 3207 5249 Χρημάτων
3263 5179 3319 5231 δὲ
3366 5179 3568 5249 ζημίας
3622 5182 3715 5233 καὶ
3759 5186 4035 5255 προτιμή-

2089 5366 2320 5421 VARUE
2350 5366 2749 5425 LECTIONES.

901 5518 943 5549 η
972 5520 1099 5592 γάρ,
1138 5520 1466 5592 llas._Gnec.
1515 5534 1565 5575 ct
1596 5522 1781 5592 Steph.

798 5584 1057 5659 grmcqet
1078 5589 1219 5649 Lat.,
1248 5590 1477 5652 Christ.,
1504 5592 1690 5659 Ισὶιιὶιιίι.

1860 5526 1905 5555 ὀ
1934 5525 2158 5594 [ipf-mp,
2194 5525 2361 5579 codex
2394 5524 2477 5580 Jo.
2511 5524 2651 5578 Pini.
2685 5524 2878 5594 Epiph.
2910 5523 3002 5589 IX,
3038 5524 3124 5585 13,
3163 5521 3448 5594 Brittonio.

1803 5594 1847 5623 ”
1880 5596 2256 5661 μεγαλοπόλει.
2293 5595 2414 5649 Bas.
2451 5605 2503 5649 ct
2543 5596 2684 5655 Piui,

3553 5522 3595 5551 "
3628 5520 3870 5589 Ἀχολίῳ.
3908 5521 4032 5577 Bac.

2719 5590 2982 5662 probante
3014 5594 3191 5646 Vales.
3266 5595 3312 5624 ”
3341 5592 3430 5645 Sic
3445 5604 3509 5662 et
3540 5590 3876 5662 Savil._libcr
3904 5608 4032 5645 cum

801 5656 1047 5729 i\_‘iceph.,
1072 5659 1211 5729 apud
1244 5676 1404 5725 quem
1451 5656 1564 5713 lure.
1592 5656 1816 5729 epistola
1867 5656 2043 5715 exs-tat
2078 5663 2146 5716 Η.
2190 5664 2256 5717 Ε.
2285 5664 2395 5727 XII,
2425 5666 2511 5727 I6;
2544 5664 2637 5718 sed
2664 5656 2826 5717 Itasil.
2854 5662 3027 5715 ϐιαιο.
3059 5672 3112 5714 ct
3138 5662 3253 5715 Lat.
3279 5676 3403 5713 cum
3440 5659 3625 5729 Steph.
3668 5660 3777 5711 τῶν
3813 5662 4031 5713 παθῶν.

803 5723 1243 5794 ’δἈρειομοίνῶν.
1263 5723 1425 5784 Iidem
1446 5730 1602 5784 codd.
1629 5723 1638 5729 ’
1671 5733 1715 5762 ³⁵
1746 5732 1865 5784 ὑπό.
1885 5731 2001 5786 Bas.
2029 5744 2081 5788 et
2109 5734 2331 5803 Niceph.
2387 5723 2442 5765 ἠ
2468 5723 2808 5802 διωγμάτων.
2832 5733 2934 5787 Iias
2980 5734 3095 5785 Lat.
3168 5733 3208 5762 ³⁷
3247 5732 3336 5783 καί
3372 5723 3577 5783 ιιυοειά
3602 5728 4031 5797 Bas.ctNiccph.
