  <div class='ocr_page' id='page_1' title='image "/cluster/home/n/w/nwhite01/storage/ocr_20150623/82/nnc1.0046979700/652.png"; bbox 0 0 4218 6456; ppageno 0'>
   <div class='ocr_carea' id='block_1_1' title="bbox 194 380 3441 457">
    <p class='ocr_par' dir='ltr' id='par_1_1' title="bbox 194 380 3441 457">
     <span class='ocr_line' id='line_1_1' title="bbox 194 380 3441 457; baseline 0.005 -16"><span class='ocrx_word' id='word_1_1' title='bbox 194 380 326 445; x_wconf 75' lang='lat'><strong>1213</strong></span> <span class='ocrx_word' id='word_1_2' title='bbox 1154 393 1738 455; x_wconf 75' lang='lat' dir='ltr'><strong>ECCI.ESlASTlC.E</strong></span> <span class='ocrx_word' id='word_1_3' title='bbox 1788 388 2167 449; x_wconf 69' lang='lat' dir='ltr'><strong>lllSTORLE</strong></span> <span class='ocrx_word' id='word_1_4' title='bbox 2202 390 2347 449; x_wconf 89' lang='lat' dir='ltr'><strong>LIB.</strong></span> <span class='ocrx_word' id='word_1_5' title='bbox 2382 393 2447 451; x_wconf 89' lang='lat' dir='ltr'><strong>V.</strong></span> <span class='ocrx_word' id='word_1_6' title='bbox 3304 391 3441 457; x_wconf 75' lang='grc'><strong>1214</strong></span> 
     </span>
    </p>
   </div>
   <div class='ocr_carea' id='block_1_2' title="bbox 131 491 1797 592">
    <p class='ocr_par' dir='ltr' id='par_1_2' title="bbox 131 491 1797 592">
     <span class='ocr_line' id='line_1_2' title="bbox 131 491 1797 592; baseline 0.014 -36"><span class='ocrx_word' id='word_1_7' title='bbox 131 491 145 509; x_wconf 88' lang='grc'><em>’</em></span> <span class='ocrx_word' id='word_1_8' title='bbox 190 522 302 569; x_wconf 77' lang='grc' dir='ltr'>σεις</span> <span class='ocrx_word' id='word_1_9' title='bbox 337 508 382 538; x_wconf 77' lang='grc'><strong>’⁸</strong></span> <span class='ocrx_word' id='word_1_10' title='bbox 411 508 617 563; x_wconf 84' lang='grc' dir='ltr'>πόλεων</span> <span class='ocrx_word' id='word_1_11' title='bbox 637 554 648 576; x_wconf 86' lang='grc'><strong>,</strong></span> <span class='ocrx_word' id='word_1_12' title='bbox 700 513 793 566; x_wconf 70' lang='grc' dir='ltr'><strong>καὶ</strong></span> <span class='ocrx_word' id='word_1_13' title='bbox 822 513 919 579; x_wconf 83' lang='grc' dir='ltr'>τὰς</span> <span class='ocrx_word' id='word_1_14' title='bbox 947 515 1053 570; x_wconf 82' lang='grc' dir='ltr'><strong>τῶν</strong></span> <span class='ocrx_word' id='word_1_15' title='bbox 1095 519 1217 573; x_wconf 85' lang='grc' dir='ltr'>καθ’</span> <span class='ocrx_word' id='word_1_16' title='bbox 1248 520 1344 575; x_wconf 76' lang='grc' dir='ltr'><strong>ἕνα</strong></span> <span class='ocrx_word' id='word_1_17' title='bbox 1370 522 1661 592; x_wconf 75' lang='grc' dir='ltr'><strong>δημεύσεις</strong></span> <span class='ocrx_word' id='word_1_18' title='bbox 1686 522 1753 584; x_wconf 71' lang='grc'><strong>’⁵,</strong></span> <span class='ocrx_word' id='word_1_19' title='bbox 1787 552 1797 580; x_wconf 67' lang='grc'><strong>1</strong></span> 
     </span>
    </p>
   </div>
   <div class='ocr_carea' id='block_1_3' title="bbox 1773 491 3439 592">
    <p class='ocr_par' dir='ltr' id='par_1_3' title="bbox 1787 516 3439 586">
     <span class='ocr_line' id='line_1_3' title="bbox 1787 516 3439 586; baseline 0.009 -21"><span class='ocrx_word' id='word_1_20' title='bbox 1787 525 1828 580; x_wconf 74' lang='grc' dir='ltr'>Α</span> <span class='ocrx_word' id='word_1_21' title='bbox 1858 517 1982 586; x_wconf 82' lang='lat' dir='ltr'><strong>quis</strong></span> <span class='ocrx_word' id='word_1_22' title='bbox 2009 518 2339 571; x_wconf 83' lang='lat' dir='ltr'><strong>enunieret?</strong></span> <span class='ocrx_word' id='word_1_23' title='bbox 2372 516 2574 570; x_wconf 71' lang='lat' dir='ltr'><strong>lle-vera</strong></span> <span class='ocrx_word' id='word_1_24' title='bbox 2624 518 2767 573; x_wconf 75' lang='lat' dir='ltr'><strong>enim</strong></span> <span class='ocrx_word' id='word_1_25' title='bbox 2796 530 3007 577; x_wconf 72' lang='lat' dir='ltr'><strong>cunctae</strong></span> <span class='ocrx_word' id='word_1_26' title='bbox 3049 525 3104 580; x_wconf 93' lang='lat' dir='ltr'><strong>in</strong></span> <span class='ocrx_word' id='word_1_27' title='bbox 3164 536 3257 578; x_wconf 89' lang='lat' dir='ltr'><strong>nos</strong></span> <span class='ocrx_word' id='word_1_28' title='bbox 3308 526 3439 580; x_wconf 87' lang='lat' dir='ltr'><strong>ami-</strong></span> 
     </span>
    </p>
   </div>
   <div class='ocr_carea' id='block_1_4' title="bbox 189 599 1855 684">
    <p class='ocr_par' dir='ltr' id='par_1_4' title="bbox 189 599 1758 683">
     <span class='ocr_line' id='line_1_4' title="bbox 189 599 1758 683; baseline 0.01 -32"><span class='ocrx_word' id='word_1_29' title='bbox 189 599 337 671; x_wconf 68' lang='grc' dir='ltr'>ιευο]</span> <span class='ocrx_word' id='word_1_30' title='bbox 386 604 478 654; x_wconf 72' lang='grc' dir='ltr'><strong>καὶ</strong></span> <span class='ocrx_word' id='word_1_31' title='bbox 508 606 805 670; x_wconf 75' lang='grc' dir='ltr'>συσκευὰς,</span> <span class='ocrx_word' id='word_1_32' title='bbox 851 609 945 662; x_wconf 68' lang='grc' dir='ltr'><strong>καὶ</strong></span> <span class='ocrx_word' id='word_1_33' title='bbox 985 610 1206 682; x_wconf 78' lang='grc' dir='ltr'>ὖὸρεις,</span> <span class='ocrx_word' id='word_1_34' title='bbox 1251 615 1344 667; x_wconf 73' lang='grc' dir='ltr'><strong>καὶ</strong></span> <span class='ocrx_word' id='word_1_35' title='bbox 1388 614 1758 683; x_wconf 81' lang='grc' dir='ltr'><strong>δεσμωτήρια,</strong></span> 
     </span>
    </p>
   </div>
   <div class='ocr_carea' id='block_1_5' title="bbox 1777 599 3443 684">
    <p class='ocr_par' dir='ltr' id='par_1_5' title="bbox 1865 608 3443 684">
     <span class='ocr_line' id='line_1_5' title="bbox 1865 608 3443 684; baseline 0.004 -23"><span class='ocrx_word' id='word_1_36' title='bbox 1865 608 2077 661; x_wconf 88' lang='lat' dir='ltr'><strong>ctioues</strong></span> <span class='ocrx_word' id='word_1_37' title='bbox 2126 608 2497 675; x_wconf 81' lang='lat' dir='ltr'><strong>multiplicata:</strong></span> <span class='ocrx_word' id='word_1_38' title='bbox 2524 617 2651 662; x_wconf 85' lang='lat' dir='ltr'><strong>sunt</strong></span> <span class='ocrx_word' id='word_1_39' title='bbox 2692 625 2855 679; x_wconf 98' lang='lat' dir='ltr'><strong>supra</strong></span> <span class='ocrx_word' id='word_1_40' title='bbox 2884 628 3192 677; x_wconf 78' lang='lat' dir='ltr'><strong>numerum,</strong></span> <span class='ocrx_word' id='word_1_41' title='bbox 3230 614 3443 684; x_wconf 77' lang='lat'><strong>1029</strong></span> 
     </span>
    </p>
   </div>
   <div class='ocr_carea' id='block_1_6' title="bbox 187 690 1853 773">
    <p class='ocr_par' dir='ltr' id='par_1_6' title="bbox 187 690 1761 773">
     <span class='ocr_line' id='line_1_6' title="bbox 187 690 1761 773; baseline 0.006 -26"><span class='ocrx_word' id='word_1_42' title='bbox 187 690 268 750; x_wconf 77' lang='grc' dir='ltr'><strong>τίς</strong></span> <span class='ocrx_word' id='word_1_43' title='bbox 303 691 371 743; x_wconf 82' lang='grc' dir='ltr'>ἂν</span> <span class='ocrx_word' id='word_1_44' title='bbox 398 692 872 765; x_wconf 72' lang='grc' dir='ltr'><strong>ἐξαριθμήσασθαι</strong></span> <span class='ocrx_word' id='word_1_45' title='bbox 897 698 1119 752; x_wconf 88' lang='grc' dir='ltr'>δύναται</span> <span class='ocrx_word' id='word_1_46' title='bbox 1142 700 1219 766; x_wconf 85' lang='grc'><strong>³⁰;</strong></span> <span class='ocrx_word' id='word_1_47' title='bbox 1247 703 1422 756; x_wconf 82' lang='grc' dir='ltr'>Πᾶσαι</span> <span class='ocrx_word' id='word_1_48' title='bbox 1454 703 1563 773; x_wconf 83' lang='grc' dir='ltr'>γὰρ</span> <span class='ocrx_word' id='word_1_49' title='bbox 1594 704 1761 765; x_wconf 70' lang='grc' dir='ltr'>ὅντως</span> 
     </span>
    </p>
   </div>
   <div class='ocr_carea' id='block_1_7' title="bbox 1776 690 3442 773">
    <p class='ocr_par' dir='ltr' id='par_1_7' title="bbox 1866 699 3442 773">
     <span class='ocr_line' id='line_1_7' title="bbox 1866 699 3442 773; baseline 0.004 -21"><span class='ocrx_word' id='word_1_50' title='bbox 1866 699 2101 753; x_wconf 82' lang='lat' dir='ltr'><strong>fortasse</strong></span> <span class='ocrx_word' id='word_1_51' title='bbox 2164 710 2221 752; x_wconf 90' lang='lat' dir='ltr'><strong>ut</strong></span> <span class='ocrx_word' id='word_1_52' title='bbox 2276 710 2621 768; x_wconf 73' lang='lat' dir='ltr'><strong>peccatorum</strong></span> <span class='ocrx_word' id='word_1_53' title='bbox 2683 716 2873 769; x_wconf 73' lang='lat' dir='ltr'><strong>pmnas</strong></span> <span class='ocrx_word' id='word_1_54' title='bbox 2942 706 3253 773; x_wconf 89' lang='lat' dir='ltr'><strong>lueremus,</strong></span> <span class='ocrx_word' id='word_1_55' title='bbox 3332 708 3442 759; x_wconf 84' lang='lat' dir='ltr'><strong>l’or—</strong></span> 
     </span>
    </p>
   </div>
   <div class='ocr_carea' id='block_1_8' title="bbox 186 783 1852 866">
    <p class='ocr_par' dir='ltr' id='par_1_8' title="bbox 186 783 1764 866">
     <span class='ocr_line' id='line_1_8' title="bbox 186 783 1764 866; baseline 0.006 -28"><span class='ocrx_word' id='word_1_56' title='bbox 186 783 270 849; x_wconf 77' lang='grc' dir='ltr'>ἐφ’</span> <span class='ocrx_word' id='word_1_57' title='bbox 332 785 480 853; x_wconf 76' lang='grc' dir='ltr'>ἡμᾶς</span> <span class='ocrx_word' id='word_1_58' title='bbox 549 788 603 838; x_wconf 81' lang='grc' dir='ltr'>αἱ</span> <span class='ocrx_word' id='word_1_59' title='bbox 665 787 871 856; x_wconf 70' lang='grc' dir='ltr'>θλίψεις</span> <span class='ocrx_word' id='word_1_60' title='bbox 925 792 1342 864; x_wconf 82' lang='grc' dir='ltr'>ἐπληθύνθησαν</span> <span class='ocrx_word' id='word_1_61' title='bbox 1426 795 1565 866; x_wconf 88' lang='grc' dir='ltr'>ὑπὲρ</span> <span class='ocrx_word' id='word_1_62' title='bbox 1641 797 1764 865; x_wconf 81' lang='grc' dir='ltr'>ἀρι-</span> 
     </span>
    </p>
   </div>
   <div class='ocr_carea' id='block_1_9' title="bbox 1777 783 3443 866">
    <p class='ocr_par' dir='ltr' id='par_1_9' title="bbox 1865 789 3443 862">
     <span class='ocr_line' id='line_1_9' title="bbox 1865 789 3443 862; baseline 0.005 -17"><span class='ocrx_word' id='word_1_63' title='bbox 1865 800 2014 847; x_wconf 86' lang='lat' dir='ltr'><strong>tasse</strong></span> <span class='ocrx_word' id='word_1_64' title='bbox 2064 790 2303 860; x_wconf 80' lang='lat' dir='ltr'><strong>benigno</strong></span> <span class='ocrx_word' id='word_1_65' title='bbox 2345 789 2456 846; x_wconf 88' lang='lat' dir='ltr'><strong>Deo</strong></span> <span class='ocrx_word' id='word_1_66' title='bbox 2503 807 2603 846; x_wconf 92' lang='lat' dir='ltr'><strong>nos</strong></span> <span class='ocrx_word' id='word_1_67' title='bbox 2651 808 2745 862; x_wconf 91' lang='lat' dir='ltr'><strong>per</strong></span> <span class='ocrx_word' id='word_1_68' title='bbox 2794 810 3161 851; x_wconf 69' lang='lat' dir='ltr'><strong>aerumnarum</strong></span> <span class='ocrx_word' id='word_1_69' title='bbox 3191 799 3443 853; x_wconf 85' lang='lat' dir='ltr'><strong>multitu-</strong></span> 
     </span>
    </p>
   </div>
   <div class='ocr_carea' id='block_1_10' title="bbox 184 871 1850 957">
    <p class='ocr_par' dir='ltr' id='par_1_10' title="bbox 184 871 1763 956">
     <span class='ocr_line' id='line_1_10' title="bbox 184 871 1763 956; baseline 0.012 -33"><span class='ocrx_word' id='word_1_70' title='bbox 184 871 342 941; x_wconf 84' lang='grc' dir='ltr'>θμὺν,</span> <span class='ocrx_word' id='word_1_71' title='bbox 386 876 513 938; x_wconf 77' lang='grc' dir='ltr'>ἴσως</span> <span class='ocrx_word' id='word_1_72' title='bbox 543 878 640 946; x_wconf 83' lang='grc' dir='ltr'><strong>μὲν</strong></span> <span class='ocrx_word' id='word_1_73' title='bbox 680 880 802 933; x_wconf 67' lang='grc' dir='ltr'>ἐπεὶ</span> <span class='ocrx_word' id='word_1_74' title='bbox 843 883 884 913; x_wconf 75' lang='grc'><strong>³⁸</strong></span> <span class='ocrx_word' id='word_1_75' title='bbox 933 883 1087 947; x_wconf 80' lang='grc' dir='ltr'>δίκας</span> <span class='ocrx_word' id='word_1_76' title='bbox 1126 886 1541 956; x_wconf 82' lang='grc' dir='ltr'><strong>ἁμαρτημάτων</strong></span> <span class='ocrx_word' id='word_1_77' title='bbox 1589 887 1763 941; x_wconf 81' lang='grc' dir='ltr'>ἐτίνο-</span> 
     </span>
    </p>
   </div>
   <div class='ocr_carea' id='block_1_11' title="bbox 1774 871 3440 957">
    <p class='ocr_par' dir='ltr' id='par_1_11' title="bbox 1864 884 3440 957">
     <span class='ocr_line' id='line_1_11' title="bbox 1864 884 3440 957; baseline 0.005 -18"><span class='ocrx_word' id='word_1_78' title='bbox 1864 886 2045 940; x_wconf 90' lang='lat' dir='ltr'><strong>dinem</strong></span> <span class='ocrx_word' id='word_1_79' title='bbox 2094 895 2404 939; x_wconf 72' lang='lat' dir='ltr'><strong>exercente.</strong></span> <span class='ocrx_word' id='word_1_80' title='bbox 2480 884 2585 938; x_wconf 86' lang='lat' dir='ltr'><strong>Pro</strong></span> <span class='ocrx_word' id='word_1_81' title='bbox 2636 887 2721 940; x_wconf 89' lang='lat' dir='ltr'><strong>bis</strong></span> <span class='ocrx_word' id='word_1_82' title='bbox 2788 888 2954 957; x_wconf 78' lang='lat' dir='ltr'><strong>igitur</strong></span> <span class='ocrx_word' id='word_1_83' title='bbox 3028 888 3139 943; x_wconf 86' lang='lat' dir='ltr'><strong>Deo</strong></span> <span class='ocrx_word' id='word_1_84' title='bbox 3191 891 3440 947; x_wconf 86' lang='lat' dir='ltr'><strong>habenda</strong></span> 
     </span>
    </p>
   </div>
   <div class='ocr_carea' id='block_1_12' title="bbox 187 964 1853 1046">
    <p class='ocr_par' dir='ltr' id='par_1_12' title="bbox 187 964 1762 1046">
     <span class='ocr_line' id='line_1_12' title="bbox 187 964 1762 1046; baseline 0.011 -32"><span class='ocrx_word' id='word_1_85' title='bbox 187 981 289 1029; x_wconf 89' lang='grc' dir='ltr'><strong>μεν</strong></span> <span class='ocrx_word' id='word_1_86' title='bbox 327 964 393 1029; x_wconf 71' lang='grc'><strong>³³,</strong></span> <span class='ocrx_word' id='word_1_87' title='bbox 434 967 562 1030; x_wconf 77' lang='grc' dir='ltr'>ἴσως</span> <span class='ocrx_word' id='word_1_88' title='bbox 592 969 649 1021; x_wconf 82' lang='grc' dir='ltr'><strong>δέ</strong></span> <span class='ocrx_word' id='word_1_89' title='bbox 702 971 797 1023; x_wconf 80' lang='grc' dir='ltr'>καὶ</span> <span class='ocrx_word' id='word_1_90' title='bbox 837 971 931 1025; x_wconf 81' lang='grc' dir='ltr'>τοῦ</span> <span class='ocrx_word' id='word_1_91' title='bbox 974 974 1356 1046; x_wconf 80' lang='grc' dir='ltr'>φιλανθρώπου</span> <span class='ocrx_word' id='word_1_92' title='bbox 1382 977 1517 1031; x_wconf 84' lang='grc' dir='ltr'>Θεοῦ</span> <span class='ocrx_word' id='word_1_93' title='bbox 1548 978 1636 1031; x_wconf 71' lang='grc' dir='ltr'>διὰ</span> <span class='ocrx_word' id='word_1_94' title='bbox 1668 977 1762 1032; x_wconf 79' lang='grc' dir='ltr'>τοῦ</span> 
     </span>
    </p>
   </div>
   <div class='ocr_carea' id='block_1_13' title="bbox 1772 964 3438 1046">
    <p class='ocr_par' dir='ltr' id='par_1_13' title="bbox 1864 977 3438 1046">
     <span class='ocr_line' id='line_1_13' title="bbox 1864 977 3438 1046; baseline 0.006 -17"><span class='ocrx_word' id='word_1_95' title='bbox 1864 985 1949 1033; x_wconf 86' lang='lat' dir='ltr'><strong>est</strong></span> <span class='ocrx_word' id='word_1_96' title='bbox 1997 978 2199 1046; x_wconf 80' lang='lat' dir='ltr'><strong>gratia,</strong></span> <span class='ocrx_word' id='word_1_97' title='bbox 2256 978 2353 1045; x_wconf 87' lang='lat' dir='ltr'><strong>qui</strong></span> <span class='ocrx_word' id='word_1_98' title='bbox 2417 977 2581 1030; x_wconf 87' lang='lat' dir='ltr'><strong>tantis</strong></span> <span class='ocrx_word' id='word_1_99' title='bbox 2624 979 3013 1035; x_wconf 88' lang='lat' dir='ltr'><strong>alllictionibus</strong></span> <span class='ocrx_word' id='word_1_100' title='bbox 3064 996 3251 1037; x_wconf 88' lang='lat' dir='ltr'><strong>servos</strong></span> <span class='ocrx_word' id='word_1_101' title='bbox 3309 998 3438 1039; x_wconf 83' lang='lat' dir='ltr'><strong>suos</strong></span> 
     </span>
    </p>
   </div>
   <div class='ocr_carea' id='block_1_14' title="bbox 184 1056 1850 1135">
    <p class='ocr_par' dir='ltr' id='par_1_14' title="bbox 184 1056 1763 1135">
     <span class='ocr_line' id='line_1_14' title="bbox 184 1056 1763 1135; baseline 0.011 -30"><span class='ocrx_word' id='word_1_102' title='bbox 184 1056 423 1124; x_wconf 78' lang='grc' dir='ltr'><strong>πλήθους</strong></span> <span class='ocrx_word' id='word_1_103' title='bbox 447 1059 556 1112; x_wconf 84' lang='grc' dir='ltr'>τῶν</span> <span class='ocrx_word' id='word_1_104' title='bbox 583 1060 919 1130; x_wconf 81' lang='grc' dir='ltr'>παθημάτων</span> <span class='ocrx_word' id='word_1_105' title='bbox 948 1067 1095 1135; x_wconf 78' lang='grc' dir='ltr'>ἡμᾶς</span> <span class='ocrx_word' id='word_1_106' title='bbox 1124 1068 1510 1135; x_wconf 76' lang='grc' dir='ltr'><strong>γυμνάζοντος.</strong></span> <span class='ocrx_word' id='word_1_107' title='bbox 1547 1069 1763 1123; x_wconf 79' lang='grc' dir='ltr'>Τούτων</span> 
     </span>
    </p>
   </div>
   <div class='ocr_carea' id='block_1_15' title="bbox 1772 1056 3438 1135">
    <p class='ocr_par' dir='ltr' id='par_1_15' title="bbox 1863 1069 3438 1132">
     <span class='ocr_line' id='line_1_15' title="bbox 1863 1069 3438 1132; baseline 0.004 -9"><span class='ocrx_word' id='word_1_108' title='bbox 1863 1070 2121 1132; x_wconf 90' lang='lat' dir='ltr'><strong>erudivit,</strong></span> <span class='ocrx_word' id='word_1_109' title='bbox 2157 1076 2211 1123; x_wconf 88' lang='lat' dir='ltr'><strong>et</strong></span> <span class='ocrx_word' id='word_1_110' title='bbox 2244 1069 2547 1124; x_wconf 88' lang='lat' dir='ltr'><strong>secundum</strong></span> <span class='ocrx_word' id='word_1_111' title='bbox 2586 1071 2990 1125; x_wconf 85' lang='lat' dir='ltr'><strong>multitudinem</strong></span> <span class='ocrx_word' id='word_1_112' title='bbox 3028 1072 3438 1129; x_wconf 86' lang='lat' dir='ltr'><strong>miserationum</strong></span> 
     </span>
    </p>
   </div>
   <div class='ocr_carea' id='block_1_16' title="bbox 187 1143 1853 1232">
    <p class='ocr_par' dir='ltr' id='par_1_16' title="bbox 187 1143 1764 1228">
     <span class='ocr_line' id='line_1_16' title="bbox 187 1143 1764 1228; baseline 0.01 -31"><span class='ocrx_word' id='word_1_113' title='bbox 187 1146 285 1213; x_wconf 82' lang='grc' dir='ltr'>μὲν</span> <span class='ocrx_word' id='word_1_114' title='bbox 313 1143 410 1200; x_wconf 85' lang='grc' dir='ltr'>οὖν</span> <span class='ocrx_word' id='word_1_115' title='bbox 442 1148 519 1219; x_wconf 85' lang='grc' dir='ltr'>τῷ</span> <span class='ocrx_word' id='word_1_116' title='bbox 565 1151 684 1221; x_wconf 80' lang='grc' dir='ltr'><strong>Θεῷ</strong></span> <span class='ocrx_word' id='word_1_117' title='bbox 714 1153 893 1222; x_wconf 86' lang='grc' dir='ltr'>χάρις,</span> <span class='ocrx_word' id='word_1_118' title='bbox 920 1155 977 1218; x_wconf 86' lang='grc' dir='ltr'>ὃς</span> <span class='ocrx_word' id='word_1_119' title='bbox 1008 1156 1105 1207; x_wconf 75' lang='grc' dir='ltr'><strong>καὶ</strong></span> <span class='ocrx_word' id='word_1_120' title='bbox 1122 1157 1209 1209; x_wconf 77' lang='grc' dir='ltr'>διὰ</span> <span class='ocrx_word' id='word_1_121' title='bbox 1235 1159 1504 1211; x_wconf 79' lang='grc' dir='ltr'>τοσούτων</span> <span class='ocrx_word' id='word_1_122' title='bbox 1531 1160 1764 1228; x_wconf 76' lang='grc' dir='ltr'>θλίψεων</span> 
     </span>
    </p>
   </div>
   <div class='ocr_carea' id='block_1_17' title="bbox 1773 1143 3439 1232">
    <p class='ocr_par' dir='ltr' id='par_1_17' title="bbox 1863 1161 3439 1232">
     <span class='ocr_line' id='line_1_17' title="bbox 1863 1161 3439 1232; baseline 0.003 -18"><span class='ocrx_word' id='word_1_123' title='bbox 1863 1176 2086 1214; x_wconf 87' lang='lat' dir='ltr'><strong>suarum</strong></span> <span class='ocrx_word' id='word_1_124' title='bbox 2122 1176 2318 1215; x_wconf 90' lang='lat' dir='ltr'><strong>rursus</strong></span> <span class='ocrx_word' id='word_1_125' title='bbox 2344 1161 2538 1215; x_wconf 77' lang='lat' dir='ltr'><strong>eduxit</strong></span> <span class='ocrx_word' id='word_1_126' title='bbox 2577 1177 2679 1214; x_wconf 91' lang='lat' dir='ltr'><strong>nos</strong></span> <span class='ocrx_word' id='word_1_127' title='bbox 2738 1162 2791 1214; x_wconf 91' lang='lat' dir='ltr'><strong>in</strong></span> <span class='ocrx_word' id='word_1_128' title='bbox 2846 1161 3217 1232; x_wconf 82' lang='lat' dir='ltr'><strong>refrigerium.</strong></span> <span class='ocrx_word' id='word_1_129' title='bbox 3270 1165 3439 1219; x_wconf 91' lang='lat' dir='ltr'><strong>Nobis</strong></span> 
     </span>
    </p>
   </div>
   <div class='ocr_carea' id='block_1_18' title="bbox 180 1236 1846 1324">
    <p class='ocr_par' dir='ltr' id='par_1_18' title="bbox 180 1236 1767 1324">
     <span class='ocr_line' id='line_1_18' title="bbox 180 1236 1767 1324; baseline 0.01 -38"><span class='ocrx_word' id='word_1_130' title='bbox 180 1236 306 1324; x_wconf 69' lang='grc' dir='ltr'>τοὺς</span> <span class='ocrx_word' id='word_1_131' title='bbox 343 1237 540 1291; x_wconf 78' lang='grc' dir='ltr'>ἑαυτοῦ</span> <span class='ocrx_word' id='word_1_132' title='bbox 584 1240 802 1305; x_wconf 81' lang='grc' dir='ltr'>δούλους</span> <span class='ocrx_word' id='word_1_133' title='bbox 826 1245 1117 1298; x_wconf 83' lang='grc' dir='ltr'>ἐπαίδευσε</span> <span class='ocrx_word' id='word_1_134' title='bbox 1146 1248 1214 1311; x_wconf 86' lang='grc'><strong>³³,</strong></span> <span class='ocrx_word' id='word_1_135' title='bbox 1252 1248 1346 1300; x_wconf 77' lang='grc' dir='ltr'><strong>καὶ</strong></span> <span class='ocrx_word' id='word_1_136' title='bbox 1379 1250 1519 1303; x_wconf 85' lang='grc' dir='ltr'>κατὰ</span> <span class='ocrx_word' id='word_1_137' title='bbox 1535 1251 1593 1303; x_wconf 82' lang='grc' dir='ltr'><strong>τὸ</strong></span> <span class='ocrx_word' id='word_1_138' title='bbox 1628 1251 1767 1319; x_wconf 75' lang='grc' dir='ltr'>πλῆο</span> 
     </span>
    </p>
   </div>
   <div class='ocr_carea' id='block_1_19' title="bbox 1769 1236 3435 1324">
    <p class='ocr_par' dir='ltr' id='par_1_19' title="bbox 1864 1251 3435 1324">
     <span class='ocr_line' id='line_1_19' title="bbox 1864 1251 3435 1324; baseline 0.001 -18"><span class='ocrx_word' id='word_1_139' title='bbox 1864 1268 1997 1307; x_wconf 87' lang='lat' dir='ltr'><strong>sane</strong></span> <span class='ocrx_word' id='word_1_140' title='bbox 2032 1251 2098 1305; x_wconf 92' lang='lat' dir='ltr'><strong>ad</strong></span> <span class='ocrx_word' id='word_1_141' title='bbox 2148 1251 2535 1305; x_wconf 86' lang='lat' dir='ltr'><strong>instaurandas</strong></span> <span class='ocrx_word' id='word_1_142' title='bbox 2595 1252 2863 1305; x_wconf 85' lang='lat' dir='ltr'><strong>ecclesias</strong></span> <span class='ocrx_word' id='word_1_143' title='bbox 2922 1251 3181 1307; x_wconf 91' lang='lat' dir='ltr'><strong>diuturna</strong></span> <span class='ocrx_word' id='word_1_144' title='bbox 3242 1270 3435 1324; x_wconf 88' lang='lat' dir='ltr'><strong>opera,</strong></span> 
     </span>
    </p>
   </div>
   <div class='ocr_carea' id='block_1_20' title="bbox 182 1320 1848 1415">
    <p class='ocr_par' dir='ltr' id='par_1_20' title="bbox 182 1320 1821 1405">
     <span class='ocr_line' id='line_1_20' title="bbox 182 1320 1821 1405; baseline 0.013 -33"><span class='ocrx_word' id='word_1_145' title='bbox 182 1320 272 1384; x_wconf 84' lang='grc' dir='ltr'><strong>θος</strong></span> <span class='ocrx_word' id='word_1_146' title='bbox 303 1324 417 1377; x_wconf 86' lang='grc' dir='ltr'><strong>τῶν</strong></span> <span class='ocrx_word' id='word_1_147' title='bbox 444 1328 743 1397; x_wconf 71' lang='grc' dir='ltr'>οἰκτιρμῶν</span> <span class='ocrx_word' id='word_1_148' title='bbox 791 1332 959 1385; x_wconf 77' lang='grc' dir='ltr'>αὑτοῦ</span> <span class='ocrx_word' id='word_1_149' title='bbox 1004 1333 1165 1386; x_wconf 86' lang='grc' dir='ltr'>πάλιν</span> <span class='ocrx_word' id='word_1_150' title='bbox 1206 1333 1471 1403; x_wconf 76' lang='grc' dir='ltr'>ἐξήγαγεν</span> <span class='ocrx_word' id='word_1_151' title='bbox 1507 1338 1654 1405; x_wconf 82' lang='grc' dir='ltr'>ἡμᾶς</span> <span class='ocrx_word' id='word_1_152' title='bbox 1687 1339 1766 1398; x_wconf 73' lang='grc' dir='ltr'>εὶς</span> <span class='ocrx_word' id='word_1_153' title='bbox 1801 1367 1821 1393; x_wconf 71' lang='grc' dir='ltr'>ι</span> 
     </span>
    </p>
   </div>
   <div class='ocr_carea' id='block_1_21' title="bbox 1773 1320 3439 1415">
    <p class='ocr_par' dir='ltr' id='par_1_21' title="bbox 1801 1320 3439 1415">
     <span class='ocr_line' id='line_1_21' title="bbox 1801 1320 3439 1415; baseline 0.005 -21"><span class='ocrx_word' id='word_1_154' title='bbox 1801 1367 1821 1393; x_wconf 71' lang='grc' dir='ltr'><strong>ο</strong></span> <span class='ocrx_word' id='word_1_155' title='bbox 1864 1346 2135 1415; x_wconf 72' lang='lat' dir='ltr'><strong>longoque</strong></span> <span class='ocrx_word' id='word_1_156' title='bbox 2169 1354 2411 1413; x_wconf 87' lang='lat' dir='ltr'><strong>tempore</strong></span> <span class='ocrx_word' id='word_1_157' title='bbox 2453 1354 2505 1397; x_wconf 88' lang='lat' dir='ltr'><strong>et</strong></span> <span class='ocrx_word' id='word_1_158' title='bbox 2544 1346 2731 1400; x_wconf 86' lang='lat' dir='ltr'><strong>labore</strong></span> <span class='ocrx_word' id='word_1_159' title='bbox 2784 1360 2923 1413; x_wconf 81' lang='lat' dir='ltr'><strong>Opus</strong></span> <span class='ocrx_word' id='word_1_160' title='bbox 2952 1354 3092 1410; x_wconf 86' lang='lat' dir='ltr'><strong>erat,</strong></span> <span class='ocrx_word' id='word_1_161' title='bbox 3132 1356 3188 1400; x_wconf 88' lang='lat' dir='ltr'><strong>ut</strong></span> <span class='ocrx_word' id='word_1_162' title='bbox 3239 1320 3439 1414; x_wconf 82' lang='lat' dir='ltr'><strong>corpus</strong></span> 
     </span>
    </p>
   </div>
   <div class='ocr_carea' id='block_1_22' title="bbox 180 1411 1846 1505">
    <p class='ocr_par' dir='ltr' id='par_1_22' title="bbox 180 1411 1765 1505">
     <span class='ocr_line' id='line_1_22' title="bbox 180 1411 1765 1505; baseline 0.011 -42"><span class='ocrx_word' id='word_1_163' title='bbox 180 1411 489 1505; x_wconf 68' lang='grc' dir='ltr'>ἀναψυχήν.</span> <span class='ocrx_word' id='word_1_164' title='bbox 549 1418 711 1487; x_wconf 78' lang='grc' dir='ltr'>Ἡμῖν</span> <span class='ocrx_word' id='word_1_165' title='bbox 761 1420 818 1472; x_wconf 82' lang='grc' dir='ltr'><strong>δὲ</strong></span> <span class='ocrx_word' id='word_1_166' title='bbox 854 1425 1069 1493; x_wconf 82' lang='grc' dir='ltr'>μακρᾶς</span> <span class='ocrx_word' id='word_1_167' title='bbox 1111 1424 1209 1493; x_wconf 82' lang='grc' dir='ltr'>μὲν</span> <span class='ocrx_word' id='word_1_168' title='bbox 1244 1426 1349 1478; x_wconf 75' lang='grc' dir='ltr'>ἔδει</span> <span class='ocrx_word' id='word_1_169' title='bbox 1402 1426 1616 1496; x_wconf 81' lang='grc' dir='ltr'>σχολῆς,</span> <span class='ocrx_word' id='word_1_170' title='bbox 1673 1429 1765 1480; x_wconf 77' lang='grc' dir='ltr'><strong>καὶ</strong></span> 
     </span>
    </p>
   </div>
   <div class='ocr_carea' id='block_1_23' title="bbox 1771 1411 3437 1505">
    <p class='ocr_par' dir='ltr' id='par_1_23' title="bbox 1866 1436 3437 1505">
     <span class='ocr_line' id='line_1_23' title="bbox 1866 1436 3437 1505; baseline 0.003 -18"><span class='ocrx_word' id='word_1_171' title='bbox 1866 1436 2121 1491; x_wconf 73' lang='lat' dir='ltr'><strong>Ecclesiae</strong></span> <span class='ocrx_word' id='word_1_172' title='bbox 2152 1446 2410 1505; x_wconf 89' lang='lat' dir='ltr'><strong>tanquam</strong></span> <span class='ocrx_word' id='word_1_173' title='bbox 2438 1452 2502 1490; x_wconf 84' lang='lat' dir='ltr'><strong>ex</strong></span> <span class='ocrx_word' id='word_1_174' title='bbox 2523 1437 2787 1491; x_wconf 90' lang='lat' dir='ltr'><strong>diuturno</strong></span> <span class='ocrx_word' id='word_1_175' title='bbox 2817 1438 3010 1490; x_wconf 92' lang='lat' dir='ltr'><strong>morbo</strong></span> <span class='ocrx_word' id='word_1_176' title='bbox 3037 1438 3200 1493; x_wconf 85' lang='lat' dir='ltr'><strong>lentis</strong></span> <span class='ocrx_word' id='word_1_177' title='bbox 3232 1439 3437 1493; x_wconf 86' lang='lat' dir='ltr'><strong>sensim</strong></span> 
     </span>
    </p>
   </div>
   <div class='ocr_carea' id='block_1_24' title="bbox 178 1504 1844 1598">
    <p class='ocr_par' dir='ltr' id='par_1_24' title="bbox 178 1504 1764 1588">
     <span class='ocr_line' id='line_1_24' title="bbox 178 1504 1764 1588; baseline 0.008 -33"><span class='ocrx_word' id='word_1_178' title='bbox 178 1504 379 1557; x_wconf 60' lang='grc' dir='ltr'>*πολλοῦ</span> <span class='ocrx_word' id='word_1_179' title='bbox 405 1508 597 1577; x_wconf 86' lang='grc' dir='ltr'>χρόνου</span> <span class='ocrx_word' id='word_1_180' title='bbox 646 1511 741 1564; x_wconf 76' lang='grc' dir='ltr'><strong>καὶ</strong></span> <span class='ocrx_word' id='word_1_181' title='bbox 772 1512 956 1577; x_wconf 86' lang='grc' dir='ltr'>πόνου,</span> <span class='ocrx_word' id='word_1_182' title='bbox 998 1514 1135 1585; x_wconf 84' lang='grc' dir='ltr'>πρὸς</span> <span class='ocrx_word' id='word_1_183' title='bbox 1163 1516 1260 1586; x_wconf 82' lang='grc' dir='ltr'>τὴν</span> <span class='ocrx_word' id='word_1_184' title='bbox 1290 1517 1398 1570; x_wconf 71' lang='grc' dir='ltr'><strong>τῶν</strong></span> <span class='ocrx_word' id='word_1_185' title='bbox 1432 1518 1764 1588; x_wconf 83' lang='grc' dir='ltr'>Ἐκκλησιῶν</span> 
     </span>
    </p>
   </div>
   <div class='ocr_carea' id='block_1_25' title="bbox 1774 1504 3440 1598">
    <p class='ocr_par' dir='ltr' id='par_1_25' title="bbox 1864 1528 3440 1598">
     <span class='ocr_line' id='line_1_25' title="bbox 1864 1528 3440 1598; baseline 0 -17"><span class='ocrx_word' id='word_1_186' title='bbox 1864 1530 2241 1583; x_wconf 80' lang='lat' dir='ltr'><strong>curationibus</strong></span> <span class='ocrx_word' id='word_1_187' title='bbox 2275 1536 2613 1591; x_wconf 88' lang='lat' dir='ltr'><strong>recreautes,</strong></span> <span class='ocrx_word' id='word_1_188' title='bbox 2648 1528 2713 1582; x_wconf 90' lang='lat' dir='ltr'><strong>ad</strong></span> <span class='ocrx_word' id='word_1_189' title='bbox 2737 1528 3023 1597; x_wconf 81' lang='lat' dir='ltr'><strong>pristinam</strong></span> <span class='ocrx_word' id='word_1_190' title='bbox 3050 1528 3268 1598; x_wconf 86' lang='lat' dir='ltr'><strong>pietatis</strong></span> <span class='ocrx_word' id='word_1_191' title='bbox 3293 1530 3440 1583; x_wconf 85' lang='lat' dir='ltr'><strong>sani-</strong></span> 
     </span>
    </p>
   </div>
   <div class='ocr_carea' id='block_1_26' title="bbox 176 1596 1842 1689">
    <p class='ocr_par' dir='ltr' id='par_1_26' title="bbox 176 1596 1764 1689">
     <span class='ocr_line' id='line_1_26' title="bbox 176 1596 1764 1689; baseline 0.011 -44"><span class='ocrx_word' id='word_1_192' title='bbox 176 1596 577 1689; x_wconf 81' lang='grc' dir='ltr'>ὲπανόρθωσιν,</span> <span class='ocrx_word' id='word_1_193' title='bbox 609 1602 675 1654; x_wconf 76' lang='grc' dir='ltr'><strong>ἶν’</strong></span> <span class='ocrx_word' id='word_1_194' title='bbox 712 1600 903 1675; x_wconf 76' lang='grc' dir='ltr'>ὥσπερ</span> <span class='ocrx_word' id='word_1_195' title='bbox 933 1607 995 1657; x_wconf 87' lang='grc' dir='ltr'><strong>ἐκ</strong></span> <span class='ocrx_word' id='word_1_196' title='bbox 1034 1610 1250 1677; x_wconf 85' lang='grc' dir='ltr'>μακρᾶς</span> <span class='ocrx_word' id='word_1_197' title='bbox 1274 1611 1610 1680; x_wconf 76' lang='grc' dir='ltr'>ἀρρωστίας,</span> <span class='ocrx_word' id='word_1_198' title='bbox 1644 1614 1764 1673; x_wconf 81' lang='grc' dir='ltr'>ταῖς</span> 
     </span>
    </p>
   </div>
   <div class='ocr_carea' id='block_1_27' title="bbox 1768 1596 3434 1689">
    <p class='ocr_par' dir='ltr' id='par_1_27' title="bbox 1865 1620 3434 1689">
     <span class='ocr_line' id='line_1_27' title="bbox 1865 1620 3434 1689; baseline -0.001 -14"><span class='ocrx_word' id='word_1_199' title='bbox 1865 1630 2025 1675; x_wconf 88' lang='lat' dir='ltr'><strong>tatem</strong></span> <span class='ocrx_word' id='word_1_200' title='bbox 2046 1635 2450 1675; x_wconf 85' lang='lat' dir='ltr'><strong>revocaremus.</strong></span> <span class='ocrx_word' id='word_1_201' title='bbox 2475 1620 2741 1685; x_wconf 78' lang='lat' dir='ltr'><strong>Quamvis</strong></span> <span class='ocrx_word' id='word_1_202' title='bbox 2776 1620 2920 1673; x_wconf 91' lang='lat' dir='ltr'><strong>enim</strong></span> <span class='ocrx_word' id='word_1_203' title='bbox 2988 1620 3434 1689; x_wconf 88' lang='lat' dir='ltr'><strong>persecutionum</strong></span> 
     </span>
    </p>
   </div>
   <div class='ocr_carea' id='block_1_28' title="bbox 175 1687 1841 1782">
    <p class='ocr_par' dir='ltr' id='par_1_28' title="bbox 175 1687 1763 1782">
     <span class='ocr_line' id='line_1_28' title="bbox 175 1687 1763 1782; baseline 0.014 -44"><span class='ocrx_word' id='word_1_204' title='bbox 175 1687 319 1782; x_wconf 76' lang='grc' dir='ltr'>κατὰ</span> <span class='ocrx_word' id='word_1_205' title='bbox 367 1692 565 1782; x_wconf 73' lang='grc' dir='ltr'>μικρὸν</span> <span class='ocrx_word' id='word_1_206' title='bbox 603 1694 944 1764; x_wconf 79' lang='grc' dir='ltr'>ἐπιμελείαις</span> <span class='ocrx_word' id='word_1_207' title='bbox 997 1700 1058 1751; x_wconf 87' lang='grc' dir='ltr'><strong>τὸ</strong></span> <span class='ocrx_word' id='word_1_208' title='bbox 1102 1700 1259 1769; x_wconf 83' lang='grc' dir='ltr'>σῶμα</span> <span class='ocrx_word' id='word_1_209' title='bbox 1296 1702 1396 1771; x_wconf 81' lang='grc' dir='ltr'>τῆς</span> <span class='ocrx_word' id='word_1_210' title='bbox 1441 1703 1763 1772; x_wconf 79' lang='grc' dir='ltr'>Ἐκκλησίας</span> 
     </span>
    </p>
   </div>
   <div class='ocr_carea' id='block_1_29' title="bbox 1759 1687 3425 1782">
    <p class='ocr_par' dir='ltr' id='par_1_29' title="bbox 1759 1711 3425 1782">
     <span class='ocr_line' id='line_1_29' title="bbox 1759 1711 3425 1782; baseline 0.002 -23"><span class='ocrx_word' id='word_1_211' title='bbox 1759 1722 1763 1759; x_wconf 74' lang='grc' dir='ltr'><em>τ</em></span> <span class='ocrx_word' id='word_1_212' title='bbox 1864 1713 2158 1782; x_wconf 87' lang='lat' dir='ltr'><strong>asperitate</strong></span> <span class='ocrx_word' id='word_1_213' title='bbox 2212 1711 2427 1764; x_wconf 87' lang='lat' dir='ltr'><strong>liberati</strong></span> <span class='ocrx_word' id='word_1_214' title='bbox 2463 1711 2700 1764; x_wconf 78' lang='lat' dir='ltr'><strong>maxime</strong></span> <span class='ocrx_word' id='word_1_215' title='bbox 2742 1711 3014 1771; x_wconf 88' lang='lat' dir='ltr'><strong>videmur,</strong></span> <span class='ocrx_word' id='word_1_216' title='bbox 3072 1718 3126 1765; x_wconf 88' lang='lat' dir='ltr'><strong>et</strong></span> <span class='ocrx_word' id='word_1_217' title='bbox 3159 1711 3425 1766; x_wconf 85' lang='lat' dir='ltr'><strong>ecclesias</strong></span> 
     </span>
    </p>
   </div>
   <div class='ocr_carea' id='block_1_30' title="bbox 172 1776 1838 1870">
    <p class='ocr_par' dir='ltr' id='par_1_30' title="bbox 172 1776 1761 1870">
     <span class='ocr_line' id='line_1_30' title="bbox 172 1776 1761 1870; baseline 0.013 -42"><span class='ocrx_word' id='word_1_218' title='bbox 172 1776 646 1870; x_wconf 75' lang='grc' dir='ltr'>ἐκνοσηλεύοντες,</span> <span class='ocrx_word' id='word_1_219' title='bbox 709 1786 846 1856; x_wconf 83' lang='grc' dir='ltr'>πρὸς</span> <span class='ocrx_word' id='word_1_220' title='bbox 903 1786 1000 1857; x_wconf 82' lang='grc' dir='ltr'><strong>τὴν</strong></span> <span class='ocrx_word' id='word_1_221' title='bbox 1045 1791 1275 1859; x_wconf 84' lang='grc' dir='ltr'>ἀρχαίαν</span> <span class='ocrx_word' id='word_1_222' title='bbox 1325 1793 1424 1861; x_wconf 83' lang='grc' dir='ltr'>τῆς</span> <span class='ocrx_word' id='word_1_223' title='bbox 1479 1795 1761 1857; x_wconf 74' lang='grc' dir='ltr'>εὐσεϐείας</span> 
     </span>
    </p>
   </div>
   <div class='ocr_carea' id='block_1_31' title="bbox 1770 1776 3436 1870">
    <p class='ocr_par' dir='ltr' id='par_1_31' title="bbox 1863 1800 3436 1870">
     <span class='ocr_line' id='line_1_31' title="bbox 1863 1800 3436 1870; baseline -0.003 -16"><span class='ocrx_word' id='word_1_224' title='bbox 1863 1817 2053 1855; x_wconf 87' lang='lat' dir='ltr'><strong>omnes</strong></span> <span class='ocrx_word' id='word_1_225' title='bbox 2087 1802 2175 1854; x_wconf 90' lang='lat' dir='ltr'><strong>diu</strong></span> <span class='ocrx_word' id='word_1_226' title='bbox 2204 1800 2272 1853; x_wconf 88' lang='lat' dir='ltr'><strong>ab</strong></span> <span class='ocrx_word' id='word_1_227' title='bbox 2307 1800 2580 1854; x_wconf 66' lang='lat' dir='ltr'><strong>haereticis</strong></span> <span class='ocrx_word' id='word_1_228' title='bbox 2627 1807 2923 1869; x_wconf 87' lang='lat' dir='ltr'><strong>occupatas</strong></span> <span class='ocrx_word' id='word_1_229' title='bbox 2956 1801 3200 1870; x_wconf 81' lang='lat' dir='ltr'><strong>recipere</strong></span> <span class='ocrx_word' id='word_1_230' title='bbox 3239 1817 3252 1854; x_wconf 91' lang='lat'><strong>:</strong></span> <span class='ocrx_word' id='word_1_231' title='bbox 3296 1807 3436 1852; x_wconf 82' lang='lat' dir='ltr'><strong>atta-</strong></span> 
     </span>
    </p>
   </div>
   <div class='ocr_carea' id='block_1_32' title="bbox 174 1867 1840 1961">
    <p class='ocr_par' dir='ltr' id='par_1_32' title="bbox 174 1867 1833 1961">
     <span class='ocr_line' id='line_1_32' title="bbox 174 1867 1833 1961; baseline 0.013 -43"><span class='ocrx_word' id='word_1_232' title='bbox 174 1867 392 1961; x_wconf 70' lang='grc' dir='ltr'>ὑγίειαν</span> <span class='ocrx_word' id='word_1_233' title='bbox 440 1873 900 1946; x_wconf 83' lang='grc' dir='ltr'>ἐπαναγάγωμεν.</span> <span class='ocrx_word' id='word_1_234' title='bbox 938 1880 1047 1932; x_wconf 81' lang='grc' dir='ltr'>Καὶ</span> <span class='ocrx_word' id='word_1_235' title='bbox 1072 1882 1181 1951; x_wconf 85' lang='grc' dir='ltr'>γὰρ</span> <span class='ocrx_word' id='word_1_236' title='bbox 1208 1882 1254 1933; x_wconf 85' lang='grc' dir='ltr'><strong>εί</strong></span> <span class='ocrx_word' id='word_1_237' title='bbox 1290 1883 1355 1935; x_wconf 72' lang='grc' dir='ltr'>τὰ</span> <span class='ocrx_word' id='word_1_238' title='bbox 1391 1884 1624 1953; x_wconf 85' lang='grc' dir='ltr'>μάλιστα</span> <span class='ocrx_word' id='word_1_239' title='bbox 1670 1886 1758 1937; x_wconf 82' lang='grc' dir='ltr'>δο-</span> <span class='ocrx_word' id='word_1_240' title='bbox 1795 1871 1833 1925; x_wconf 70' lang='grc' dir='ltr'><strong>ῧ</strong></span> 
     </span>
    </p>
   </div>
   <div class='ocr_carea' id='block_1_33' title="bbox 1771 1867 3437 1961">
    <p class='ocr_par' dir='ltr' id='par_1_33' title="bbox 1795 1871 3437 1961">
     <span class='ocr_line' id='line_1_33' title="bbox 1795 1871 3437 1961; baseline 0.001 -16"><span class='ocrx_word' id='word_1_241' title='bbox 1795 1871 1833 1925; x_wconf 65' lang='grc' dir='ltr'><strong>θ</strong></span> <span class='ocrx_word' id='word_1_242' title='bbox 1868 1909 1989 1947; x_wconf 90' lang='lat' dir='ltr'><strong>men</strong></span> <span class='ocrx_word' id='word_1_243' title='bbox 2017 1892 2235 1947; x_wconf 85' lang='lat' dir='ltr'><strong>molesti</strong></span> <span class='ocrx_word' id='word_1_244' title='bbox 2266 1891 2424 1945; x_wconf 88' lang='lat' dir='ltr'><strong>nobis</strong></span> <span class='ocrx_word' id='word_1_245' title='bbox 2453 1892 2733 1961; x_wconf 87' lang='lat' dir='ltr'><strong>suntlupi,</strong></span> <span class='ocrx_word' id='word_1_246' title='bbox 2762 1893 2854 1960; x_wconf 89' lang='lat' dir='ltr'><strong>qui</strong></span> <span class='ocrx_word' id='word_1_247' title='bbox 2874 1892 3087 1946; x_wconf 88' lang='lat' dir='ltr'><strong>etiamsi</strong></span> <span class='ocrx_word' id='word_1_248' title='bbox 3109 1892 3177 1945; x_wconf 87' lang='lat' dir='ltr'><strong>ab</strong></span> <span class='ocrx_word' id='word_1_249' title='bbox 3197 1892 3437 1946; x_wconf 86' lang='lat' dir='ltr'><strong>ovilibus</strong></span> 
     </span>
    </p>
   </div>
   <div class='ocr_carea' id='block_1_34' title="bbox 174 1958 1840 2053">
    <p class='ocr_par' dir='ltr' id='par_1_34' title="bbox 174 1958 1753 2053">
     <span class='ocr_line' id='line_1_34' title="bbox 174 1958 1753 2053; baseline 0.012 -43"><span class='ocrx_word' id='word_1_250' title='bbox 174 1958 387 2053; x_wconf 69' lang='grc' dir='ltr'>κούμεν</span> <span class='ocrx_word' id='word_1_251' title='bbox 416 1963 516 2031; x_wconf 83' lang='grc' dir='ltr'>τῆς</span> <span class='ocrx_word' id='word_1_252' title='bbox 552 1964 660 2017; x_wconf 86' lang='grc' dir='ltr'><strong>τῶν</strong></span> <span class='ocrx_word' id='word_1_253' title='bbox 699 1966 958 2036; x_wconf 84' lang='grc' dir='ltr'>διωγμῶν</span> <span class='ocrx_word' id='word_1_254' title='bbox 992 1970 1336 2042; x_wconf 82' lang='grc' dir='ltr'>ἀπηλλάχθαι</span> <span class='ocrx_word' id='word_1_255' title='bbox 1375 1975 1753 2045; x_wconf 78' lang='grc' dir='ltr'>σφοδρότητος,</span> 
     </span>
    </p>
   </div>
   <div class='ocr_carea' id='block_1_35' title="bbox 1768 1958 3434 2053">
    <p class='ocr_par' dir='ltr' id='par_1_35' title="bbox 1863 1958 3434 2053">
     <span class='ocr_line' id='line_1_35' title="bbox 1863 1958 3434 2053; baseline -0.001 -16"><span class='ocrx_word' id='word_1_256' title='bbox 1863 1984 2022 2053; x_wconf 86' lang='lat' dir='ltr'><strong>ejecti</strong></span> <span class='ocrx_word' id='word_1_257' title='bbox 2055 1991 2201 2046; x_wconf 89' lang='lat' dir='ltr'><strong>sunt,</strong></span> <span class='ocrx_word' id='word_1_258' title='bbox 2240 1983 2421 2036; x_wconf 90' lang='lat' dir='ltr'><strong>ovium</strong></span> <span class='ocrx_word' id='word_1_259' title='bbox 2456 1958 2736 2052; x_wconf 36' lang='lat' dir='ltr'><strong>greges-in</strong></span> <span class='ocrx_word' id='word_1_260' title='bbox 2770 1958 2940 2053; x_wconf 78' lang='lat' dir='ltr'><strong>sylvis</strong></span> <span class='ocrx_word' id='word_1_261' title='bbox 2974 1981 3264 2051; x_wconf 89' lang='lat' dir='ltr'><strong>diripiunt,</strong></span> <span class='ocrx_word' id='word_1_262' title='bbox 3300 1997 3434 2036; x_wconf 84' lang='lat' dir='ltr'><strong>con-</strong></span> 
     </span>
    </p>
   </div>
   <div class='ocr_carea' id='block_1_36' title="bbox 184 2052 1850 2144">
    <p class='ocr_par' dir='ltr' id='par_1_36' title="bbox 184 2052 1757 2136">
     <span class='ocr_line' id='line_1_36' title="bbox 184 2052 1757 2136; baseline 0.011 -34"><span class='ocrx_word' id='word_1_263' title='bbox 184 2052 283 2103; x_wconf 83' lang='grc' dir='ltr'>καὶ</span> <span class='ocrx_word' id='word_1_264' title='bbox 329 2054 431 2116; x_wconf 74' lang='grc' dir='ltr'>τὰς</span> <span class='ocrx_word' id='word_1_265' title='bbox 469 2055 763 2126; x_wconf 77' lang='grc' dir='ltr'>ἐκκλησίας</span> <span class='ocrx_word' id='word_1_266' title='bbox 823 2060 1050 2131; x_wconf 89' lang='grc' dir='ltr'>χρονίως</span> <span class='ocrx_word' id='word_1_267' title='bbox 1100 2064 1252 2133; x_wconf 84' lang='grc' dir='ltr'>παρὰ</span> <span class='ocrx_word' id='word_1_268' title='bbox 1302 2064 1411 2118; x_wconf 82' lang='grc' dir='ltr'>τῶν</span> <span class='ocrx_word' id='word_1_269' title='bbox 1468 2067 1757 2136; x_wconf 85' lang='grc' dir='ltr'>αίρετικῶν</span> 
     </span>
    </p>
   </div>
   <div class='ocr_carea' id='block_1_37' title="bbox 1772 2052 3438 2144">
    <p class='ocr_par' dir='ltr' id='par_1_37' title="bbox 1865 2074 3438 2144">
     <span class='ocr_line' id='line_1_37' title="bbox 1865 2074 3438 2144; baseline 0.001 -16"><span class='ocrx_word' id='word_1_270' title='bbox 1865 2076 2068 2130; x_wconf 89' lang='lat' dir='ltr'><strong>trarios</strong></span> <span class='ocrx_word' id='word_1_271' title='bbox 2126 2083 2432 2130; x_wconf 90' lang='lat' dir='ltr'><strong>conventus</strong></span> <span class='ocrx_word' id='word_1_272' title='bbox 2494 2083 2684 2144; x_wconf 79' lang='lat' dir='ltr'><strong>agunt,</strong></span> <span class='ocrx_word' id='word_1_273' title='bbox 2748 2076 3073 2143; x_wconf 90' lang='lat' dir='ltr'><strong>populorum</strong></span> <span class='ocrx_word' id='word_1_274' title='bbox 3140 2074 3438 2129; x_wconf 82' lang='lat' dir='ltr'><strong>seditiones</strong></span> 
     </span>
    </p>
   </div>
   <div class='ocr_carea' id='block_1_38' title="bbox 170 2145 1836 2234">
    <p class='ocr_par' dir='ltr' id='par_1_38' title="bbox 170 2145 1756 2234">
     <span class='ocr_line' id='line_1_38' title="bbox 170 2145 1756 2234; baseline 0.013 -40"><span class='ocrx_word' id='word_1_275' title='bbox 170 2145 603 2234; x_wconf 76' lang='grc' dir='ltr'>κατασχεθείσας</span> <span class='ocrx_word' id='word_1_276' title='bbox 647 2150 852 2219; x_wconf 81' lang='grc' dir='ltr'>ἀρτίως</span> <span class='ocrx_word' id='word_1_277' title='bbox 912 2154 1359 2225; x_wconf 79' lang='grc' dir='ltr'>ἀνακομίζεσθαι,</span> <span class='ocrx_word' id='word_1_278' title='bbox 1408 2159 1547 2229; x_wconf 79' lang='grc' dir='ltr'>πλὴν</span> <span class='ocrx_word' id='word_1_279' title='bbox 1621 2160 1756 2214; x_wconf 72' lang='grc' dir='ltr'>ἀλλὰ</span> 
     </span>
    </p>
   </div>
   <div class='ocr_carea' id='block_1_39' title="bbox 1772 2145 3438 2234">
    <p class='ocr_par' dir='ltr' id='par_1_39' title="bbox 1862 2164 3438 2234">
     <span class='ocr_line' id='line_1_39' title="bbox 1862 2164 3438 2234; baseline 0.001 -15"><span class='ocrx_word' id='word_1_280' title='bbox 1862 2166 2188 2231; x_wconf 87' lang='lat' dir='ltr'><strong>concitant,</strong></span> <span class='ocrx_word' id='word_1_281' title='bbox 2241 2167 2378 2220; x_wconf 84' lang='lat' dir='ltr'><strong>nihil</strong></span> <span class='ocrx_word' id='word_1_282' title='bbox 2436 2164 2674 2233; x_wconf 88' lang='lat' dir='ltr'><strong>denique</strong></span> <span class='ocrx_word' id='word_1_283' title='bbox 2724 2166 2867 2234; x_wconf 81' lang='lat' dir='ltr'><strong>quod</strong></span> <span class='ocrx_word' id='word_1_284' title='bbox 2921 2166 3180 2220; x_wconf 83' lang='lat' dir='ltr'><strong>Ecclesiis</strong></span> <span class='ocrx_word' id='word_1_285' title='bbox 3242 2180 3438 2220; x_wconf 80' lang='lat' dir='ltr'><strong>nocere</strong></span> 
     </span>
    </p>
   </div>
   <div class='ocr_carea' id='block_1_40' title="bbox 170 2232 1836 2329">
    <p class='ocr_par' dir='ltr' id='par_1_40' title="bbox 170 2232 1755 2321">
     <span class='ocr_line' id='line_1_40' title="bbox 170 2232 1755 2321; baseline 0.023 -38"><span class='ocrx_word' id='word_1_286' title='bbox 170 2232 367 2303; x_wconf 84' lang='grc' dir='ltr'>βαρεῖς</span> <span class='ocrx_word' id='word_1_287' title='bbox 391 2237 521 2306; x_wconf 83' lang='grc' dir='ltr'>ἡμῖν</span> <span class='ocrx_word' id='word_1_288' title='bbox 550 2238 723 2306; x_wconf 83' lang='grc' dir='ltr'>λύκοι,</span> <span class='ocrx_word' id='word_1_289' title='bbox 752 2244 846 2297; x_wconf 78' lang='grc' dir='ltr'><strong>καὶ</strong></span> <span class='ocrx_word' id='word_1_290' title='bbox 872 2245 1008 2313; x_wconf 86' lang='grc' dir='ltr'>μετὰ</span> <span class='ocrx_word' id='word_1_291' title='bbox 1028 2246 1088 2299; x_wconf 83' lang='grc' dir='ltr'><strong>τὸ</strong></span> <span class='ocrx_word' id='word_1_292' title='bbox 1112 2248 1212 2316; x_wconf 83' lang='grc' dir='ltr'>τῆς</span> <span class='ocrx_word' id='word_1_293' title='bbox 1244 2248 1486 2320; x_wconf 80' lang='grc' dir='ltr'>μάνδραις</span> <span class='ocrx_word' id='word_1_294' title='bbox 1518 2251 1755 2321; x_wconf 65' lang='grc' dir='ltr'>ἐξωσθῆ·</span> 
     </span>
    </p>
   </div>
   <div class='ocr_carea' id='block_1_41' title="bbox 1770 2232 3436 2329">
    <p class='ocr_par' dir='ltr' id='par_1_41' title="bbox 1862 2256 3436 2329">
     <span class='ocr_line' id='line_1_41' title="bbox 1862 2256 3436 2329; baseline 0.001 -17"><span class='ocrx_word' id='word_1_295' title='bbox 1862 2266 2027 2328; x_wconf 88' lang='lat' dir='ltr'><strong>queat</strong></span> <span class='ocrx_word' id='word_1_296' title='bbox 2086 2258 2528 2329; x_wconf 71' lang='lat' dir='ltr'><strong>pnetermittnnt.</strong></span> <span class='ocrx_word' id='word_1_297' title='bbox 2567 2256 2749 2322; x_wconf 84' lang='lat' dir='ltr'><strong>Quare</strong></span> <span class='ocrx_word' id='word_1_298' title='bbox 2791 2258 2843 2311; x_wconf 94' lang='lat' dir='ltr'><strong>in</strong></span> <span class='ocrx_word' id='word_1_299' title='bbox 2876 2258 2960 2311; x_wconf 92' lang='lat' dir='ltr'><strong>his</strong></span> <span class='ocrx_word' id='word_1_300' title='bbox 3003 2273 3233 2313; x_wconf 85' lang='lat' dir='ltr'><strong>necesse</strong></span> <span class='ocrx_word' id='word_1_301' title='bbox 3276 2260 3436 2313; x_wconf 82' lang='lat' dir='ltr'><strong>nobis</strong></span> 
     </span>
    </p>
   </div>
   <div class='ocr_carea' id='block_1_42' title="bbox 167 2329 1833 2418">
    <p class='ocr_par' dir='ltr' id='par_1_42' title="bbox 167 2329 1755 2411">
     <span class='ocr_line' id='line_1_42' title="bbox 167 2329 1755 2411; baseline 0.013 -35"><span class='ocrx_word' id='word_1_302' title='bbox 167 2342 285 2389; x_wconf 90' lang='grc' dir='ltr'>ναι,</span> <span class='ocrx_word' id='word_1_303' title='bbox 319 2329 463 2381; x_wconf 64' lang='grc' dir='ltr'>κατὰ</span> <span class='ocrx_word' id='word_1_304' title='bbox 492 2332 589 2393; x_wconf 83' lang='grc' dir='ltr'>τὰς</span> <span class='ocrx_word' id='word_1_305' title='bbox 621 2332 798 2396; x_wconf 86' lang='grc' dir='ltr'>νάπας</span> <span class='ocrx_word' id='word_1_306' title='bbox 837 2335 906 2389; x_wconf 84' lang='grc' dir='ltr'>τὰ</span> <span class='ocrx_word' id='word_1_307' title='bbox 940 2338 1167 2407; x_wconf 88' lang='grc' dir='ltr'>ποίμνια</span> <span class='ocrx_word' id='word_1_308' title='bbox 1198 2340 1609 2411; x_wconf 77' lang='grc' dir='ltr'>διαρπάζοντες,</span> <span class='ocrx_word' id='word_1_309' title='bbox 1658 2345 1755 2397; x_wconf 84' lang='grc' dir='ltr'>ἁν-</span> 
     </span>
    </p>
   </div>
   <div class='ocr_carea' id='block_1_43' title="bbox 1770 2329 3436 2418">
    <p class='ocr_par' dir='ltr' id='par_1_43' title="bbox 1861 2349 3436 2418">
     <span class='ocr_line' id='line_1_43' title="bbox 1861 2349 3436 2418; baseline 0 -14"><span class='ocrx_word' id='word_1_310' title='bbox 1861 2358 1998 2412; x_wconf 85' lang='lat' dir='ltr'><strong>erat,</strong></span> <span class='ocrx_word' id='word_1_311' title='bbox 2034 2358 2091 2402; x_wconf 90' lang='lat' dir='ltr'><strong>nt</strong></span> <span class='ocrx_word' id='word_1_312' title='bbox 2122 2350 2381 2409; x_wconf 71' lang='lat' dir='ltr'><strong>diximus,</strong></span> <span class='ocrx_word' id='word_1_313' title='bbox 2425 2349 2687 2417; x_wconf 76' lang='lat' dir='ltr'><strong>longioris</strong></span> <span class='ocrx_word' id='word_1_314' title='bbox 2721 2349 2983 2416; x_wconf 89' lang='lat' dir='ltr'><strong>temporis</strong></span> <span class='ocrx_word' id='word_1_315' title='bbox 3013 2364 3236 2418; x_wconf 85' lang='lat' dir='ltr'><strong>operam</strong></span> <span class='ocrx_word' id='word_1_316' title='bbox 3263 2351 3436 2404; x_wconf 85' lang='lat' dir='ltr'><strong>collo-</strong></span> 
     </span>
    </p>
   </div>
   <div class='ocr_carea' id='block_1_44' title="bbox 164 2422 1830 2510">
    <p class='ocr_par' dir='ltr' id='par_1_44' title="bbox 164 2422 1756 2502">
     <span class='ocr_line' id='line_1_44' title="bbox 164 2422 1756 2502; baseline 0.014 -30"><span class='ocrx_word' id='word_1_317' title='bbox 164 2422 477 2489; x_wconf 76' lang='grc' dir='ltr'>τισυνάεεις</span> <span class='ocrx_word' id='word_1_318' title='bbox 526 2426 854 2496; x_wconf 83' lang='grc' dir='ltr'>τολμῶντες,</span> <span class='ocrx_word' id='word_1_319' title='bbox 897 2432 1086 2502; x_wconf 88' lang='grc' dir='ltr'>δήμων</span> <span class='ocrx_word' id='word_1_320' title='bbox 1132 2436 1407 2502; x_wconf 79' lang='grc' dir='ltr'>κινοῦντες</span> <span class='ocrx_word' id='word_1_321' title='bbox 1455 2441 1756 2493; x_wconf 83' lang='grc' dir='ltr'>ἐπαναστά-</span> 
     </span>
    </p>
   </div>
   <div class='ocr_carea' id='block_1_45' title="bbox 1769 2422 3435 2510">
    <p class='ocr_par' dir='ltr' id='par_1_45' title="bbox 1863 2437 3435 2510">
     <span class='ocr_line' id='line_1_45' title="bbox 1863 2437 3435 2510; baseline -0.002 -15"><span class='ocrx_word' id='word_1_322' title='bbox 1863 2457 2009 2497; x_wconf 88' lang='lat' dir='ltr'><strong>care.</strong></span> <span class='ocrx_word' id='word_1_323' title='bbox 2043 2439 2199 2495; x_wconf 84' lang='lat' dir='ltr'><strong>Nunc</strong></span> <span class='ocrx_word' id='word_1_324' title='bbox 2254 2455 2407 2505; x_wconf 76' lang='lat' dir='ltr'><strong>vero,</strong></span> <span class='ocrx_word' id='word_1_325' title='bbox 2435 2451 2718 2509; x_wconf 88' lang='lat' dir='ltr'><strong>postquam</strong></span> <span class='ocrx_word' id='word_1_326' title='bbox 2783 2439 3052 2510; x_wconf 88' lang='lat' dir='ltr'><strong>synodum</strong></span> <span class='ocrx_word' id='word_1_327' title='bbox 3106 2437 3291 2492; x_wconf 74' lang='lat' dir='ltr'><strong>lloma:</strong></span> <span class='ocrx_word' id='word_1_328' title='bbox 3343 2438 3435 2492; x_wconf 86' lang='lat' dir='ltr'><strong>Dei</strong></span> 
     </span>
    </p>
   </div>
   <div class='ocr_carea' id='block_1_46' title="bbox 169 2515 1835 2609">
    <p class='ocr_par' dir='ltr' id='par_1_46' title="bbox 169 2515 1748 2603">
     <span class='ocr_line' id='line_1_46' title="bbox 169 2515 1748 2603; baseline 0.013 -39"><span class='ocrx_word' id='word_1_329' title='bbox 169 2530 311 2579; x_wconf 86' lang='grc' dir='ltr'>σεις,</span> <span class='ocrx_word' id='word_1_330' title='bbox 326 2515 611 2581; x_wconf 80' lang='grc' dir='ltr'>ὀκνοῦντες</span> <span class='ocrx_word' id='word_1_331' title='bbox 634 2519 786 2573; x_wconf 73' lang='grc' dir='ltr'>οὐδὲν</span> <span class='ocrx_word' id='word_1_332' title='bbox 810 2524 889 2585; x_wconf 85' lang='grc' dir='ltr'><strong>είς</strong></span> <span class='ocrx_word' id='word_1_333' title='bbox 918 2524 1017 2594; x_wconf 84' lang='grc' dir='ltr'><strong>τὴν</strong></span> <span class='ocrx_word' id='word_1_334' title='bbox 1036 2526 1141 2580; x_wconf 84' lang='grc' dir='ltr'><strong>τῶν</strong></span> <span class='ocrx_word' id='word_1_335' title='bbox 1161 2528 1498 2599; x_wconf 83' lang='grc' dir='ltr'>Ἐκκλησιῶν</span> <span class='ocrx_word' id='word_1_336' title='bbox 1526 2531 1748 2603; x_wconf 75' lang='grc' dir='ltr'>βλάϐην.</span> 
     </span>
    </p>
   </div>
   <div class='ocr_carea' id='block_1_47' title="bbox 1768 2515 3434 2609">
    <p class='ocr_par' dir='ltr' id='par_1_47' title="bbox 1862 2528 3434 2609">
     <span class='ocr_line' id='line_1_47' title="bbox 1862 2528 3434 2609; baseline -0.002 -25"><span class='ocrx_word' id='word_1_337' title='bbox 1862 2541 1995 2585; x_wconf 90' lang='lat' dir='ltr'><strong>nutu</strong></span> <span class='ocrx_word' id='word_1_338' title='bbox 2047 2540 2462 2602; x_wconf 80' lang='lat' dir='ltr'><strong>congregantes,</strong></span> <span class='ocrx_word' id='word_1_339' title='bbox 2502 2547 2603 2585; x_wconf 89' lang='lat' dir='ltr'><strong>nos</strong></span> <span class='ocrx_word' id='word_1_340' title='bbox 2655 2531 2818 2584; x_wconf 83' lang='lat' dir='ltr'><strong>etiam</strong></span> <span class='ocrx_word' id='word_1_341' title='bbox 2872 2545 2971 2609; x_wconf 73' lang='lat' dir='ltr'><strong>pro</strong></span> <span class='ocrx_word' id='word_1_342' title='bbox 3021 2528 3263 2584; x_wconf 82' lang='lat' dir='ltr'><strong>fraterna</strong></span> <span class='ocrx_word' id='word_1_343' title='bbox 3307 2544 3434 2598; x_wconf 78' lang='lat' dir='ltr'><strong>erga</strong></span> 
     </span>
    </p>
   </div>
   <div class='ocr_carea' id='block_1_48' title="bbox 166 2601 1832 2691">
    <p class='ocr_par' dir='ltr' id='par_1_48' title="bbox 166 2601 1752 2688">
     <span class='ocr_line' id='line_1_48' title="bbox 166 2601 1752 2688; baseline 0.013 -31"><span class='ocrx_word' id='word_1_344' title='bbox 166 2601 283 2658; x_wconf 86' lang='grc' dir='ltr'>Ἦν</span> <span class='ocrx_word' id='word_1_345' title='bbox 331 2608 429 2676; x_wconf 83' lang='grc' dir='ltr'>μὲν</span> <span class='ocrx_word' id='word_1_346' title='bbox 479 2605 572 2662; x_wconf 83' lang='grc' dir='ltr'>οὖν</span> <span class='ocrx_word' id='word_1_347' title='bbox 620 2612 758 2683; x_wconf 82' lang='grc' dir='ltr'>ὅπερ</span> <span class='ocrx_word' id='word_1_348' title='bbox 813 2616 1114 2686; x_wconf 76' lang='grc' dir='ltr'>εἰρήκαμεν</span> <span class='ocrx_word' id='word_1_349' title='bbox 1163 2620 1477 2688; x_wconf 83' lang='grc' dir='ltr'>ἀναγκαῖον,</span> <span class='ocrx_word' id='word_1_350' title='bbox 1533 2601 1752 2677; x_wconf 77' lang='grc' dir='ltr'>πλείονα</span> 
     </span>
    </p>
   </div>
   <div class='ocr_carea' id='block_1_49' title="bbox 1770 2601 3436 2691">
    <p class='ocr_par' dir='ltr' id='par_1_49' title="bbox 1861 2601 3436 2691">
     <span class='ocr_line' id='line_1_49' title="bbox 1861 2601 3436 2691; baseline -0.002 -14"><span class='ocrx_word' id='word_1_351' title='bbox 1861 2640 1960 2677; x_wconf 86' lang='lat' dir='ltr'><strong>nos</strong></span> <span class='ocrx_word' id='word_1_352' title='bbox 1991 2601 2259 2678; x_wconf 79' lang='lat' dir='ltr'><strong>charitate</strong></span> <span class='ocrx_word' id='word_1_353' title='bbox 2277 2630 2478 2688; x_wconf 86' lang='lat' dir='ltr'><strong>vestra,</strong></span> <span class='ocrx_word' id='word_1_354' title='bbox 2511 2631 2770 2691; x_wconf 86' lang='lat' dir='ltr'><strong>tanquam</strong></span> <span class='ocrx_word' id='word_1_355' title='bbox 2798 2602 3042 2675; x_wconf 73' lang='lat' dir='ltr'><strong>n&#39;tctnbra</strong></span> <span class='ocrx_word' id='word_1_356' title='bbox 3063 2621 3307 2690; x_wconf 90' lang='lat' dir='ltr'><strong>propria,</strong></span> <span class='ocrx_word' id='word_1_357' title='bbox 3340 2636 3436 2689; x_wconf 89' lang='lat' dir='ltr'><strong>per</strong></span> 
     </span>
    </p>
   </div>
   <div class='ocr_carea' id='block_1_50' title="bbox 170 2699 1836 2788">
    <p class='ocr_par' dir='ltr' id='par_1_50' title="bbox 170 2699 1751 2788">
     <span class='ocr_line' id='line_1_50' title="bbox 170 2699 1751 2788; baseline 0.014 -40"><span class='ocrx_word' id='word_1_358' title='bbox 170 2699 319 2767; x_wconf 75' lang='grc' dir='ltr'>ἡμᾶς</span> <span class='ocrx_word' id='word_1_359' title='bbox 371 2703 879 2774; x_wconf 81' lang='grc' dir='ltr'>προσασχοληθῆναι</span> <span class='ocrx_word' id='word_1_360' title='bbox 924 2711 1132 2777; x_wconf 84' lang='grc' dir='ltr'>χρόνον.</span> <span class='ocrx_word' id='word_1_361' title='bbox 1182 2712 1397 2785; x_wconf 63' lang='grc' dir='ltr'>Ἐπειδὴ</span> <span class='ocrx_word' id='word_1_362' title='bbox 1436 2716 1617 2784; x_wconf 80' lang='grc' dir='ltr'>μέντοι</span> <span class='ocrx_word' id='word_1_363' title='bbox 1653 2719 1751 2788; x_wconf 74' lang='grc' dir='ltr'>τὴν</span> 
     </span>
    </p>
   </div>
   <div class='ocr_carea' id='block_1_51' title="bbox 1768 2699 3434 2788">
    <p class='ocr_par' dir='ltr' id='par_1_51' title="bbox 1860 2712 3434 2785">
     <span class='ocr_line' id='line_1_51' title="bbox 1860 2712 3434 2785; baseline -0.004 -16"><span class='ocrx_word' id='word_1_364' title='bbox 1860 2713 2255 2785; x_wconf 78' lang='lat' dir='ltr'><strong>religiosissimi</strong></span> <span class='ocrx_word' id='word_1_365' title='bbox 2282 2714 2624 2783; x_wconf 85' lang='lat' dir='ltr'><strong>imperatoris</strong></span> <span class='ocrx_word' id='word_1_366' title='bbox 2660 2714 2869 2767; x_wconf 88' lang='lat' dir='ltr'><strong>litteras</strong></span> <span class='ocrx_word' id='word_1_367' title='bbox 2897 2712 3190 2771; x_wconf 85' lang='lat' dir='ltr'><strong>evocastis,</strong></span> <span class='ocrx_word' id='word_1_368' title='bbox 3216 2727 3284 2765; x_wconf 87' lang='lat' dir='ltr'><strong>ne</strong></span> <span class='ocrx_word' id='word_1_369' title='bbox 3308 2712 3434 2781; x_wconf 88' lang='lat' dir='ltr'><strong>quia</strong></span> 
     </span>
    </p>
   </div>
   <div class='ocr_carea' id='block_1_52' title="bbox 167 2788 1833 2873">
    <p class='ocr_par' dir='ltr' id='par_1_52' title="bbox 167 2788 1751 2873">
     <span class='ocr_line' id='line_1_52' title="bbox 167 2788 1751 2873; baseline 0.014 -34"><span class='ocrx_word' id='word_1_370' title='bbox 167 2788 464 2860; x_wconf 74' lang='grc' dir='ltr'>ἀδελφικὴν</span> <span class='ocrx_word' id='word_1_371' title='bbox 493 2792 617 2861; x_wconf 71' lang='grc' dir='ltr'>περὶ</span> <span class='ocrx_word' id='word_1_372' title='bbox 646 2795 793 2864; x_wconf 82' lang='grc' dir='ltr'>ἡμᾶς</span> <span class='ocrx_word' id='word_1_373' title='bbox 817 2796 1036 2869; x_wconf 85' lang='grc' dir='ltr'>ἀγάπην</span> <span class='ocrx_word' id='word_1_374' title='bbox 1058 2801 1505 2873; x_wconf 84' lang='grc' dir='ltr'>ἐπιδεικνύμενοι,</span> <span class='ocrx_word' id='word_1_375' title='bbox 1536 2806 1751 2861; x_wconf 75' lang='grc' dir='ltr'>σύνοδον</span> 
     </span>
    </p>
   </div>
   <div class='ocr_carea' id='block_1_53' title="bbox 1765 2788 3431 2873">
    <p class='ocr_par' dir='ltr' id='par_1_53' title="bbox 1859 2803 3431 2867">
     <span class='ocr_line' id='line_1_53' title="bbox 1859 2803 3431 2867; baseline -0.005 -6"><span class='ocrx_word' id='word_1_376' title='bbox 1859 2807 1961 2862; x_wconf 86' lang='lat' dir='ltr'><strong>soli</strong></span> <span class='ocrx_word' id='word_1_377' title='bbox 2004 2816 2134 2860; x_wconf 89' lang='lat' dir='ltr'><strong>tunc</strong></span> <span class='ocrx_word' id='word_1_378' title='bbox 2187 2805 2252 2858; x_wconf 87' lang='lat' dir='ltr'><strong>ad</strong></span> <span class='ocrx_word' id='word_1_379' title='bbox 2308 2804 2624 2857; x_wconf 83' lang='lat' dir='ltr'><strong>subeundas</strong></span> <span class='ocrx_word' id='word_1_380' title='bbox 2660 2817 2935 2858; x_wconf 67' lang='lat' dir='ltr'><strong>aerumnas</strong></span> <span class='ocrx_word' id='word_1_381' title='bbox 2969 2803 3172 2858; x_wconf 79' lang='lat' dir='ltr'><strong>luimus</strong></span> <span class='ocrx_word' id='word_1_382' title='bbox 3206 2803 3431 2867; x_wconf 86' lang='lat' dir='ltr'><strong>addicti,</strong></span> 
     </span>
    </p>
   </div>
   <div class='ocr_carea' id='block_1_54' title="bbox 168 2880 1834 2966">
    <p class='ocr_par' dir='ltr' id='par_1_54' title="bbox 168 2880 1751 2966">
     <span class='ocr_line' id='line_1_54' title="bbox 168 2880 1751 2966; baseline 0.013 -36"><span class='ocrx_word' id='word_1_383' title='bbox 168 2880 265 2931; x_wconf 76' lang='grc' dir='ltr'><strong>ἐπὶ</strong></span> <span class='ocrx_word' id='word_1_384' title='bbox 294 2880 396 2949; x_wconf 84' lang='grc' dir='ltr'><strong>τῆς</strong></span> <span class='ocrx_word' id='word_1_385' title='bbox 455 2881 675 2952; x_wconf 82' lang='grc' dir='ltr'>Ῥώμης</span> <span class='ocrx_word' id='word_1_386' title='bbox 729 2884 862 2939; x_wconf 85' lang='grc' dir='ltr'><strong>Θεοῦ</strong></span> <span class='ocrx_word' id='word_1_387' title='bbox 894 2886 1147 2960; x_wconf 80' lang='grc' dir='ltr'>βουλήσει</span> <span class='ocrx_word' id='word_1_388' title='bbox 1174 2895 1622 2966; x_wconf 84' lang='grc' dir='ltr'>συγκροτοῦντες,</span> <span class='ocrx_word' id='word_1_389' title='bbox 1657 2899 1751 2950; x_wconf 77' lang='grc' dir='ltr'><strong>καὶ</strong></span> 
     </span>
    </p>
   </div>
   <div class='ocr_carea' id='block_1_55' title="bbox 1768 2880 3434 2966">
    <p class='ocr_par' dir='ltr' id='par_1_55' title="bbox 1861 2895 3434 2965">
     <span class='ocr_line' id='line_1_55' title="bbox 1861 2895 3434 2965; baseline -0.003 -12"><span class='ocrx_word' id='word_1_390' title='bbox 1861 2898 2087 2956; x_wconf 90' lang='lat' dir='ltr'><strong>nuncin</strong></span> <span class='ocrx_word' id='word_1_391' title='bbox 2144 2899 2246 2951; x_wconf 80' lang='lat' dir='ltr'><strong>ista</strong></span> <span class='ocrx_word' id='word_1_392' title='bbox 2304 2897 2695 2965; x_wconf 84' lang='lat' dir='ltr'><strong>imperatorum</strong></span> <span class='ocrx_word' id='word_1_393' title='bbox 2758 2895 2828 2950; x_wconf 86' lang='lat' dir='ltr'><strong>de</strong></span> <span class='ocrx_word' id='word_1_394' title='bbox 2883 2896 3083 2963; x_wconf 88' lang='lat' dir='ltr'><strong>pietate</strong></span> <span class='ocrx_word' id='word_1_395' title='bbox 3140 2897 3434 2950; x_wconf 87' lang='lat' dir='ltr'><strong>concordia</strong></span> 
     </span>
    </p>
   </div>
   <div class='ocr_carea' id='block_1_56' title="bbox 168 2970 1834 3058">
    <p class='ocr_par' dir='ltr' id='par_1_56' title="bbox 168 2970 1749 3049">
     <span class='ocr_line' id='line_1_56' title="bbox 168 2970 1749 3049; baseline 0.014 -30"><span class='ocrx_word' id='word_1_396' title='bbox 168 2971 319 3039; x_wconf 71' lang='grc' dir='ltr'>ἡμᾶς</span> <span class='ocrx_word' id='word_1_397' title='bbox 356 2970 433 3035; x_wconf 87' lang='grc' dir='ltr'>ὠς</span> <span class='ocrx_word' id='word_1_398' title='bbox 463 2974 638 3027; x_wconf 84' lang='grc' dir='ltr'>οίκεῖα</span> <span class='ocrx_word' id='word_1_399' title='bbox 676 2976 810 3048; x_wconf 81' lang='grc' dir='ltr'>μέλη</span> <span class='ocrx_word' id='word_1_400' title='bbox 870 2982 1342 3049; x_wconf 83' lang='grc' dir='ltr'>προσεκαλέσασθε</span> <span class='ocrx_word' id='word_1_401' title='bbox 1384 2986 1471 3040; x_wconf 76' lang='grc' dir='ltr'>διὰ</span> <span class='ocrx_word' id='word_1_402' title='bbox 1502 2987 1616 3040; x_wconf 84' lang='grc' dir='ltr'><strong>τῶν</strong></span> <span class='ocrx_word' id='word_1_403' title='bbox 1653 2990 1749 3042; x_wconf 83' lang='grc' dir='ltr'>τοῦ</span> 
     </span>
    </p>
   </div>
   <div class='ocr_carea' id='block_1_57' title="bbox 1768 2970 3434 3058">
    <p class='ocr_par' dir='ltr' id='par_1_57' title="bbox 1860 2985 3434 3058">
     <span class='ocr_line' id='line_1_57' title="bbox 1860 2985 3434 3058; baseline -0.004 -14"><span class='ocrx_word' id='word_1_404' title='bbox 1860 2991 1961 3045; x_wconf 86' lang='lat' dir='ltr'><strong>soli</strong></span> <span class='ocrx_word' id='word_1_405' title='bbox 2019 2987 2283 3058; x_wconf 80' lang='lat' dir='ltr'><strong>regnetis,</strong></span> <span class='ocrx_word' id='word_1_406' title='bbox 2339 2985 2434 3041; x_wconf 89' lang='lat' dir='ltr'><strong>sed</strong></span> <span class='ocrx_word' id='word_1_407' title='bbox 2492 3001 2593 3040; x_wconf 92' lang='lat' dir='ltr'><strong>nos</strong></span> <span class='ocrx_word' id='word_1_408' title='bbox 2654 2986 2818 3038; x_wconf 87' lang='lat' dir='ltr'><strong>etiam</strong></span> <span class='ocrx_word' id='word_1_409' title='bbox 2854 2986 3173 3051; x_wconf 88' lang='lat' dir='ltr'><strong>vobiscum,</strong></span> <span class='ocrx_word' id='word_1_410' title='bbox 3228 2995 3289 3037; x_wconf 91' lang='lat' dir='ltr'><strong>ut</strong></span> <span class='ocrx_word' id='word_1_411' title='bbox 3355 2986 3434 3038; x_wconf 87' lang='lat' dir='ltr'><strong>ait</strong></span> 
     </span>
    </p>
   </div>
   <div class='ocr_carea' id='block_1_58' title="bbox 170 3063 1836 3151">
    <p class='ocr_par' dir='ltr' id='par_1_58' title="bbox 170 3063 1748 3151">
     <span class='ocr_line' id='line_1_58' title="bbox 170 3063 1748 3151; baseline 0.013 -37"><span class='ocrx_word' id='word_1_412' title='bbox 170 3063 585 3131; x_wconf 78' lang='grc' dir='ltr'>θεοφιλεστάτου</span> <span class='ocrx_word' id='word_1_413' title='bbox 628 3068 890 3137; x_wconf 82' lang='grc' dir='ltr'>βασιλέως</span> <span class='ocrx_word' id='word_1_414' title='bbox 918 3076 1281 3144; x_wconf 84' lang='grc' dir='ltr'>γραμμάτων,</span> <span class='ocrx_word' id='word_1_415' title='bbox 1312 3078 1378 3130; x_wconf 79' lang='grc' dir='ltr'><strong>ἵν’</strong></span> <span class='ocrx_word' id='word_1_416' title='bbox 1409 3081 1594 3151; x_wconf 83' lang='grc' dir='ltr'>ἐπειδὴ</span> <span class='ocrx_word' id='word_1_417' title='bbox 1628 3083 1748 3135; x_wconf 86' lang='grc' dir='ltr'>τότε</span> 
     </span>
    </p>
   </div>
   <div class='ocr_carea' id='block_1_59' title="bbox 1762 3063 3428 3151">
    <p class='ocr_par' dir='ltr' id='par_1_59' title="bbox 1857 3075 3428 3149">
     <span class='ocr_line' id='line_1_59' title="bbox 1857 3075 3428 3149; baseline -0.003 -16"><span class='ocrx_word' id='word_1_418' title='bbox 1857 3082 2155 3149; x_wconf 86' lang='lat' dir='ltr'><strong>Apostolus</strong></span> <span class='ocrx_word' id='word_1_419' title='bbox 2178 3089 2223 3142; x_wconf 79' lang='grc' dir='ltr'>ο,</span> <span class='ocrx_word' id='word_1_420' title='bbox 2272 3090 2692 3145; x_wconf 80' lang='lat' dir='ltr'><strong>conregnemus,</strong></span> <span class='ocrx_word' id='word_1_421' title='bbox 2751 3076 3101 3145; x_wconf 87' lang='lat' dir='ltr'><strong>optabamus,</strong></span> <span class='ocrx_word' id='word_1_422' title='bbox 3137 3075 3349 3144; x_wconf 78' lang='lat'><strong>1030</strong></span> <span class='ocrx_word' id='word_1_423' title='bbox 3383 3075 3428 3129; x_wconf 92' lang='lat' dir='ltr'><strong>si</strong></span> 
     </span>
    </p>
   </div>
   <div class='ocr_carea' id='block_1_60' title="bbox 166 3154 1832 3245">
    <p class='ocr_par' dir='ltr' id='par_1_60' title="bbox 166 3154 1816 3245">
     <span class='ocr_line' id='line_1_60' title="bbox 166 3154 1816 3245; baseline 0.016 -41"><span class='ocrx_word' id='word_1_424' title='bbox 166 3154 269 3217; x_wconf 70' lang='grc' dir='ltr'>τὰς</span> <span class='ocrx_word' id='word_1_425' title='bbox 294 3155 501 3225; x_wconf 74' lang='grc' dir='ltr'>θλίψεις</span> <span class='ocrx_word' id='word_1_426' title='bbox 550 3160 699 3228; x_wconf 80' lang='grc' dir='ltr'>μόνοι</span> <span class='ocrx_word' id='word_1_427' title='bbox 756 3165 1245 3237; x_wconf 88' lang='grc' dir='ltr'>κατεδικάσθημεν,</span> <span class='ocrx_word' id='word_1_428' title='bbox 1298 3169 1393 3224; x_wconf 74' lang='grc' dir='ltr'>νῦν</span> <span class='ocrx_word' id='word_1_429' title='bbox 1445 3175 1502 3226; x_wconf 84' lang='grc' dir='ltr'><strong>ἐν</strong></span> <span class='ocrx_word' id='word_1_430' title='bbox 1535 3178 1601 3245; x_wconf 81' lang='grc' dir='ltr'>τῇ</span> <span class='ocrx_word' id='word_1_431' title='bbox 1641 3177 1749 3229; x_wconf 82' lang='grc' dir='ltr'><strong>τῶν</strong></span> <span class='ocrx_word' id='word_1_432' title='bbox 1779 3224 1816 3245; x_wconf 61' lang='grc' dir='ltr'>η</span> 
     </span>
    </p>
   </div>
   <div class='ocr_carea' id='block_1_61' title="bbox 1764 3154 3430 3245">
    <p class='ocr_par' dir='ltr' id='par_1_61' title="bbox 1779 3163 3430 3245">
     <span class='ocr_line' id='line_1_61' title="bbox 1779 3163 3430 3245; baseline -0.004 -21"><span class='ocrx_word' id='word_1_433' title='bbox 1779 3224 1816 3245; x_wconf 56' lang='grc' dir='ltr'>η</span> <span class='ocrx_word' id='word_1_434' title='bbox 1861 3173 1974 3226; x_wconf 91' lang='lat' dir='ltr'><strong>tieri</strong></span> <span class='ocrx_word' id='word_1_435' title='bbox 2008 3177 2210 3239; x_wconf 88' lang='lat' dir='ltr'><strong>posset,</strong></span> <span class='ocrx_word' id='word_1_436' title='bbox 2244 3182 2434 3221; x_wconf 90' lang='lat' dir='ltr'><strong>omnes</strong></span> <span class='ocrx_word' id='word_1_437' title='bbox 2468 3167 2650 3229; x_wconf 90' lang='lat' dir='ltr'><strong>simul,</strong></span> <span class='ocrx_word' id='word_1_438' title='bbox 2692 3164 2900 3217; x_wconf 90' lang='lat' dir='ltr'><strong>relictis</strong></span> <span class='ocrx_word' id='word_1_439' title='bbox 2948 3163 3240 3225; x_wconf 81' lang='lat' dir='ltr'><strong>Eeelesiis,</strong></span> <span class='ocrx_word' id='word_1_440' title='bbox 3279 3166 3430 3219; x_wconf 83' lang='lat' dir='ltr'><strong>desi-</strong></span> 
     </span>
    </p>
   </div>
   <div class='ocr_carea' id='block_1_62' title="bbox 170 3224 1836 3336">
    <p class='ocr_par' dir='ltr' id='par_1_62' title="bbox 170 3224 1818 3336">
     <span class='ocr_line' id='line_1_62' title="bbox 170 3224 1818 3336; baseline 0.013 -37"><span class='ocrx_word' id='word_1_441' title='bbox 170 3224 593 3320; x_wconf 82' lang='grc' dir='ltr'>αὐτοκρατόρων</span> <span class='ocrx_word' id='word_1_442' title='bbox 630 3255 755 3323; x_wconf 70' lang='grc' dir='ltr'>περὶ</span> <span class='ocrx_word' id='word_1_443' title='bbox 781 3255 878 3324; x_wconf 81' lang='grc' dir='ltr'>τὴν</span> <span class='ocrx_word' id='word_1_444' title='bbox 907 3224 1185 3312; x_wconf 69' lang='grc' dir='ltr'>εὐσέϐείάν</span> <span class='ocrx_word' id='word_1_445' title='bbox 1213 3224 1500 3333; x_wconf 62' lang='grc' dir='ltr'>συμφωνία</span> <span class='ocrx_word' id='word_1_446' title='bbox 1777 3224 1818 3278; x_wconf 78' lang='lat' dir='ltr'>c</span> 
     </span>
    </p>
   </div>
   <div class='ocr_carea' id='block_1_63' title="bbox 1763 3224 3429 3336">
    <p class='ocr_par' dir='ltr' id='par_1_63' title="bbox 1777 3224 3429 3333">
     <span class='ocr_line' id='line_1_63' title="bbox 1777 3224 3429 3333; baseline -0.004 -14"><span class='ocrx_word' id='word_1_447' title='bbox 1777 3224 1818 3278; x_wconf 77' lang='lat' dir='ltr'>c</span> <span class='ocrx_word' id='word_1_448' title='bbox 1854 3267 2005 3319; x_wconf 80' lang='lat' dir='ltr'><strong>det-io</strong></span> <span class='ocrx_word' id='word_1_449' title='bbox 2029 3263 2211 3333; x_wconf 87' lang='lat' dir='ltr'><strong>potius</strong></span> <span class='ocrx_word' id='word_1_450' title='bbox 2233 3275 2396 3329; x_wconf 89' lang='lat' dir='ltr'><strong>quam</strong></span> <span class='ocrx_word' id='word_1_451' title='bbox 2428 3259 2648 3312; x_wconf 89' lang='lat' dir='ltr'><strong>utilitati</strong></span> <span class='ocrx_word' id='word_1_452' title='bbox 2674 3257 2900 3311; x_wconf 89' lang='lat' dir='ltr'><strong>servire.</strong></span> <span class='ocrx_word' id='word_1_453' title='bbox 2932 3256 3065 3322; x_wconf 83' lang='lat' dir='ltr'><strong>Quis</strong></span> <span class='ocrx_word' id='word_1_454' title='bbox 3085 3260 3231 3311; x_wconf 89' lang='lat' dir='ltr'><strong>enim</strong></span> <span class='ocrx_word' id='word_1_455' title='bbox 3271 3259 3429 3313; x_wconf 89' lang='lat' dir='ltr'><strong>nobis</strong></span> 
     </span>
    </p>
   </div>
   <div class='ocr_carea' id='block_1_64' title="bbox 168 3339 1834 3425">
    <p class='ocr_par' dir='ltr' id='par_1_64' title="bbox 168 3339 1752 3425">
     <span class='ocr_line' id='line_1_64' title="bbox 168 3339 1752 3425; baseline 0.014 -37"><span class='ocrx_word' id='word_1_456' title='bbox 168 3339 259 3408; x_wconf 73' lang='grc' dir='ltr'>ρὶς</span> <span class='ocrx_word' id='word_1_457' title='bbox 302 3339 460 3409; x_wconf 75' lang='grc' dir='ltr'>ἡμῶν</span> <span class='ocrx_word' id='word_1_458' title='bbox 505 3341 881 3415; x_wconf 82' lang='grc' dir='ltr'>βασιλεύσητε,</span> <span class='ocrx_word' id='word_1_459' title='bbox 924 3347 1059 3401; x_wconf 84' lang='grc' dir='ltr'>ἀλλὰ</span> <span class='ocrx_word' id='word_1_460' title='bbox 1098 3351 1193 3403; x_wconf 59' lang='grc' dir='ltr'><strong>καί⁸</strong></span> <span class='ocrx_word' id='word_1_461' title='bbox 1233 3354 1391 3421; x_wconf 76' lang='grc' dir='ltr'>ἡμεῖς</span> <span class='ocrx_word' id='word_1_462' title='bbox 1431 3355 1558 3425; x_wconf 89' lang='grc' dir='ltr'>ὑμῖν</span> <span class='ocrx_word' id='word_1_463' title='bbox 1612 3359 1752 3410; x_wconf 77' lang='grc' dir='ltr'>κατὰ</span> 
     </span>
    </p>
   </div>
   <div class='ocr_carea' id='block_1_65' title="bbox 1764 3339 3430 3425">
    <p class='ocr_par' dir='ltr' id='par_1_65' title="bbox 1854 3346 3430 3420">
     <span class='ocr_line' id='line_1_65' title="bbox 1854 3346 3430 3420; baseline -0.002 -15"><span class='ocrx_word' id='word_1_464' title='bbox 1854 3356 2003 3408; x_wconf 86' lang='lat' dir='ltr'><strong>dabit</strong></span> <span class='ocrx_word' id='word_1_465' title='bbox 2028 3368 2231 3420; x_wconf 86' lang='lat' dir='ltr'><strong>pennas</strong></span> <span class='ocrx_word' id='word_1_466' title='bbox 2262 3350 2407 3403; x_wconf 90' lang='lat' dir='ltr'><strong>sicut</strong></span> <span class='ocrx_word' id='word_1_467' title='bbox 2431 3349 2697 3402; x_wconf 68' lang='lat' dir='ltr'><strong>columbae</strong></span> <span class='ocrx_word' id='word_1_468' title='bbox 2720 3346 2763 3409; x_wconf 75' lang='grc' dir='ltr'><strong>ί,</strong></span> <span class='ocrx_word' id='word_1_469' title='bbox 2786 3354 2843 3399; x_wconf 81' lang='grc' dir='ltr'><strong>ιιι</strong></span> <span class='ocrx_word' id='word_1_470' title='bbox 2872 3349 3139 3411; x_wconf 88' lang='lat' dir='ltr'><strong>volemus,</strong></span> <span class='ocrx_word' id='word_1_471' title='bbox 3165 3357 3218 3402; x_wconf 91' lang='lat' dir='ltr'><strong>et</strong></span> <span class='ocrx_word' id='word_1_472' title='bbox 3248 3351 3430 3418; x_wconf 88' lang='lat' dir='ltr'><strong>requi-</strong></span> 
     </span>
    </p>
   </div>
   <div class='ocr_carea' id='block_1_66' title="bbox 165 3431 1831 3517">
    <p class='ocr_par' dir='ltr' id='par_1_66' title="bbox 165 3431 1752 3517">
     <span class='ocr_line' id='line_1_66' title="bbox 165 3431 1752 3517; baseline 0.013 -37"><span class='ocrx_word' id='word_1_473' title='bbox 165 3432 269 3500; x_wconf 82' lang='grc' dir='ltr'><strong>τὴν</strong></span> <span class='ocrx_word' id='word_1_474' title='bbox 320 3431 679 3504; x_wconf 85' lang='grc' dir='ltr'>ἀποστολικὴν</span> <span class='ocrx_word' id='word_1_475' title='bbox 712 3437 895 3507; x_wconf 73' lang='grc' dir='ltr'>φωνὴν</span> <span class='ocrx_word' id='word_1_476' title='bbox 922 3439 1460 3513; x_wconf 76' lang='grc' dir='ltr'>συμϐασιλεύσωμεψ</span> <span class='ocrx_word' id='word_1_477' title='bbox 1492 3447 1623 3517; x_wconf 82' lang='grc' dir='ltr'>εὐχὴ</span> <span class='ocrx_word' id='word_1_478' title='bbox 1656 3448 1752 3515; x_wconf 83' lang='grc' dir='ltr'><strong>μὲν</strong></span> 
     </span>
    </p>
   </div>
   <div class='ocr_carea' id='block_1_67' title="bbox 1758 3431 3424 3517">
    <p class='ocr_par' dir='ltr' id='par_1_67' title="bbox 1852 3437 3424 3509">
     <span class='ocr_line' id='line_1_67' title="bbox 1852 3437 3424 3509; baseline -0.001 -11"><span class='ocrx_word' id='word_1_479' title='bbox 1852 3459 2103 3499; x_wconf 76' lang='lat' dir='ltr'><strong>cscautus</strong></span> <span class='ocrx_word' id='word_1_480' title='bbox 2149 3441 2287 3509; x_wconf 90' lang='lat' dir='ltr'><strong>apud</strong></span> <span class='ocrx_word' id='word_1_481' title='bbox 2333 3440 2476 3493; x_wconf 87' lang='lat' dir='ltr'><strong>vos?</strong></span> <span class='ocrx_word' id='word_1_482' title='bbox 2532 3437 2729 3491; x_wconf 84' lang='lat' dir='ltr'><strong>Verum</strong></span> <span class='ocrx_word' id='word_1_483' title='bbox 2786 3439 2913 3507; x_wconf 88' lang='lat' dir='ltr'><strong>quia</strong></span> <span class='ocrx_word' id='word_1_484' title='bbox 2960 3438 3063 3493; x_wconf 86' lang='lat' dir='ltr'><strong>hoc</strong></span> <span class='ocrx_word' id='word_1_485' title='bbox 3124 3441 3424 3508; x_wconf 84' lang='lat' dir='ltr'><strong>Ecclesias,</strong></span> 
     </span>
    </p>
   </div>
   <div class='ocr_carea' id='block_1_68' title="bbox 165 3518 1831 3609">
    <p class='ocr_par' dir='ltr' id='par_1_68' title="bbox 165 3518 1751 3601">
     <span class='ocr_line' id='line_1_68' title="bbox 165 3518 1751 3601; baseline 0.012 -28"><span class='ocrx_word' id='word_1_486' title='bbox 165 3518 236 3593; x_wconf 81' lang='grc' dir='ltr'>ἦν</span> <span class='ocrx_word' id='word_1_487' title='bbox 272 3525 427 3593; x_wconf 77' lang='grc' dir='ltr'>ἡμῖν,</span> <span class='ocrx_word' id='word_1_488' title='bbox 460 3527 509 3578; x_wconf 83' lang='grc' dir='ltr'>εἰ</span> <span class='ocrx_word' id='word_1_489' title='bbox 536 3526 781 3592; x_wconf 77' lang='grc' dir='ltr'>δυνατὸν,</span> <span class='ocrx_word' id='word_1_490' title='bbox 814 3529 1014 3583; x_wconf 76' lang='grc' dir='ltr'>ἅπασιν</span> <span class='ocrx_word' id='word_1_491' title='bbox 1038 3532 1249 3601; x_wconf 82' lang='grc' dir='ltr'>ἀθρόως</span> <span class='ocrx_word' id='word_1_492' title='bbox 1280 3536 1751 3601; x_wconf 75' lang='grc' dir='ltr'>καταλιποῦσιτὰς</span> 
     </span>
    </p>
   </div>
   <div class='ocr_carea' id='block_1_69' title="bbox 1761 3518 3427 3609">
    <p class='ocr_par' dir='ltr' id='par_1_69' title="bbox 1852 3533 3427 3609">
     <span class='ocr_line' id='line_1_69' title="bbox 1852 3533 3427 3609; baseline -0.004 -16"><span class='ocrx_word' id='word_1_493' title='bbox 1852 3556 1972 3609; x_wconf 68' lang='lat' dir='ltr'><strong>qua!</strong></span> <span class='ocrx_word' id='word_1_494' title='bbox 1999 3554 2144 3591; x_wconf 86' lang='lat' dir='ltr'><strong>nunc</strong></span> <span class='ocrx_word' id='word_1_495' title='bbox 2175 3538 2411 3606; x_wconf 91' lang='lat' dir='ltr'><strong>primum</strong></span> <span class='ocrx_word' id='word_1_496' title='bbox 2453 3534 2745 3600; x_wconf 88' lang='lat' dir='ltr'><strong>incipiunt,</strong></span> <span class='ocrx_word' id='word_1_497' title='bbox 2783 3548 3009 3601; x_wconf 84' lang='lat' dir='ltr'><strong>prorsus</strong></span> <span class='ocrx_word' id='word_1_498' title='bbox 3061 3533 3313 3595; x_wconf 82' lang='lat' dir='ltr'><strong>nudaret,</strong></span> <span class='ocrx_word' id='word_1_499' title='bbox 3371 3542 3427 3587; x_wconf 82' lang='lat' dir='ltr'><strong>et</strong></span> 
     </span>
    </p>
   </div>
   <div class='ocr_carea' id='block_1_70' title="bbox 180 3615 1846 3699">
    <p class='ocr_par' dir='ltr' id='par_1_70' title="bbox 180 3615 1749 3699">
     <span class='ocr_line' id='line_1_70' title="bbox 180 3615 1749 3699; baseline 0.01 -33"><span class='ocrx_word' id='word_1_500' title='bbox 180 3615 529 3684; x_wconf 83' lang='grc' dir='ltr'>Ἐκκλησίας,</span> <span class='ocrx_word' id='word_1_501' title='bbox 555 3618 632 3687; x_wconf 85' lang='grc' dir='ltr'>τῷ</span> <span class='ocrx_word' id='word_1_502' title='bbox 649 3619 797 3689; x_wconf 87' lang='grc' dir='ltr'>πόοῳ</span> <span class='ocrx_word' id='word_1_503' title='bbox 819 3620 851 3688; x_wconf 86' lang='grc' dir='ltr'>ἢ</span> <span class='ocrx_word' id='word_1_504' title='bbox 874 3624 939 3689; x_wconf 87' lang='grc' dir='ltr'>τῇ</span> <span class='ocrx_word' id='word_1_505' title='bbox 973 3624 1130 3693; x_wconf 81' lang='grc' dir='ltr'>χρείᾳ</span> <span class='ocrx_word' id='word_1_506' title='bbox 1157 3625 1505 3695; x_wconf 83' lang='grc' dir='ltr'>χαρίσασθαι.</span> <span class='ocrx_word' id='word_1_507' title='bbox 1525 3629 1619 3691; x_wconf 82' lang='grc' dir='ltr'><strong>Τίς</strong></span> <span class='ocrx_word' id='word_1_508' title='bbox 1642 3631 1749 3699; x_wconf 73' lang='grc' dir='ltr'><strong>γὰρ</strong></span> 
     </span>
    </p>
   </div>
   <div class='ocr_carea' id='block_1_71' title="bbox 1761 3615 3427 3699">
    <p class='ocr_par' dir='ltr' id='par_1_71' title="bbox 1853 3626 3427 3698">
     <span class='ocr_line' id='line_1_71' title="bbox 1853 3626 3427 3698; baseline -0.004 -13"><span class='ocrx_word' id='word_1_509' title='bbox 1853 3650 1963 3685; x_wconf 84' lang='lat' dir='ltr'><strong>rem</strong></span> <span class='ocrx_word' id='word_1_510' title='bbox 2005 3640 2260 3698; x_wconf 68' lang='lat' dir='ltr'><strong>prmstare</strong></span> <span class='ocrx_word' id='word_1_511' title='bbox 2308 3627 2537 3681; x_wconf 90' lang='lat' dir='ltr'><strong>omnino</strong></span> <span class='ocrx_word' id='word_1_512' title='bbox 2590 3626 2745 3678; x_wconf 90' lang='lat' dir='ltr'><strong>multi</strong></span> <span class='ocrx_word' id='word_1_513' title='bbox 2803 3640 2911 3678; x_wconf 91' lang='lat' dir='ltr'><strong>non</strong></span> <span class='ocrx_word' id='word_1_514' title='bbox 2944 3633 3216 3694; x_wconf 87' lang='lat' dir='ltr'><strong>poterant,</strong></span> <span class='ocrx_word' id='word_1_515' title='bbox 3251 3626 3267 3645; x_wconf 81' lang='grc'><strong>⁹</strong></span> <span class='ocrx_word' id='word_1_516' title='bbox 3298 3640 3427 3679; x_wconf 86' lang='lat' dir='ltr'><strong>con-</strong></span> 
     </span>
    </p>
   </div>
   <div class='ocr_carea' id='block_1_72' title="bbox 165 3707 1831 3786">
    <p class='ocr_par' dir='ltr' id='par_1_72' title="bbox 165 3707 1748 3786">
     <span class='ocr_line' id='line_1_72' title="bbox 165 3707 1748 3786; baseline 0.011 -29"><span class='ocrx_word' id='word_1_517' title='bbox 165 3707 303 3777; x_wconf 77' lang='grc' dir='ltr'><strong>ήμῖν</strong></span> <span class='ocrx_word' id='word_1_518' title='bbox 339 3707 497 3760; x_wconf 84' lang='grc' dir='ltr'>δώσει</span> <span class='ocrx_word' id='word_1_519' title='bbox 553 3709 832 3779; x_wconf 81' lang='grc' dir='ltr'>πτέρυγας</span> <span class='ocrx_word' id='word_1_520' title='bbox 877 3713 1008 3766; x_wconf 80' lang='grc' dir='ltr'>ὡσεὶ</span> <span class='ocrx_word' id='word_1_521' title='bbox 1052 3720 1399 3786; x_wconf 80' lang='grc' dir='ltr'>περιστερᾶς,</span> <span class='ocrx_word' id='word_1_522' title='bbox 1435 3721 1527 3772; x_wconf 77' lang='grc' dir='ltr'><strong>καὶ</strong></span> <span class='ocrx_word' id='word_1_523' title='bbox 1580 3739 1748 3774; x_wconf 89' lang='grc' dir='ltr'>πετα-</span> 
     </span>
    </p>
   </div>
   <div class='ocr_carea' id='block_1_73' title="bbox 1759 3707 3425 3786">
    <p class='ocr_par' dir='ltr' id='par_1_73' title="bbox 1850 3716 3425 3785">
     <span class='ocr_line' id='line_1_73' title="bbox 1850 3716 3425 3785; baseline -0.003 -10"><span class='ocrx_word' id='word_1_524' title='bbox 1850 3738 2177 3775; x_wconf 77' lang='lat' dir='ltr'><strong>veneramus</strong></span> <span class='ocrx_word' id='word_1_525' title='bbox 2211 3720 2354 3774; x_wconf 90' lang='lat' dir='ltr'><strong>enim</strong></span> <span class='ocrx_word' id='word_1_526' title='bbox 2402 3716 2939 3785; x_wconf 83' lang='lat' dir='ltr'><strong>Constantinopolim</strong></span> <span class='ocrx_word' id='word_1_527' title='bbox 2967 3756 2980 3778; x_wconf 94' lang='lat'><strong>,</strong></span> <span class='ocrx_word' id='word_1_528' title='bbox 3032 3716 3096 3770; x_wconf 89' lang='lat' dir='ltr'><strong>ad</strong></span> <span class='ocrx_word' id='word_1_529' title='bbox 3141 3718 3349 3771; x_wconf 86' lang='lat' dir='ltr'><strong>litteras</strong></span> <span class='ocrx_word' id='word_1_530' title='bbox 3395 3731 3425 3771; x_wconf 86' lang='lat' dir='ltr'><strong>a</strong></span> 
     </span>
    </p>
   </div>
   <div class='ocr_carea' id='block_1_74' title="bbox 164 3794 1830 3878">
    <p class='ocr_par' dir='ltr' id='par_1_74' title="bbox 164 3794 1747 3876">
     <span class='ocr_line' id='line_1_74' title="bbox 164 3794 1747 3876; baseline 0.011 -30"><span class='ocrx_word' id='word_1_531' title='bbox 164 3794 503 3865; x_wconf 83' lang='grc' dir='ltr'>σθησόμεθα,</span> <span class='ocrx_word' id='word_1_532' title='bbox 530 3798 624 3850; x_wconf 71' lang='grc' dir='ltr'><strong>καὶ</strong></span> <span class='ocrx_word' id='word_1_533' title='bbox 659 3800 793 3869; x_wconf 83' lang='grc' dir='ltr'>πρὸς</span> <span class='ocrx_word' id='word_1_534' title='bbox 820 3801 965 3870; x_wconf 76' lang='grc' dir='ltr'>ὑμᾶς</span> <span class='ocrx_word' id='word_1_535' title='bbox 985 3805 1437 3876; x_wconf 86' lang='grc' dir='ltr'>καταπαύσομεν;</span> <span class='ocrx_word' id='word_1_536' title='bbox 1470 3809 1592 3861; x_wconf 79' lang='grc' dir='ltr'>ἐπεὶ</span> <span class='ocrx_word' id='word_1_537' title='bbox 1625 3811 1669 3843; x_wconf 68' lang='grc'><strong>³⁵</strong></span> <span class='ocrx_word' id='word_1_538' title='bbox 1692 3811 1747 3863; x_wconf 84' lang='grc' dir='ltr'>δὲ</span> 
     </span>
    </p>
   </div>
   <div class='ocr_carea' id='block_1_75' title="bbox 1758 3794 3424 3878">
    <p class='ocr_par' dir='ltr' id='par_1_75' title="bbox 1852 3809 3424 3878">
     <span class='ocr_line' id='line_1_75' title="bbox 1852 3809 3424 3878; baseline -0.004 -10"><span class='ocrx_word' id='word_1_539' title='bbox 1852 3813 2155 3868; x_wconf 86' lang='lat' dir='ltr'><strong>reverentia</strong></span> <span class='ocrx_word' id='word_1_540' title='bbox 2189 3819 2373 3865; x_wconf 88' lang='lat' dir='ltr'><strong>vestra</strong></span> <span class='ocrx_word' id='word_1_541' title='bbox 2405 3811 2690 3878; x_wconf 82' lang='lat' dir='ltr'><strong>superiore</strong></span> <span class='ocrx_word' id='word_1_542' title='bbox 2756 3824 2900 3861; x_wconf 77' lang='lat' dir='ltr'><strong>antro</strong></span> <span class='ocrx_word' id='word_1_543' title='bbox 2954 3818 3075 3877; x_wconf 90' lang='lat' dir='ltr'><strong>post</strong></span> <span class='ocrx_word' id='word_1_544' title='bbox 3133 3809 3424 3862; x_wconf 88' lang='lat' dir='ltr'><strong>concilium</strong></span> 
     </span>
    </p>
   </div>
   <div class='ocr_carea' id='block_1_76' title="bbox 163 3885 1829 3974">
    <p class='ocr_par' dir='ltr' id='par_1_76' title="bbox 163 3885 1747 3973">
     <span class='ocr_line' id='line_1_76' title="bbox 163 3885 1747 3973; baseline 0.011 -36"><span class='ocrx_word' id='word_1_545' title='bbox 163 3885 333 3938; x_wconf 84' lang='grc' dir='ltr'>τοῦτο</span> <span class='ocrx_word' id='word_1_546' title='bbox 384 3889 661 3952; x_wconf 78' lang='grc' dir='ltr'>παντελῶς</span> <span class='ocrx_word' id='word_1_547' title='bbox 690 3892 925 3961; x_wconf 79' lang='grc' dir='ltr'>ἐγύμνου</span> <span class='ocrx_word' id='word_1_548' title='bbox 962 3895 1060 3957; x_wconf 86' lang='grc' dir='ltr'>τὰς</span> <span class='ocrx_word' id='word_1_549' title='bbox 1108 3897 1447 3967; x_wconf 83' lang='grc' dir='ltr'>Ἐκκλησίας,</span> <span class='ocrx_word' id='word_1_550' title='bbox 1481 3900 1602 3971; x_wconf 78' lang='grc' dir='ltr'>ἄρτι</span> <span class='ocrx_word' id='word_1_551' title='bbox 1651 3904 1747 3973; x_wconf 78' lang='grc' dir='ltr'>τῆς</span> 
     </span>
    </p>
   </div>
   <div class='ocr_carea' id='block_1_77' title="bbox 1759 3885 3425 3974">
    <p class='ocr_par' dir='ltr' id='par_1_77' title="bbox 1849 3900 3425 3974">
     <span class='ocr_line' id='line_1_77' title="bbox 1849 3900 3425 3974; baseline -0.001 -16"><span class='ocrx_word' id='word_1_552' title='bbox 1849 3906 2198 3974; x_wconf 86' lang='lat' dir='ltr'><strong>Aquileiensc</strong></span> <span class='ocrx_word' id='word_1_553' title='bbox 2227 3902 2292 3956; x_wconf 87' lang='lat' dir='ltr'><strong>ad</strong></span> <span class='ocrx_word' id='word_1_554' title='bbox 2322 3901 2801 3971; x_wconf 80' lang='lat' dir='ltr'><strong>religiosissimum</strong></span> <span class='ocrx_word' id='word_1_555' title='bbox 2832 3902 3219 3969; x_wconf 86' lang='lat' dir='ltr'><strong>imperatorem</strong></span> <span class='ocrx_word' id='word_1_556' title='bbox 3247 3900 3425 3956; x_wconf 85' lang='lat' dir='ltr'><strong>Theo-</strong></span> 
     </span>
    </p>
   </div>
   <div class='ocr_carea' id='block_1_78' title="bbox 164 3976 1830 4063">
    <p class='ocr_par' dir='ltr' id='par_1_78' title="bbox 164 3976 1745 4060">
     <span class='ocr_line' id='line_1_78' title="bbox 164 3976 1745 4060; baseline 0.011 -31"><span class='ocrx_word' id='word_1_557' title='bbox 164 3976 526 4042; x_wconf 82' lang='grc' dir='ltr'>ἀνανεώσεως</span> <span class='ocrx_word' id='word_1_558' title='bbox 556 3982 865 4052; x_wconf 80' lang='grc' dir='ltr'>ἀρχομένας</span> <span class='ocrx_word' id='word_1_559' title='bbox 895 3985 960 4049; x_wconf 82' lang='grc'>³⁸,</span> <span class='ocrx_word' id='word_1_560' title='bbox 989 3988 1165 4041; x_wconf 78' lang='grc' dir='ltr'>καὶτὸ</span> <span class='ocrx_word' id='word_1_561' title='bbox 1192 3991 1425 4060; x_wconf 74' lang='grc' dir='ltr'>πρᾶγμα</span> <span class='ocrx_word' id='word_1_562' title='bbox 1465 3995 1745 4047; x_wconf 83' lang='grc' dir='ltr'>παντάπα-</span> 
     </span>
    </p>
   </div>
   <div class='ocr_carea' id='block_1_79' title="bbox 1758 3976 3424 4063">
    <p class='ocr_par' dir='ltr' id='par_1_79' title="bbox 1846 3992 3424 4063">
     <span class='ocr_line' id='line_1_79' title="bbox 1846 3992 3424 4063; baseline -0.001 -14"><span class='ocrx_word' id='word_1_563' title='bbox 1846 3998 2059 4051; x_wconf 87' lang='lat' dir='ltr'><strong>dosium</strong></span> <span class='ocrx_word' id='word_1_564' title='bbox 2097 3995 2315 4058; x_wconf 90' lang='lat' dir='ltr'><strong>missas,</strong></span> <span class='ocrx_word' id='word_1_565' title='bbox 2362 3994 2427 4047; x_wconf 90' lang='lat' dir='ltr'><strong>ad</strong></span> <span class='ocrx_word' id='word_1_566' title='bbox 2464 3994 2567 4047; x_wconf 91' lang='lat' dir='ltr'><strong>hoc</strong></span> <span class='ocrx_word' id='word_1_567' title='bbox 2608 3994 2785 4048; x_wconf 86' lang='lat' dir='ltr'><strong>solum</strong></span> <span class='ocrx_word' id='word_1_568' title='bbox 2828 3993 2932 4046; x_wconf 88' lang='lat' dir='ltr'><strong>iter</strong></span> <span class='ocrx_word' id='word_1_569' title='bbox 2960 3992 3424 4063; x_wconf 82' lang='lat' dir='ltr'><strong>Constantinopo-</strong></span> 
     </span>
    </p>
   </div>
   <div class='ocr_carea' id='block_1_80' title="bbox 163 4063 1829 4157">
    <p class='ocr_par' dir='ltr' id='par_1_80' title="bbox 163 4063 1745 4155">
     <span class='ocr_line' id='line_1_80' title="bbox 163 4063 1745 4155; baseline 0.012 -35"><span class='ocrx_word' id='word_1_570' title='bbox 163 4084 252 4121; x_wconf 88' lang='grc' dir='ltr'><strong>σιν</strong></span> <span class='ocrx_word' id='word_1_571' title='bbox 275 4063 347 4138; x_wconf 77' lang='grc' dir='ltr'>ἦν</span> <span class='ocrx_word' id='word_1_572' title='bbox 368 4073 478 4133; x_wconf 85' lang='grc' dir='ltr'>τοῖς</span> <span class='ocrx_word' id='word_1_573' title='bbox 520 4072 732 4135; x_wconf 87' lang='grc' dir='ltr'>πολλοῖς</span> <span class='ocrx_word' id='word_1_574' title='bbox 771 4074 1043 4130; x_wconf 66' lang='grc' dir='ltr'>ἀδύνατον</span> <span class='ocrx_word' id='word_1_575' title='bbox 1061 4080 1617 4154; x_wconf 83' lang='grc' dir='ltr'>συνεδεδραμήκειμεν</span> <span class='ocrx_word' id='word_1_576' title='bbox 1638 4087 1706 4153; x_wconf 72' lang='grc' dir='ltr'>γὲ</span> <span class='ocrx_word' id='word_1_577' title='bbox 1714 4104 1745 4155; x_wconf 89' lang='grc' dir='ltr'><strong>ρ</strong></span> 
     </span>
    </p>
   </div>
   <div class='ocr_carea' id='block_1_81' title="bbox 1757 4063 3423 4157">
    <p class='ocr_par' dir='ltr' id='par_1_81' title="bbox 1849 4084 3423 4157">
     <span class='ocr_line' id='line_1_81' title="bbox 1849 4084 3423 4157; baseline -0.001 -15"><span class='ocrx_word' id='word_1_578' title='bbox 1849 4089 1940 4142; x_wconf 90' lang='lat' dir='ltr'><strong>lim</strong></span> <span class='ocrx_word' id='word_1_579' title='bbox 1994 4103 2168 4157; x_wconf 87' lang='lat' dir='ltr'><strong>usque</strong></span> <span class='ocrx_word' id='word_1_580' title='bbox 2223 4085 2506 4149; x_wconf 88' lang='lat' dir='ltr'><strong>instructi,</strong></span> <span class='ocrx_word' id='word_1_581' title='bbox 2556 4092 2611 4138; x_wconf 80' lang='lat' dir='ltr'><strong>et</strong></span> <span class='ocrx_word' id='word_1_582' title='bbox 2673 4084 2741 4137; x_wconf 72' lang='lat' dir='ltr'><strong>de,</strong></span> <span class='ocrx_word' id='word_1_583' title='bbox 2801 4085 2902 4138; x_wconf 92' lang='lat' dir='ltr'><strong>hac</strong></span> <span class='ocrx_word' id='word_1_584' title='bbox 2952 4094 3163 4138; x_wconf 86' lang='lat' dir='ltr'><strong>tantum</strong></span> <span class='ocrx_word' id='word_1_585' title='bbox 3214 4085 3423 4156; x_wconf 85' lang='lat' dir='ltr'><strong>synodo</strong></span> 
     </span>
    </p>
   </div>
   <div class='ocr_carea' id='block_1_82' title="bbox 162 4160 1828 4248">
    <p class='ocr_par' dir='ltr' id='par_1_82' title="bbox 162 4160 1745 4248">
     <span class='ocr_line' id='line_1_82' title="bbox 162 4160 1745 4248; baseline 0.013 -36"><span class='ocrx_word' id='word_1_586' title='bbox 162 4161 247 4222; x_wconf 85' lang='grc' dir='ltr'>εἰς</span> <span class='ocrx_word' id='word_1_587' title='bbox 273 4160 373 4229; x_wconf 84' lang='grc' dir='ltr'>τὴν</span> <span class='ocrx_word' id='word_1_588' title='bbox 400 4162 989 4233; x_wconf 82' lang='grc' dir='ltr'>Κωνσταντινούπολιν,</span> <span class='ocrx_word' id='word_1_589' title='bbox 1027 4171 1090 4223; x_wconf 79' lang='grc' dir='ltr'><strong>ἐκ</strong></span> <span class='ocrx_word' id='word_1_590' title='bbox 1116 4170 1224 4225; x_wconf 84' lang='grc' dir='ltr'><strong>τῶν</strong></span> <span class='ocrx_word' id='word_1_591' title='bbox 1256 4174 1453 4243; x_wconf 85' lang='grc' dir='ltr'>πέρυσι</span> <span class='ocrx_word' id='word_1_592' title='bbox 1487 4179 1745 4248; x_wconf 86' lang='grc' dir='ltr'>γραμμά-</span> 
     </span>
    </p>
   </div>
   <div class='ocr_carea' id='block_1_83' title="bbox 1757 4160 3423 4248">
    <p class='ocr_par' dir='ltr' id='par_1_83' title="bbox 1845 4177 3423 4247">
     <span class='ocr_line' id='line_1_83' title="bbox 1845 4177 3423 4247; baseline -0.001 -14"><span class='ocrx_word' id='word_1_593' title='bbox 1845 4179 2225 4247; x_wconf 82' lang='lat' dir='ltr'><strong>episcoporum</strong></span> <span class='ocrx_word' id='word_1_594' title='bbox 2273 4177 2448 4246; x_wconf 92' lang='lat' dir='ltr'><strong>quiin</strong></span> <span class='ocrx_word' id='word_1_595' title='bbox 2494 4177 2791 4245; x_wconf 88' lang='lat' dir='ltr'><strong>provinciis</strong></span> <span class='ocrx_word' id='word_1_596' title='bbox 2853 4187 3240 4231; x_wconf 88' lang='lat' dir='ltr'><strong>remanserunt</strong></span> <span class='ocrx_word' id='word_1_597' title='bbox 3290 4193 3423 4231; x_wconf 92' lang='lat' dir='ltr'><strong>con-</strong></span> 
     </span>
    </p>
   </div>
   <div class='ocr_carea' id='block_1_84' title="bbox 160 4252 1826 4338">
    <p class='ocr_par' dir='ltr' id='par_1_84' title="bbox 160 4252 1744 4338">
     <span class='ocr_line' id='line_1_84' title="bbox 160 4252 1744 4338; baseline 0.014 -36"><span class='ocrx_word' id='word_1_598' title='bbox 160 4268 275 4303; x_wconf 87' lang='grc' dir='ltr'><strong>των</strong></span> <span class='ocrx_word' id='word_1_599' title='bbox 296 4252 405 4305; x_wconf 83' lang='grc' dir='ltr'><strong>τῶν</strong></span> <span class='ocrx_word' id='word_1_600' title='bbox 430 4255 583 4324; x_wconf 73' lang='grc' dir='ltr'>παρὰ</span> <span class='ocrx_word' id='word_1_601' title='bbox 607 4258 708 4326; x_wconf 87' lang='grc' dir='ltr'><strong>τῆς</strong></span> <span class='ocrx_word' id='word_1_602' title='bbox 742 4258 1014 4330; x_wconf 83' lang='grc' dir='ltr'>ὑμετέρας</span> <span class='ocrx_word' id='word_1_603' title='bbox 1041 4265 1354 4333; x_wconf 80' lang='grc' dir='ltr'>τιμιότητος</span> <span class='ocrx_word' id='word_1_604' title='bbox 1389 4267 1526 4336; x_wconf 84' lang='grc' dir='ltr'>μετὰ</span> <span class='ocrx_word' id='word_1_605' title='bbox 1564 4270 1663 4338; x_wconf 82' lang='grc' dir='ltr'>τὴν</span> <span class='ocrx_word' id='word_1_606' title='bbox 1687 4272 1744 4323; x_wconf 87' lang='grc' dir='ltr'><strong>ἐν</strong></span> 
     </span>
    </p>
   </div>
   <div class='ocr_carea' id='block_1_85' title="bbox 1754 4252 3420 4338">
    <p class='ocr_par' dir='ltr' id='par_1_85' title="bbox 1846 4267 3420 4337">
     <span class='ocr_line' id='line_1_85' title="bbox 1846 4267 3420 4337; baseline -0.001 -14"><span class='ocrx_word' id='word_1_607' title='bbox 1846 4284 2067 4323; x_wconf 89' lang='lat' dir='ltr'><strong>sensum</strong></span> <span class='ocrx_word' id='word_1_608' title='bbox 2104 4268 2413 4333; x_wconf 80' lang='lat' dir='ltr'><strong>afferentes,</strong></span> <span class='ocrx_word' id='word_1_609' title='bbox 2452 4283 2576 4321; x_wconf 88' lang='lat' dir='ltr'><strong>cum</strong></span> <span class='ocrx_word' id='word_1_610' title='bbox 2631 4267 2699 4321; x_wconf 89' lang='lat' dir='ltr'><strong>de</strong></span> <span class='ocrx_word' id='word_1_611' title='bbox 2752 4267 3018 4337; x_wconf 77' lang='lat' dir='ltr'><strong>longioris</strong></span> <span class='ocrx_word' id='word_1_612' title='bbox 3063 4267 3420 4336; x_wconf 83' lang='lat' dir='ltr'><strong>profectionis</strong></span> 
     </span>
    </p>
   </div>
   <div class='ocr_carea' id='block_1_86' title="bbox 176 4342 1842 4429">
    <p class='ocr_par' dir='ltr' id='par_1_86' title="bbox 176 4342 1743 4427">
     <span class='ocr_line' id='line_1_86' title="bbox 176 4342 1743 4427; baseline 0.013 -34"><span class='ocrx_word' id='word_1_613' title='bbox 176 4342 445 4413; x_wconf 67' lang='grc' dir='ltr'>’Δκυληῖα</span> <span class='ocrx_word' id='word_1_614' title='bbox 480 4344 695 4399; x_wconf 84' lang='grc' dir='ltr'>σύνοδον</span> <span class='ocrx_word' id='word_1_615' title='bbox 748 4349 882 4417; x_wconf 80' lang='grc' dir='ltr'>πρὸς</span> <span class='ocrx_word' id='word_1_616' title='bbox 911 4351 1003 4403; x_wconf 80' lang='grc' dir='ltr'><strong>τὸν</strong></span> <span class='ocrx_word' id='word_1_617' title='bbox 1031 4351 1445 4421; x_wconf 81' lang='grc' dir='ltr'>θεοφιλέστατον</span> <span class='ocrx_word' id='word_1_618' title='bbox 1520 4358 1743 4427; x_wconf 78' lang='grc' dir='ltr'>βασιλέα</span> 
     </span>
    </p>
   </div>
   <div class='ocr_carea' id='block_1_87' title="bbox 1754 4342 3420 4429">
    <p class='ocr_par' dir='ltr' id='par_1_87' title="bbox 1845 4359 3420 4429">
     <span class='ocr_line' id='line_1_87' title="bbox 1845 4359 3420 4429; baseline -0.001 -14"><span class='ocrx_word' id='word_1_619' title='bbox 1845 4377 2013 4415; x_wconf 88' lang='lat' dir='ltr'><strong>onere</strong></span> <span class='ocrx_word' id='word_1_620' title='bbox 2046 4375 2145 4415; x_wconf 87' lang='lat' dir='ltr'><strong>nec</strong></span> <span class='ocrx_word' id='word_1_621' title='bbox 2182 4360 2441 4429; x_wconf 65' lang='lat' dir='ltr'><strong>susliicati</strong></span> <span class='ocrx_word' id='word_1_622' title='bbox 2481 4374 2753 4423; x_wconf 84' lang='lat' dir='ltr'><strong>essemus,</strong></span> <span class='ocrx_word' id='word_1_623' title='bbox 2790 4374 2889 4411; x_wconf 89' lang='lat' dir='ltr'><strong>nec</strong></span> <span class='ocrx_word' id='word_1_624' title='bbox 2938 4368 3063 4412; x_wconf 90' lang='lat' dir='ltr'><strong>ante</strong></span> <span class='ocrx_word' id='word_1_625' title='bbox 3122 4359 3420 4429; x_wconf 90' lang='lat' dir='ltr'><strong>quidquam</strong></span> 
     </span>
    </p>
   </div>
   <div class='ocr_carea' id='block_1_88' title="bbox 160 4432 1826 4522">
    <p class='ocr_par' dir='ltr' id='par_1_88' title="bbox 160 4432 1743 4522">
     <span class='ocr_line' id='line_1_88' title="bbox 160 4432 1743 4522; baseline 0.013 -37"><span class='ocrx_word' id='word_1_626' title='bbox 160 4432 446 4486; x_wconf 78' lang='grc' dir='ltr'>θεοδόσιον</span> <span class='ocrx_word' id='word_1_627' title='bbox 502 4436 951 4494; x_wconf 81' lang='grc' dir='ltr'>ἐπισταλθέντων·</span> <span class='ocrx_word' id='word_1_628' title='bbox 998 4444 1135 4513; x_wconf 70' lang='grc' dir='ltr'>προς</span> <span class='ocrx_word' id='word_1_629' title='bbox 1182 4446 1349 4517; x_wconf 85' lang='grc' dir='ltr'>μόνην</span> <span class='ocrx_word' id='word_1_630' title='bbox 1399 4450 1601 4521; x_wconf 82' lang='grc' dir='ltr'>ταύτην</span> <span class='ocrx_word' id='word_1_631' title='bbox 1644 4451 1743 4522; x_wconf 75' lang='grc' dir='ltr'><strong>τὴν</strong></span> 
     </span>
    </p>
   </div>
   <div class='ocr_carea' id='block_1_89' title="bbox 1751 4432 3417 4522">
    <p class='ocr_par' dir='ltr' id='par_1_89' title="bbox 1844 4450 3417 4520">
     <span class='ocr_line' id='line_1_89' title="bbox 1844 4450 3417 4520; baseline 0.003 -17"><span class='ocrx_word' id='word_1_632' title='bbox 1844 4452 2188 4505; x_wconf 86' lang='lat' dir='ltr'><strong>audissemus</strong></span> <span class='ocrx_word' id='word_1_633' title='bbox 2242 4466 2403 4520; x_wconf 87' lang='lat' dir='ltr'><strong>quam</strong></span> <span class='ocrx_word' id='word_1_634' title='bbox 2464 4450 2995 4518; x_wconf 82' lang='lat' dir='ltr'><strong>Constantinopolim</strong></span> <span class='ocrx_word' id='word_1_635' title='bbox 3041 4451 3417 4517; x_wconf 83' lang='lat' dir='ltr'><strong>pervenimus:</strong></span> 
     </span>
    </p>
   </div>
   <div class='ocr_carea' id='block_1_90' title="bbox 159 4525 1825 4623">
    <p class='ocr_par' dir='ltr' id='par_1_90' title="bbox 159 4525 1820 4623">
     <span class='ocr_line' id='line_1_90' title="bbox 159 4525 1820 4623; baseline 0.014 -46"><span class='ocrx_word' id='word_1_636' title='bbox 159 4525 479 4623; x_wconf 72' lang='grc' dir='ltr'>ἀποδημίαν</span> <span class='ocrx_word' id='word_1_637' title='bbox 701 4532 861 4603; x_wconf 85' lang='grc' dir='ltr'>μέχρι</span> <span class='ocrx_word' id='word_1_638' title='bbox 923 4536 1541 4606; x_wconf 78' lang='grc' dir='ltr'>Κωνσταντινουπόλεως</span> <span class='ocrx_word' id='word_1_639' title='bbox 1606 4562 1745 4615; x_wconf 84' lang='grc' dir='ltr'>παρ·</span> <span class='ocrx_word' id='word_1_640' title='bbox 1776 4568 1820 4623; x_wconf 79' lang='lat' dir='ltr'><strong>D</strong></span> 
     </span>
    </p>
   </div>
   <div class='ocr_carea' id='block_1_91' title="bbox 1754 4525 3420 4623">
    <p class='ocr_par' dir='ltr' id='par_1_91' title="bbox 1776 4540 3420 4623">
     <span class='ocr_line' id='line_1_91' title="bbox 1776 4540 3420 4623; baseline 0.001 -28"><span class='ocrx_word' id='word_1_641' title='bbox 1776 4568 1820 4623; x_wconf 73' lang='grc' dir='ltr'>ο</span> <span class='ocrx_word' id='word_1_642' title='bbox 1850 4557 1973 4595; x_wconf 92' lang='lat' dir='ltr'><strong>cum</strong></span> <span class='ocrx_word' id='word_1_643' title='bbox 2005 4540 2291 4610; x_wconf 67' lang='lat' dir='ltr'><strong>prtrstituti</strong></span> <span class='ocrx_word' id='word_1_644' title='bbox 2344 4554 2564 4609; x_wconf 85' lang='lat' dir='ltr'><strong>quoque</strong></span> <span class='ocrx_word' id='word_1_645' title='bbox 2623 4540 2887 4609; x_wconf 88' lang='lat' dir='ltr'><strong>temporis</strong></span> <span class='ocrx_word' id='word_1_646' title='bbox 2926 4540 3200 4609; x_wconf 84' lang='lat' dir='ltr'><strong>angustia,</strong></span> <span class='ocrx_word' id='word_1_647' title='bbox 3244 4556 3420 4609; x_wconf 86' lang='lat' dir='ltr'><strong>neque</strong></span> 
     </span>
    </p>
   </div>
   <div class='ocr_carea' id='block_1_92' title="bbox 167 4617 1833 4702">
    <p class='ocr_par' dir='ltr' id='par_1_92' title="bbox 167 4617 1810 4702">
     <span class='ocr_line' id='line_1_92' title="bbox 167 4617 1810 4702; baseline 0.015 -35"><span class='ocrx_word' id='word_1_648' title='bbox 167 4617 562 4686; x_wconf 81' lang='grc' dir='ltr'>εσκευασμένοι</span> <span class='ocrx_word' id='word_1_649' title='bbox 588 4620 655 4685; x_wconf 83' lang='grc'><strong>³⁸,</strong></span> <span class='ocrx_word' id='word_1_650' title='bbox 692 4625 787 4677; x_wconf 70' lang='grc' dir='ltr'><strong>καὶ</strong></span> <span class='ocrx_word' id='word_1_651' title='bbox 815 4628 942 4696; x_wconf 77' lang='grc' dir='ltr'>περὶ</span> <span class='ocrx_word' id='word_1_652' title='bbox 962 4626 1166 4699; x_wconf 82' lang='grc' dir='ltr'>ταύτης</span> <span class='ocrx_word' id='word_1_653' title='bbox 1196 4631 1363 4702; x_wconf 87' lang='grc' dir='ltr'>μόνης</span> <span class='ocrx_word' id='word_1_654' title='bbox 1394 4633 1495 4700; x_wconf 85' lang='grc' dir='ltr'>τῆς</span> <span class='ocrx_word' id='word_1_655' title='bbox 1525 4637 1743 4690; x_wconf 79' lang='grc' dir='ltr'>συνόδου</span> <span class='ocrx_word' id='word_1_656' title='bbox 1776 4617 1810 4623; x_wconf 39' lang='lat' dir='ltr'><strong>w</strong></span> 
     </span>
    </p>
   </div>
   <div class='ocr_carea' id='block_1_93' title="bbox 1752 4617 3418 4702">
    <p class='ocr_par' dir='ltr' id='par_1_93' title="bbox 1776 4617 3418 4701">
     <span class='ocr_line' id='line_1_93' title="bbox 1776 4617 3418 4701; baseline 0.001 -16"><span class='ocrx_word' id='word_1_657' title='bbox 1776 4617 1810 4623; x_wconf 37' lang='lat' dir='ltr'><strong>w</strong></span> <span class='ocrx_word' id='word_1_658' title='bbox 1847 4633 1912 4686; x_wconf 86' lang='lat' dir='ltr'><strong>ad</strong></span> <span class='ocrx_word' id='word_1_659' title='bbox 1948 4632 2161 4701; x_wconf 79' lang='lat' dir='ltr'><strong>longius</strong></span> <span class='ocrx_word' id='word_1_660' title='bbox 2199 4632 2302 4686; x_wconf 90' lang='lat' dir='ltr'><strong>iter</strong></span> <span class='ocrx_word' id='word_1_661' title='bbox 2354 4630 2752 4692; x_wconf 88' lang='lat' dir='ltr'><strong>adornandum,</strong></span> <span class='ocrx_word' id='word_1_662' title='bbox 2797 4645 2973 4699; x_wconf 88' lang='lat' dir='ltr'><strong>neque</strong></span> <span class='ocrx_word' id='word_1_663' title='bbox 3022 4631 3087 4685; x_wconf 89' lang='lat' dir='ltr'><strong>ad</strong></span> <span class='ocrx_word' id='word_1_664' title='bbox 3131 4631 3418 4700; x_wconf 88' lang='lat' dir='ltr'><strong>episcopos</strong></span> 
     </span>
    </p>
   </div>
   <div class='ocr_carea' id='block_1_94' title="bbox 160 4705 1826 4796">
    <p class='ocr_par' dir='ltr' id='par_1_94' title="bbox 160 4705 1748 4796">
     <span class='ocr_line' id='line_1_94' title="bbox 160 4705 1748 4796; baseline 0.016 -40"><span class='ocrx_word' id='word_1_665' title='bbox 160 4705 273 4757; x_wconf 82' lang='grc' dir='ltr'>τῶν</span> <span class='ocrx_word' id='word_1_666' title='bbox 314 4707 372 4760; x_wconf 83' lang='grc' dir='ltr'><strong>ἐν</strong></span> <span class='ocrx_word' id='word_1_667' title='bbox 414 4712 534 4773; x_wconf 87' lang='grc' dir='ltr'>ταῖς</span> <span class='ocrx_word' id='word_1_668' title='bbox 574 4712 865 4783; x_wconf 75' lang='grc' dir='ltr'>ἐπαρχίαις</span> <span class='ocrx_word' id='word_1_669' title='bbox 915 4719 1212 4785; x_wconf 87' lang='grc' dir='ltr'>μεινάντων</span> <span class='ocrx_word' id='word_1_670' title='bbox 1261 4724 1572 4779; x_wconf 87' lang='grc' dir='ltr'>ἐπισκόπων</span> <span class='ocrx_word' id='word_1_671' title='bbox 1619 4745 1748 4796; x_wconf 87' lang='grc' dir='ltr'>συγ-</span> 
     </span>
    </p>
   </div>
   <div class='ocr_carea' id='block_1_95' title="bbox 1752 4705 3418 4796">
    <p class='ocr_par' dir='ltr' id='par_1_95' title="bbox 1847 4722 3418 4793">
     <span class='ocr_line' id='line_1_95' title="bbox 1847 4722 3418 4793; baseline -0.004 -12"><span class='ocrx_word' id='word_1_672' title='bbox 1847 4725 2247 4781; x_wconf 87' lang='lat' dir='ltr'><strong>communionis</strong></span> <span class='ocrx_word' id='word_1_673' title='bbox 2284 4732 2485 4778; x_wconf 78' lang='lat' dir='ltr'><strong>nostra:</strong></span> <span class='ocrx_word' id='word_1_674' title='bbox 2511 4724 2604 4793; x_wconf 93' lang='lat' dir='ltr'><strong>qui</strong></span> <span class='ocrx_word' id='word_1_675' title='bbox 2651 4724 2704 4777; x_wconf 92' lang='lat' dir='ltr'><strong>in</strong></span> <span class='ocrx_word' id='word_1_676' title='bbox 2739 4722 3037 4792; x_wconf 91' lang='lat' dir='ltr'><strong>provinciis</strong></span> <span class='ocrx_word' id='word_1_677' title='bbox 3085 4732 3239 4777; x_wconf 86' lang='lat' dir='ltr'><strong>erant</strong></span> <span class='ocrx_word' id='word_1_678' title='bbox 3275 4738 3418 4776; x_wconf 87' lang='lat' dir='ltr'><strong>com-</strong></span> 
     </span>
    </p>
   </div>
   <div class='ocr_carea' id='block_1_96' title="bbox 161 4797 1827 4887">
    <p class='ocr_par' dir='ltr' id='par_1_96' title="bbox 161 4797 1749 4885">
     <span class='ocr_line' id='line_1_96' title="bbox 161 4797 1749 4885; baseline 0.014 -37"><span class='ocrx_word' id='word_1_679' title='bbox 161 4797 461 4851; x_wconf 74' lang='grc' dir='ltr'>κατάθεσιν</span> <span class='ocrx_word' id='word_1_680' title='bbox 493 4802 843 4873; x_wconf 81' lang='grc' dir='ltr'>ἐπαγόμενοι,</span> <span class='ocrx_word' id='word_1_681' title='bbox 896 4806 1045 4880; x_wconf 72' lang='grc'><strong>[210]</strong></span> <span class='ocrx_word' id='word_1_682' title='bbox 1090 4810 1342 4879; x_wconf 73' lang='grc' dir='ltr'>μείζονος</span> <span class='ocrx_word' id='word_1_683' title='bbox 1371 4813 1427 4868; x_wconf 86' lang='grc' dir='ltr'>δὲ</span> <span class='ocrx_word' id='word_1_684' title='bbox 1476 4815 1518 4846; x_wconf 87' lang='grc'><strong>³⁷</strong></span> <span class='ocrx_word' id='word_1_685' title='bbox 1548 4816 1749 4885; x_wconf 79' lang='grc' dir='ltr'>ἀποδη-</span> 
     </span>
    </p>
   </div>
   <div class='ocr_carea' id='block_1_97' title="bbox 1749 4797 3415 4887">
    <p class='ocr_par' dir='ltr' id='par_1_97' title="bbox 1848 4815 3415 4887">
     <span class='ocr_line' id='line_1_97' title="bbox 1848 4815 3415 4887; baseline -0.001 -15"><span class='ocrx_word' id='word_1_686' title='bbox 1848 4818 2297 4873; x_wconf 79' lang='lat' dir='ltr'><strong>monelaciendos</strong></span> <span class='ocrx_word' id='word_1_687' title='bbox 2324 4859 2338 4880; x_wconf 84' lang='lat'><strong>.</strong></span> <span class='ocrx_word' id='word_1_688' title='bbox 2392 4833 2696 4887; x_wconf 87' lang='lat' dir='ltr'><strong>eormnque</strong></span> <span class='ocrx_word' id='word_1_689' title='bbox 2743 4832 3050 4871; x_wconf 87' lang='lat' dir='ltr'><strong>consensus</strong></span> <span class='ocrx_word' id='word_1_690' title='bbox 3090 4815 3415 4871; x_wconf 89' lang='lat' dir='ltr'><strong>obtinendos</strong></span> 
     </span>
    </p>
   </div>
   <div class='ocr_carea' id='block_1_98' title="bbox 164 4889 1830 4980">
    <p class='ocr_par' dir='ltr' id='par_1_98' title="bbox 164 4889 1748 4975">
     <span class='ocr_line' id='line_1_98' title="bbox 164 4889 1748 4975; baseline 0.013 -36"><span class='ocrx_word' id='word_1_691' title='bbox 164 4889 299 4957; x_wconf 88' lang='grc' dir='ltr'>μίας</span> <span class='ocrx_word' id='word_1_692' title='bbox 329 4892 462 4960; x_wconf 83' lang='grc' dir='ltr'>μήτε</span> <span class='ocrx_word' id='word_1_693' title='bbox 499 4894 970 4965; x_wconf 86' lang='grc' dir='ltr'>προσδοκήσαντες</span> <span class='ocrx_word' id='word_1_694' title='bbox 1018 4901 1229 4968; x_wconf 89' lang='grc' dir='ltr'>χρείαν,</span> <span class='ocrx_word' id='word_1_695' title='bbox 1289 4904 1425 4973; x_wconf 85' lang='grc' dir='ltr'>μήτε</span> <span class='ocrx_word' id='word_1_696' title='bbox 1470 4907 1748 4975; x_wconf 79' lang='grc' dir='ltr'>προακού-</span> 
     </span>
    </p>
   </div>
   <div class='ocr_carea' id='block_1_99' title="bbox 1748 4889 3414 4980">
    <p class='ocr_par' dir='ltr' id='par_1_99' title="bbox 1850 4908 3414 4980">
     <span class='ocr_line' id='line_1_99' title="bbox 1850 4908 3414 4980; baseline -0.001 -17"><span class='ocrx_word' id='word_1_697' title='bbox 1850 4910 1985 4965; x_wconf 87' lang='lat' dir='ltr'><strong>satis</strong></span> <span class='ocrx_word' id='word_1_698' title='bbox 2026 4916 2171 4965; x_wconf 80' lang='lat' dir='ltr'><strong>esset</strong></span> <span class='ocrx_word' id='word_1_699' title='bbox 2202 4928 2215 4964; x_wconf 74' lang='grc' dir='ltr'><strong>ε</strong></span> <span class='ocrx_word' id='word_1_700' title='bbox 2246 4911 2509 4980; x_wconf 89' lang='lat' dir='ltr'><strong>quoniam</strong></span> <span class='ocrx_word' id='word_1_701' title='bbox 2561 4910 2676 4963; x_wconf 62' lang='lat' dir='ltr'><strong>haec</strong></span> <span class='ocrx_word' id='word_1_702' title='bbox 2732 4909 3014 4977; x_wconf 89' lang='lat' dir='ltr'><strong>multaque</strong></span> <span class='ocrx_word' id='word_1_703' title='bbox 3078 4908 3265 4963; x_wconf 67' lang='lat' dir='ltr'><strong>adhaec</strong></span> <span class='ocrx_word' id='word_1_704' title='bbox 3308 4908 3414 4961; x_wconf 89' lang='lat' dir='ltr'><strong>alia</strong></span> 
     </span>
    </p>
   </div>
   <div class='ocr_carea' id='block_1_100' title="bbox 162 4981 1828 5073">
    <p class='ocr_par' dir='ltr' id='par_1_100' title="bbox 162 4981 1747 5055">
     <span class='ocr_line' id='line_1_100' title="bbox 162 4981 1747 5055; baseline 0.014 -24"><span class='ocrx_word' id='word_1_705' title='bbox 162 4996 359 5043; x_wconf 85' lang='grc' dir='ltr'>σαντες</span> <span class='ocrx_word' id='word_1_706' title='bbox 378 4981 537 5047; x_wconf 82' lang='grc' dir='ltr'>ὅλως,</span> <span class='ocrx_word' id='word_1_707' title='bbox 555 4986 686 5055; x_wconf 78' lang='grc' dir='ltr'>πρὶν</span> <span class='ocrx_word' id='word_1_708' title='bbox 713 4987 771 5040; x_wconf 85' lang='grc' dir='ltr'><strong>ἐν</strong></span> <span class='ocrx_word' id='word_1_709' title='bbox 798 4989 1361 5048; x_wconf 83' lang='grc' dir='ltr'>Κωνσταντινουπόλει</span> <span class='ocrx_word' id='word_1_710' title='bbox 1378 4997 1422 5028; x_wconf 78' lang='grc'><strong>³⁸</strong></span> <span class='ocrx_word' id='word_1_711' title='bbox 1452 4997 1747 5052; x_wconf 74' lang='grc' dir='ltr'>συνελθείνο</span> 
     </span>
    </p>
   </div>
   <div class='ocr_carea' id='block_1_101' title="bbox 1748 4981 3414 5073">
    <p class='ocr_par' dir='ltr' id='par_1_101' title="bbox 1851 5000 3414 5073">
     <span class='ocr_line' id='line_1_101' title="bbox 1851 5000 3414 5073; baseline -0.001 -18"><span class='ocrx_word' id='word_1_712' title='bbox 1851 5003 2114 5072; x_wconf 88' lang='lat' dir='ltr'><strong>plurimos</strong></span> <span class='ocrx_word' id='word_1_713' title='bbox 2137 5004 2323 5058; x_wconf 86' lang='lat' dir='ltr'><strong>venire</strong></span> <span class='ocrx_word' id='word_1_714' title='bbox 2353 5002 2735 5073; x_wconf 89' lang='lat' dir='ltr'><strong>prohibebant,</strong></span> <span class='ocrx_word' id='word_1_715' title='bbox 2761 5002 2905 5072; x_wconf 89' lang='lat' dir='ltr'><strong>quod</strong></span> <span class='ocrx_word' id='word_1_716' title='bbox 2936 5000 3244 5071; x_wconf 82' lang='lat' dir='ltr'><strong>proximum</strong></span> <span class='ocrx_word' id='word_1_717' title='bbox 3274 5009 3414 5063; x_wconf 87' lang='lat' dir='ltr'><strong>erat,</strong></span> 
     </span>
    </p>
   </div>
   <div class='ocr_carea' id='block_1_102' title="bbox 239 5158 1181 5236">
    <p class='ocr_par' dir='ltr' id='par_1_102' title="bbox 239 5158 1181 5236">
     <span class='ocr_line' id='line_1_102' title="bbox 239 5158 1181 5236; baseline 0.017 -24"><span class='ocrx_word' id='word_1_718' title='bbox 239 5158 311 5213; x_wconf 69' lang='lat' dir='ltr'><strong>el</strong></span> <span class='ocrx_word' id='word_1_719' title='bbox 343 5159 465 5215; x_wconf 83' lang='lat' dir='ltr'><strong>Cor.</strong></span> <span class='ocrx_word' id='word_1_720' title='bbox 498 5177 573 5228; x_wconf 79' lang='lat' dir='ltr'><strong>iv,</strong></span> <span class='ocrx_word' id='word_1_721' title='bbox 604 5163 654 5217; x_wconf 91' lang='lat'><strong>8.</strong></span> <span class='ocrx_word' id='word_1_722' title='bbox 744 5167 763 5206; x_wconf 72' lang='grc' dir='ltr'><strong>ί</strong></span> <span class='ocrx_word' id='word_1_723' title='bbox 805 5167 950 5225; x_wconf 86' lang='lat' dir='ltr'><strong>Psal.</strong></span> <span class='ocrx_word' id='word_1_724' title='bbox 987 5186 1094 5236; x_wconf 78' lang='lat' dir='ltr'><strong>Liv,</strong></span> <span class='ocrx_word' id='word_1_725' title='bbox 1130 5172 1181 5228; x_wconf 85' lang='lat'><strong>7.</strong></span> 
     </span>
    </p>
   </div>
   <div class='ocr_carea' id='block_1_103' title="bbox 1464 5332 2135 5391">
    <p class='ocr_par' dir='ltr' id='par_1_103' title="bbox 1464 5332 2135 5391">
     <span class='ocr_line' id='line_1_103' title="bbox 1464 5332 2135 5391; baseline 0.006 -6"><span class='ocrx_word' id='word_1_726' title='bbox 1464 5332 1697 5388; x_wconf 64' lang='lat' dir='ltr'><strong>VARIxE</strong></span> <span class='ocrx_word' id='word_1_727' title='bbox 1737 5333 2135 5391; x_wconf 80' lang='lat' dir='ltr'><strong>LECTIONES.</strong></span> 
     </span>
    </p>
   </div>
   <div class='ocr_carea' id='block_1_104' title="bbox 267 5506 3490 5599">
    <p class='ocr_par' dir='ltr' id='par_1_104' title="bbox 267 5506 3490 5599">
     <span class='ocr_line' id='line_1_104' title="bbox 267 5506 3490 5599; baseline -0.001 -24"><span class='ocrx_word' id='word_1_728' title='bbox 267 5506 737 5599; x_wconf 56' lang='grc' dir='ltr'><strong>⁸³ρτξξξξξῖτξίξιίλσξξς</strong></span> <span class='ocrx_word' id='word_1_729' title='bbox 763 5512 1191 5599; x_wconf 49' lang='grc' dir='ltr'><strong>ξθοιθυιξοεῆνίιζίι</strong></span> <span class='ocrx_word' id='word_1_730' title='bbox 1212 5511 1481 5599; x_wconf 33' lang='grc' dir='ltr'><strong>νίιῃιρξὶμεδ,</strong></span> <span class='ocrx_word' id='word_1_731' title='bbox 1508 5522 1836 5599; x_wconf 49' lang='grc' dir='ltr'>προείμησις</span> <span class='ocrx_word' id='word_1_732' title='bbox 1862 5523 2078 5599; x_wconf 65' lang='lat' dir='ltr'><strong>quidem</strong></span> <span class='ocrx_word' id='word_1_733' title='bbox 2100 5521 2429 5599; x_wconf 57' lang='lat' dir='ltr'><strong>nullnnrhie</strong></span> <span class='ocrx_word' id='word_1_734' title='bbox 2459 5535 2680 5599; x_wconf 62' lang='lat' dir='ltr'><strong>sensum</strong></span> <span class='ocrx_word' id='word_1_735' title='bbox 2714 5520 2914 5599; x_wconf 61' lang='lat' dir='ltr'><strong>liabet:_</strong></span> <span class='ocrx_word' id='word_1_736' title='bbox 2947 5517 3413 5599; x_wconf 39' lang='lat' dir='ltr'><strong>_&quot;.6qp.oct.=:tigstg</strong></span> <span class='ocrx_word' id='word_1_737' title='bbox 3487 5567 3490 5569; x_wconf 17' lang='grc' dir='ltr'><strong>Α</strong></span> 
     </span>
    </p>
   </div>
   <div class='ocr_carea' id='block_1_105' title="bbox 161 5575 3410 5661">
    <p class='ocr_par' dir='ltr' id='par_1_105' title="bbox 161 5575 3410 5661">
     <span class='ocr_line' id='line_1_105' title="bbox 161 5575 3410 5661; baseline 0.004 -31"><span class='ocrx_word' id='word_1_738' title='bbox 161 5575 488 5661; x_wconf 38' lang='grc' dir='ltr'><strong>Βδξκϐςξξιί.</strong></span> <span class='ocrx_word' id='word_1_739' title='bbox 524 5587 577 5629; x_wconf 88' lang='lat' dir='ltr'><strong>et</strong></span> <span class='ocrx_word' id='word_1_740' title='bbox 605 5575 1102 5661; x_wconf 37' lang='lat' dir='ltr'><strong>Lat.‘c‘um_Stepfl‘t.</strong></span> <span class='ocrx_word' id='word_1_741' title='bbox 1130 5584 1179 5661; x_wconf 57' lang='lat'><strong>1.</strong></span> <span class='ocrx_word' id='word_1_742' title='bbox 1279 5584 1327 5661; x_wconf 50' lang='lat'><strong>’2</strong></span> <span class='ocrx_word' id='word_1_743' title='bbox 1344 5575 1590 5661; x_wconf 32' lang='grc' dir='ltr'>δύναιτοίῄ</span> <span class='ocrx_word' id='word_1_744' title='bbox 1613 5575 1775 5644; x_wconf 74' lang='lat' dir='ltr'><strong>Iidem</strong></span> <span class='ocrx_word' id='word_1_745' title='bbox 1807 5575 1930 5645; x_wconf 59' lang='lat' dir='ltr'><strong>cuin</strong></span> <span class='ocrx_word' id='word_1_746' title='bbox 1955 5592 2177 5661; x_wconf 84' lang='lat' dir='ltr'><strong>Niccph.</strong></span> <span class='ocrx_word' id='word_1_747' title='bbox 2284 5593 2328 5624; x_wconf 77' lang='lat'>“</span> <span class='ocrx_word' id='word_1_748' title='bbox 2362 5591 2566 5660; x_wconf 82' lang='grc' dir='ltr'>ἐπειδή.</span> <span class='ocrx_word' id='word_1_749' title='bbox 2608 5591 2793 5643; x_wconf 80' lang='lat' dir='ltr'><strong>Iidem.</strong></span> <span class='ocrx_word' id='word_1_750' title='bbox 2874 5592 2915 5623; x_wconf 88' lang='grc'><strong>³¹</strong></span> <span class='ocrx_word' id='word_1_751' title='bbox 2942 5575 3213 5661; x_wconf 55' lang='grc' dir='ltr'>ἐτίναμεν,</span> <span class='ocrx_word' id='word_1_752' title='bbox 3245 5575 3410 5661; x_wconf 70' lang='lat' dir='ltr'><strong>[idem</strong></span> 
     </span>
    </p>
   </div>
   <div class='ocr_carea' id='block_1_106' title="bbox 162 5645 3409 5730">
    <p class='ocr_par' dir='ltr' id='par_1_106' title="bbox 162 5645 3409 5730">
     <span class='ocr_line' id='line_1_106' title="bbox 162 5645 3409 5730; baseline 0.005 -35"><span class='ocrx_word' id='word_1_753' title='bbox 162 5645 325 5730; x_wconf 54' lang='lat' dir='ltr'><strong>codd.</strong></span> <span class='ocrx_word' id='word_1_754' title='bbox 364 5646 641 5730; x_wconf 59' lang='grc' dir='ltr'>Ἐτίνομεν</span> <span class='ocrx_word' id='word_1_755' title='bbox 668 5654 753 5730; x_wconf 67' lang='lat' dir='ltr'><strong>est</strong></span> <span class='ocrx_word' id='word_1_756' title='bbox 780 5645 1185 5730; x_wconf 56' lang='lat' dir='ltr'><strong>Christ.,&#39;Scal.</strong></span> <span class='ocrx_word' id='word_1_757' title='bbox 1212 5653 1554 5730; x_wconf 52' lang='lat' dir='ltr'><strong>etgasattb._</strong></span> <span class='ocrx_word' id='word_1_758' title='bbox 1580 5659 1813 5729; x_wconf 90' lang='lat' dir='ltr'><strong>itemque</strong></span> <span class='ocrx_word' id='word_1_759' title='bbox 1843 5662 2067 5730; x_wconf 71' lang='lat' dir='ltr'><strong>Niecph.</strong></span> <span class='ocrx_word' id='word_1_760' title='bbox 2090 5645 2102 5661; x_wconf 51' lang='grc'>⁸</span> <span class='ocrx_word' id='word_1_761' title='bbox 2159 5665 2203 5694; x_wconf 83' lang='grc'><strong>³³</strong></span> <span class='ocrx_word' id='word_1_762' title='bbox 2234 5645 2597 5728; x_wconf 74' lang='grc' dir='ltr'>ἐξεπαίδευσε.</span> <span class='ocrx_word' id='word_1_763' title='bbox 2630 5662 2751 5713; x_wconf 80' lang='lat' dir='ltr'><strong>Bas.</strong></span> <span class='ocrx_word' id='word_1_764' title='bbox 2783 5673 2834 5714; x_wconf 89' lang='lat' dir='ltr'><strong>et</strong></span> <span class='ocrx_word' id='word_1_765' title='bbox 2857 5661 3040 5727; x_wconf 85' lang='lat' dir='ltr'><strong>Steph.</strong></span> <span class='ocrx_word' id='word_1_766' title='bbox 3095 5645 3106 5659; x_wconf 78' lang='grc'><em>’</em></span> <span class='ocrx_word' id='word_1_767' title='bbox 3126 5660 3173 5730; x_wconf 63' lang='grc' dir='ltr'><strong>’ξ</strong></span> <span class='ocrx_word' id='word_1_768' title='bbox 3199 5659 3409 5730; x_wconf 74' lang='grc' dir='ltr'>ἐπειδη.</span> 
     </span>
    </p>
   </div>
   <div class='ocr_carea' id='block_1_107' title="bbox 162 5714 3411 5804">
    <p class='ocr_par' dir='ltr' id='par_1_107' title="bbox 162 5714 3411 5804">
     <span class='ocr_line' id='line_1_107' title="bbox 162 5714 3411 5804; baseline 0.003 -35"><span class='ocrx_word' id='word_1_769' title='bbox 162 5714 746 5804; x_wconf 25' lang='grc' dir='ltr'>[ἱιιὶιξιξιᾲειεξιι-ῌίεορξιὶ.</span> <span class='ocrx_word' id='word_1_770' title='bbox 792 5719 1228 5804; x_wconf 36' lang='grc' dir='ltr'>,⁸⁸νὰρχομὲνης.</span> <span class='ocrx_word' id='word_1_771' title='bbox 1273 5723 1435 5804; x_wconf 74' lang='lat' dir='ltr'><strong>Basil.</strong></span> <span class='ocrx_word' id='word_1_772' title='bbox 1589 5714 2155 5801; x_wconf 45' lang='grc' dir='ltr'>παρασκευασάμενοι.</span> <span class='ocrx_word' id='word_1_773' title='bbox 2188 5714 2409 5802; x_wconf 63' lang='grc' dir='ltr'>Νίδριιίι.</span> <span class='ocrx_word' id='word_1_774' title='bbox 2454 5730 2895 5804; x_wconf 65' lang='grc' dir='ltr'>συνηθροισμένοι</span> <span class='ocrx_word' id='word_1_775' title='bbox 2931 5714 3115 5801; x_wconf 68' lang='lat' dir='ltr'><strong>Steph.</strong></span> <span class='ocrx_word' id='word_1_776' title='bbox 3150 5728 3202 5782; x_wconf 71' lang='grc'><strong>2.</strong></span> <span class='ocrx_word' id='word_1_777' title='bbox 3281 5729 3324 5761; x_wconf 86' lang='grc'><strong><em>³⁷</em></strong></span> <span class='ocrx_word' id='word_1_778' title='bbox 3356 5714 3411 5781; x_wconf 68' lang='grc' dir='ltr'>δὲ</span> 
     </span>
    </p>
   </div>
   <div class='ocr_carea' id='block_1_108' title="bbox 162 5784 2073 5873">
    <p class='ocr_par' dir='ltr' id='par_1_108' title="bbox 162 5784 2073 5873">
     <span class='ocr_line' id='line_1_108' title="bbox 162 5784 2073 5873; baseline 0.01 -37"><span class='ocrx_word' id='word_1_779' title='bbox 162 5784 319 5838; x_wconf 65' lang='lat' dir='ltr'><strong>abest.</strong></span> <span class='ocrx_word' id='word_1_780' title='bbox 343 5798 373 5837; x_wconf 85' lang='lat' dir='ltr'><strong>a</strong></span> <span class='ocrx_word' id='word_1_781' title='bbox 407 5784 571 5841; x_wconf 81' lang='lat' dir='ltr'><strong>Basil.</strong></span> <span class='ocrx_word' id='word_1_782' title='bbox 654 5784 665 5786; x_wconf 48' lang='grc'>⁷</span> <span class='ocrx_word' id='word_1_783' title='bbox 688 5787 730 5817; x_wconf 63' lang='grc'><strong>³’²</strong></span> <span class='ocrx_word' id='word_1_784' title='bbox 758 5792 832 5853; x_wconf 79' lang='grc' dir='ltr'>εἰς</span> <span class='ocrx_word' id='word_1_785' title='bbox 866 5784 1449 5851; x_wconf 63' lang='grc' dir='ltr'>Κώνσταντίνονπό)ιν,</span> <span class='ocrx_word' id='word_1_786' title='bbox 1484 5784 1799 5854; x_wconf 66' lang='grc' dir='ltr'>Ιὲιῖωιι’ςιιιιι</span> <span class='ocrx_word' id='word_1_787' title='bbox 1829 5784 2015 5873; x_wconf 69' lang='lat' dir='ltr'><strong>Steph.</strong></span> <span class='ocrx_word' id='word_1_788' title='bbox 2063 5807 2073 5855; x_wconf 95' lang='lat' dir='ltr'><strong>l</strong></span> 
     </span>
    </p>
   </div>
  </div>
