4218 6456
755 391 890 457 1215

1707 397 2197 456 TlIEODORETI
2238 399 2575 457 El’lSCOPl
2615 399 2980 459 CYBENSIS

3865 395 4005 455 1216

756 520 868 561 tum
901 505 967 558 ad
1001 521 1085 560 res
1107 508 1536 573 constituendas,
1597 516 1711 560 tum
1760 508 1829 561 ad
1893 516 2133 561 vestram
2175 516 2191 576 (
2220 524 2320 561 no-
2351 521 2394 571 Α

2436 510 2560 578 πρὸς
2589 511 2645 563 δὲ
2669 511 2899 574 τούτοις,
2928 510 3021 563 κα)⁵
3063 508 3164 578 τῆς
3192 508 3528 582 προθεσμίας
3569 509 3654 562 διὰ
3686 508 4003 575 στενότητα,

758 605 929 650 stram
956 598 974 666 )
1011 611 1136 665 erga
1169 612 1269 651 nos
1301 598 1442 667 (vos)
1466 597 1893 652 benevolentiam
1919 597 2325 663 declarandam,

758 686 1244 741 revercudissimos
1337 688 1910 757 honoratissimosque
1995 688 2190 745 fratres
2271 697 2327 744 et

756 777 995 844 collegas
1034 787 1253 831 nostros
1286 780 1603 847 episcopos,
1636 779 1950 847 Cyriacum,
2010 780 2325 845 Eusebium,

761 865 969 934 1031
1005 875 1059 919 et
1091 865 1433 921 Priscianum
1463 871 1833 935 exoravimus,
1868 879 1924 922 ut
1949 868 2327 938 proﬁciscendi

757 957 824 1010 ad
864 974 958 1012 vos
1014 959 1257 1013 laborem
1313 961 1543 1013 libenter
1584 962 1929 1030 susciperent
1985 979 1996 1013 :
2055 977 2152 1030 per
2190 976 2328 1031 quos

762 1058 813 1100 et
848 1048 1074 1116 paciﬁca
1107 1052 1482 1118 unitatemque
1520 1062 1776 1121 spectans
1823 1053 2077 1107 voluntas
2120 1063 2327 1117 nostra,

757 1147 812 1193 ct
836 1140 1122 1195 incensum
1150 1158 1296 1196 sana:
1337 1142 1460 1196 ﬁdei
1514 1145 1755 1196 studium
1806 1146 2047 1213 patefiat.
2102 1143 2212 1199 Nos
2249 1152 2331 1198 et-

757 1232 933 1293 enim,
999 1234 1113 1287 sive
1168 1235 1625 1303 persecutiones,
1671 1236 1787 1289 sive
1847 1238 2149 1300 cruciatus,
2215 1238 2333 1292 sive

757 1320 1140 1389 imperatorias
1206 1325 1405 1386 minas,
1435 1324 1549 1378 sive
1607 1324 1985 1378 crudelitatem
2035 1325 2279 1393 judicum
2313 1364 2327 1389 ,

764 1410 877 1463 sive
917 1411 1077 1464 aliam
1142 1428 1527 1483 quamcunque
1584 1417 1935 1470 tentationem
1985 1418 2328 1485 pertulimus,

764 1516 865 1569 pro
894 1503 1206 1571 evangelica
1233 1503 1336 1557 ﬁde
1359 1518 1388 1556 a
1415 1505 1675 1559 trecentis
1702 1506 1890 1559 decem
1961 1515 2015 1559 et
2061 1516 2190 1561 octo
2233 1507 2333 1561 Pa-

769 1593 945 1646 tribus
972 1594 1113 1661 apud
1159 1593 1387 1648 Nicaeam
1425 1595 1691 1664 Bithynia:
1721 1596 2041 1650 conﬁrmata
2073 1600 2335 1653 sustinui-

764 1696 909 1735 mus.
937 1680 1086 1735 Hanc
1108 1682 1294 1749 utique
1321 1692 1375 1737 et
1412 1684 1567 1739 vobis
1591 1695 1645 1739 et
1679 1688 1859 1749 nobis,
1883 1693 1937 1741 et
1964 1689 2221 1743 omnibus
2238 1691 2327 1758 qui

764 1788 909 1827 vera:
941 1773 1061 1826 ﬁdei
1096 1774 1316 1827 verbum
1350 1790 1458 1828 non
1493 1784 1832 1844 pervertunt,
1872 1778 2091 1843 probari
2134 1794 2332 1833 conve-

2429 602 2567 670 μήτε
2593 601 2729 670 πρὸς
2758 600 3111 670 παρασκευὴν
3153 600 3495 669 μακροτέρας
3521 598 3829 666 ἀποδημίας
3863 595 4006 646 ἐνδι-

2425 691 2619 758 δούσης
2646 690 2854 759 καιρὸν,
2891 690 3029 758 μήτε
3065 689 3270 750 πάντας
3312 689 3437 750 τοὺς
3470 690 3526 741 ἐν
3559 691 3675 749 ταῖς
3711 686 4007 755 ἐπαρχίαις

2427 782 2775 843 κοινωνικοὺς
2802 781 3132 841 ἐπισκόπους
3159 780 3591 849 ὑπομνησθῆναι,
3628 779 3838 841 καὶτὰς
3871 781 4006 847 παρ’

2427 872 2605 925 αὑτῶν
2635 869 3057 938 συγκαταθέσεις
3095 869 3298 921 λαϐεῖν’
3330 870 3516 939 ἐπειδὴ
3541 870 3733 933 ταῦτα,
3752 871 3846 921 καὶ
3878 868 4009 920 πολ-

2427 960 2494 1013 λὰ
2537 961 2672 1030 πρὸς
2716 958 2927 1021 τούτοις
2981 958 3165 1027 ἕτερα,
3215 960 3315 1027 τὴν
3350 960 3459 1011 τῶν
3507 960 3766 1012 πλειόνων
3821 959 4008 1025 ἄφιξιν

2427 1051 2771 1116 διεκώλυσεν,
2806 1051 2835 1103 ὃ
2863 1050 3112 1121 δεύτερον
3149 1047 3236 1121 ἦν,
3274 1052 3353 1113 εἴς
3398 1069 3458 1103 τε
3494 1052 3603 1103 τῶν
3662 1051 4008 1120 πραγμάτων

2430 1141 2821 1211 ἐπανόρθωσιν,
2855 1143 2948 1193 καὶ
2980 1141 3077 1212 τὴν
3120 1141 3221 1210 τῆς
3265 1142 3309 1173 ³9
3349 1141 3617 1211 ὑμετέρας
3669 1142 3797 1211 περὶ
3857 1143 4008 1209 ἡμᾶς

2429 1232 2648 1301 ἀγάπης
2672 1230 2967 1294 ἀπόδειξιν,
3001 1230 3157 1282 τοῦτο
3187 1232 3591 1299 πεποιήκαμεν,
3628 1232 3753 1293 τοὺς
3800 1230 4006 1281 αἰδεσι-

2432 1320 2716 1389 μωτάτους
2744 1318 2838 1372 καὶ
2868 1318 3229 1387 τιμιωτάτους
3264 1318 3709 1389 συλλειτουργοὺς
3736 1318 3831 1369 καί
3852 1316 4009 1369 ἀδελ-

2432 1408 2565 1476 φοὺς
2609 1408 2764 1477 ἡμῶν
2807 1408 3157 1469 ἐπισκόπους,
3228 1408 3524 1476 κυριακὸν,
3580 1408 3839 1460 Εὑσέὅιον
3913 1408 4009 1458 καὶ

2433 1500 2779 1568 Πρισκιανὸν,
2820 1498 3113 1568 προθύμως
3151 1501 3347 1567 καμεῖν
3392 1501 3548 1567 ἄχρις
3579 1499 3731 1568 ὑμῶν
3753 1499 4011 1566 δυσωπή-

2435 1604 2644 1650 σαντες’
2679 1588 2744 1640 δι’
2775 1582 2849 1641 ὧν
2895 1589 2988 1640 καὶ
3022 1589 3119 1656 τὴν
3150 1588 3421 1657 ἡμετέραν
3448 1591 3768 1658 προαίρεσιν
3802 1592 4011 1659 εἰρηνι-

2434 1682 2535 1750 κὴν
2567 1676 2752 1741 οὖσαν,
2784 1680 2876 1731 καὶ
2911 1678 3111 1731 σκοπὸν
3159 1680 3403 1740 ἐνωσεως
3440 1679 3670 1748 ἔχουσαν
3696 1679 3762 1743 η,
3792 1680 3886 1731 καὶ
3917 1680 4010 1730 τὸν

2434 1774 2593 1843 ζῆλον
2619 1773 2775 1845 ἡμῶν
2805 1773 2896 1825 τὸν
2946 1772 3085 1841 ὑπὲρ
3130 1770 3231 1838 τῆς
3271 1769 3455 1837 ὑγιοῦς
3507 1769 3743 1831 πίστεως
3772 1769 4013 1837 φανερὸν

766 1866 868 1931 nit,
905 1873 962 1919 ut
998 1881 1119 1934 qua:
1145 1867 1523 1935 antiquissima
1553 1869 1643 1933 sit,
1674 1877 1729 1923 et
1750 1869 2062 1937 baptismati
2102 1885 2334 1924 consen-
2366 1859 2405 1911 Β

2436 1864 2716 1933 ποιοῦμεν.
2761 1865 2952 1933 Ἡμεῖς
2990 1863 3120 1932 γὰρ,
3148 1862 3256 1914 εἴτε
3303 1863 3594 1929 διωγμοὺς,
3622 1862 3731 1913 εἴτε
3776 1862 4009 1929 θλίψεις,

766 1963 947 2019 tanea,
975 1954 1177 2008 docens
1213 1972 1311 2011 nos
1360 1957 1584 2011 credere
1632 1959 1685 2011 in
1738 1959 1963 2012 nomine
2028 1958 2231 2024 Patris,
2278 1970 2334 2013 et

766 2045 912 2111 Filii,
947 2055 1001 2100 et
1030 2045 1269 2115 Spiritus
1302 2050 1497 2102 sancti.
1527 2050 1601 2103 lta
1625 2049 1908 2115 nimirum,
1934 2058 1993 2103 ut
2020 2052 2334 2105 unacreda-

764 2143 855 2187 tur
884 2134 1165 2197 divinitas,
1200 2145 1254 2189 et
1276 2137 1539 2204 potentia,
1573 2149 1627 2191 et
1678 2138 1992 2193 substantia
2054 2139 2232 2195 Patris
2281 2152 2333 2196 et

762 2223 912 2291 Filii,
944 2232 999 2280 et
1034 2226 1270 2296 Spiritus
1313 2229 1509 2294 sancti,
1566 2231 1905 2301 aequalisque
1952 2232 2213 2302 dignitas.
2278 2240 2332 2287 et

763 2317 1052 2385 imperium
1088 2326 1444 2381 coreternum,
1480 2319 1533 2372 in
1558 2322 1734 2376 tribus
1771 2322 2028 2389 perfectis
2072 2324 2334 2393 hyposta-

763 2409 937 2471 sibus,
970 2408 1085 2463 sive
1116 2408 1169 2461 in
1205 2409 1383 2465 tribus
1413 2411 1672 2479 perfectis
1721 2415 1972 2481 personis
2000 2435 2012 2469 :
2049 2424 2106 2469 ut
2157 2433 2332 2486 neque

764 2500 993 2556 Sabellii
1059 2503 1234 2572 pestis
1282 2503 1461 2556 locum
1521 2504 1801 2570 inveniat,
1849 2521 1957 2575 qua
2013 2508 2333 2578 hypostascs

761 2591 1212 2657 confundantur,
1266 2594 1639 2663 tollanturque
1693 2598 2100 2667 proprietates;
2158 2616 2334 2669 neque

761 2684 1269 2749 Eunomianorum,
1332 2686 1810 2757 Arianorumque,
1874 2697 1929 2742 et
1984 2704 2174 2743 eorum
2237 2692 2333 2761 qui

761 2775 1025 2845 Spiritum
1056 2785 1307 2831 sanctum
1357 2787 1699 2845 oppugnant,
1756 2778 1904 2833 vires
1953 2778 2156 2834 habeat
2210 2783 2332 2836 bla-

765 2867 1015 2937 sphemia
1040 2908 1054 2931 ,
1104 2883 1223 2937 quae
1251 2868 1460 2937 1032
1491 2867 1879 2933 substantiam,
1931 2884 2027 2924 seu
2058 2886 2332 2939 naturam,

758 2967 815 3012 et
835 2957 1176 3012 divinitatem
1208 2959 1490 3024 discindit,
1528 2967 1698 3027 atquo
1725 2959 1983 3013 inci-cata:
2014 2968 2069 3013 et
2090 2960 2335 3016 consub-

758 3050 999 3106 stantiali
1020 3058 1074 3105 et
1100 3059 1385 3105 coaeternte
1411 3048 1667 3103 Trinitati
1713 3050 2079 3118 posteriorem
2132 3068 2326 3121 quam-

759 3142 884 3195 dam
912 3148 1005 3194 aut
1031 3150 1268 3194 creatam
1298 3147 1393 3193 aut
1420 3139 1649 3194 diversa:
1672 3143 2004 3198 substantia!
2030 3142 2051 3166 ⁴’
2079 3150 2330 3198 naturam

761 3232 993 3286 inducit.
1023 3232 1424 3288 lnearnationis
1453 3248 1674 3306 quoque
1735 3237 2044 3293 doctrinam
2086 3236 2332 3292 incorru-

756 3332 910 3394 ptam
960 3330 1288 3387 servamus,
1359 3340 1539 3394 neque
1608 3326 1829 3392 animat,
1897 3342 2077 3400 neque
2135 3328 2335 3382 mentis

760 3423 1036 3481 expertem
1075 3421 1169 3465 aut
1206 3414 1584 3481 imperfectam
1621 3417 1806 3472 carnis
1858 3416 2332 3485 dispensationem

759 3503 1158 3571 suscipientes,
1220 3503 1315 3557 sed
1366 3514 1541 3557 totum
1587 3505 1826 3559 scientes
1873 3505 2173 3575 perfectum
2210 3518 2337 3562 ante

761 3593 960 3648 smcula
986 3592 1077 3647 Dei
1105 3591 1359 3657 Verbum,
1394 3593 1695 3663 perfectum
1720 3595 1776 3647 in
1804 3594 2122 3649 novissimis
2142 3597 2335 3651 diebus

761 3685 958 3739 salutis
981 3692 1179 3739 nostrae
1210 3685 1384 3753 gratia
1418 3685 1692 3739 hominem
1740 3682 1964 3739 factum.
1997 3686 2128 3750 Quae
2170 3687 2337 3756 igitur

762 3777 829 3831 ad
867 3775 1024 3830 ﬁdem
1060 3776 1318 3841 attinent,
1374 3792 1536 3844 quam
1583 3786 1771 3844 aperte
1822 3778 2226 3845 praedicamus,
2283 3780 2336 3832 in

762 3881 976 3921 summa
1009 3875 1137 3920 sunt
1167 3865 1516 3935 hujusmodi:
1546 3866 1613 3919 de
1643 3867 1843 3935 quibus
1875 3868 2110 3936 amplius
2143 3869 2338 3923 animis

759 3960 960 4013 vestris
985 3956 1303 4013 satisfacere
1328 3958 1595 4026 poteritis,
1624 3961 1666 4011 si
1694 3969 1897 4012 tomum
1926 3961 2119 4026 synodi
2147 3962 2339 4014 Antio-

761 4050 970 4109 cheam.
999 4058 1053 4101 et
1083 4064 1208 4102 eum
1241 4049 1338 4117 qui
1367 4048 1648 4117 superiore
1680 4064 1823 4102 anno
1865 4050 2339 4121 Constantinopoli

762 4156 792 4194 a
817 4141 1024 4211 synodo
1054 4140 1348 4194 universali
1379 4150 1463 4194 est
1490 4141 1691 4204 editus,
1716 4141 1986 4211 inspicere
2012 4142 2337 4212 dignamini,

761 4232 855 4286 ubi
883 4239 937 4286 et
970 4230 1091 4284 ﬁdei
1132 4229 1535 4285 confessionem
1576 4232 1799 4286 uberius
1846 4236 2227 4303 exposuimus,
2286 4244 2340 4291 et

762 4322 818 4375 in
851 4335 1041 4375 recens
1081 4321 1405 4374 adinventas
1447 4321 1682 4376 haereses
1713 4324 2073 4380 anathematis
2114 4336 2337 4380 senten-

763 4412 894 4464 tiam
927 4412 1369 4480 perscripsimus.
1404 4411 1478 4465 De
1508 4412 1717 4481 privata
1753 4423 1934 4467 autem
1969 4415 2339 4471 Ecelesiarum

762 4502 1254 4565 administratione,
1292 4503 1568 4571 antiquus,
1598 4511 1656 4556 ut
1683 4504 1857 4569 scitis,
1903 4521 2021 4559 mos
2061 4507 2335 4575 obtinuit,
2370 4544 2414 4597 Ι)

764 4601 1188 4661 sanctorumque
1210 4593 1386 4649 Nicea:
1421 4594 1640 4648 Patrum
1666 4596 1933 4661 deﬁnitio,
1969 4606 2025 4650 ut
2069 4599 2121 4651 in
2155 4600 2336 4669 singu-

765 4685 830 4738 lis
854 4685 1147 4753 provinciis
1165 4685 1404 4756 episc0pi
1421 4686 1739 4756 provincim,
1762 4696 1815 4741 et
1836 4687 1879 4741 si
1900 4686 2002 4756 ipsi
2026 4689 2194 4743 velint
2211 4705 2338 4744 cum

763 4777 844 4829 eis
869 4776 1496 4838 ﬁnitimi,ordinationes
1538 4777 1840 4832 secundum
1880 4778 2166 4834 utilitatem
2213 4796 2336 4850 per-

764 4876 939 4938 agant.
959 4867 1075 4933 Qua
1096 4885 1159 4922 ex
1176 4867 1345 4923 forma
1368 4870 1559 4925 scitote
1576 4880 1686 4923 tum
1706 4870 1944 4939 reliquas
1963 4871 2107 4941 apud
2120 4888 2220 4928 nos
2241 4874 2337 4928 Ec-

2434 1956 2541 2008 εἴτε
2566 1954 2848 2024 βασιλικὰς
2875 1954 3122 2019 ἀπειλὰς,
3154 1953 3263 2007 εἴτε
3292 1955 3390 2016 τὰς
3419 1956 3526 2006 τῶν
3548 1955 3822 2024 ἀρχόντων
3857 1954 4013 2022 ὡμό-

2432 2063 2620 2115 τητας,
2652 2048 2760 2098 εἴτε
2791 2046 2912 2098 τινὰ
2935 2044 3236 2115 πειρασμὸν
3261 2044 3447 2114 ἕτερον
3479 2045 3632 2115 παρά
3664 2045 3772 2097 τῶν
3803 2045 4014 2112 αἱρετι-

2433 2138 2546 2190 κῶν
2593 2137 2982 2206 ὑπεμείναμεν,
3030 2138 3168 2207 ὑπὲρ
3194 2138 3292 2206 τῆς
3340 2136 3702 2205 εὑαγγελικῆς
3747 2136 4011 2199 πίστεως,

2432 2230 2531 2298 τῆς
2563 2232 2620 2282 ἐν
2646 2229 2848 2299 Νικαίᾳ
2901 2231 2999 2298 τῆς
3025 2228 3275 2291 Βιθυνίας
3322 2230 3473 2299 παρά
3522 2228 3630 2281 τῶν
3683 2227 4014 2296 τριακοσίων

2432 2322 2804 2375 ὀκτωκαίδεκα
2853 2322 2895 2353 ⁶¹
2936 2321 3194 2390 Πατέρων
3250 2319 3611 2389 κυρωθείσης,
3666 2319 4011 2387 ὑπέστημεν.

2434 2416 2649 2483 Ταύτην
2679 2414 2723 2446 ’⁸³
2774 2414 2881 2483 γὰρ
2915 2400 3007 2467 καί.
3041 2414 3188 2483 ὑμῖν,
3226 2413 3320 2466 καὶ
3358 2414 3513 2482 ἡμῖν,
3568 2410 3664 2464 καὶ
3713 2412 3851 2462 πᾶσι
3895 2412 4015 2472 τοῖς

2437 2508 2512 2577 μὴ
2556 2506 2941 2576 διαστρέφουσι
2988 2507 3078 2559 τὸν
3137 2505 3293 2571 λόγον
3340 2506 3435 2575 τῆς
3489 2504 3720 2573 ἀληθοῦς
3773 2503 4016 2565 πίστεως

2436 2597 2788 2667 συναρέσκειν
2815 2598 2915 2659 δεῖ,
2944 2595 3325 2665 πρεσϐυτάτην
3354 2590 3515 2647 οὖσαν
3550 2593 3616 2656 ⁸³,
3658 2593 3749 2645 καὶ
3784 2593 4018 2644 ἀκολου-

2434 2688 2525 2740 θον
2562 2688 2637 2758 τῷ
2670 2687 3026 2757 βαπτίσματι,
3055 2688 3148 2739 καὶ
3170 2686 3522 2740 διδάσκουσαν
3555 2687 3703 2753 ἡμᾶς
3732 2684 4018 2736 πιστεύειν

2435 2780 2512 2841 είς
2540 2779 2599 2831 τὸ
2644 2779 2815 2847 ὄνομα
2861 2777 2954 2831 τοῦ
3013 2777 3244 2846 [ἰατρὸς.
3296 2778 3391 2829 καὶ
3437 2776 3532 2829 τοῦ
3586 2775 3745 2834 Υἱοῦ,
3785 2777 3880 2828 καὶ
3916 2774 4019 2827 τοῦ

2436 2870 2591 2937 ἁγίου
2633 2868 2966 2937 Πνεύματος.
2986 2867 3193 2937 Δηλαδὴ
3225 2866 3473 2937 θεότητος
3504 2866 3548 2895 ⁸⁸
3586 2865 3679 2917 καὶ
3707 2864 4016 2931 δυνάμεως,

2437 2962 2530 3014 καὶ
2555 2962 2740 3022 οὐσίας
2778 2962 2903 3029 μιᾶς
2928 2959 3020 3011 τοῦ
3055 2959 3291 3029 Πατρὸς,
3328 2958 3423 3010 καὶ
3470 2957 3564 3009 τοῦ
3593 2957 3747 3019 Υἱοῦ,
3778 2958 3870 3007 καὶ
3916 2955 4018 3008 τοῦ

2438 3056 2595 3123 ἁγίου
2653 3052 2966 3122 ΙΙνεύματος
3028 3051 3446 3120 πιστευομένης,
3488 3049 3752 3119 ὁμοτίμου
3802 3065 3866 3099 τε
3916 3048 4019 3114 τῆς

2436 3147 2614 3211 ἀξίας,
2649 3146 2742 3197 καὶ
2795 3145 3067 3197 συναῖδίου
3106 3142 3205 3211 τῆς
3252 3141 3547 3211 βασιλείας,
3612 3142 3669 3191 ἐν
3717 3141 3865 3209 τρισὶ
3925 3156 4020 3191 τε·

2437 3240 2606 3301 λείαις
2638 3238 2685 3269 "
2738 3235 3119 3299 ὑποστάσεσιν,
3174 3235 3340 3304 ἤγουν
3384 3232 3533 3301 τρισὶ
3565 3232 3791 3292 τελείοις
3844 3248 4019 3300 xpos-

2435 3332 2625 3393 ώποις’
2657 3329 2728 3392 ὡς
2768 3330 2904 3398 μήτε
2956 3328 3053 3398 τὴν
3104 3325 3390 3378 Σαϐελλίου
3434 3326 3585 3377 νόσον
3614 3322 3797 3393 χώραν
3826 3322 4019 3374 λαϐεῖν

2439 3422 2816 3491 συγχεομένων
2840 3418 2947 3473 τῶν
2982 3417 3351 3481 ὑποστάσεων,
3383 3415 3561 3467 εἰτοῦν
3598 3415 3707 3467 τῶν
3738 3415 4021 3483 ἰδιοτήτων

2438 3510 2863 3582 ἀναιρουμένων·
2919 3511 3054 3579 μήτε
3108 3509 3214 3578 μὴν
3262 3509 3371 3559 τῶν
3411 3508 3454 3539 ⁸⁸
3503 3504 3873 3575 Εὑνομιανῶν,
3925 3504 4021 3557 καὶ

2450 3601 2764 3672 Ἀρειανῶν,
2804 3600 2897 3652 καὶ
2932 3600 3407 3668 Πνευματομάχων
3444 3598 3543 3668 τὴν
3581 3598 3624 3628 ⁸⁷
3663 3596 4020 3665 βλασφημίαν

2442 3692 2664 3763 ἰσχύειν,
2687 3695 2785 3761 τῆς
2807 3690 3013 3753 οὐσίας,
3080 3690 3111 3760 ἢ
3145 3689 3244 3757 τῆς
3280 3690 3514 3755 φύσεως,
3549 3688 3581 3756 ἢ
3618 3688 3719 3753 τῆς
3756 3687 4019 3755 θεότητος

2437 3779 2794 3849 τεμνομένης,
2830 3779 2922 3829 καὶ
2951 3780 3016 3847 τῇ
3044 3777 3284 3846 ἀκτίστῳ
3322 3777 3416 3827 καὶ
3458 3775 3727 3843 ὁμοουσίῳ
3761 3775 3858 3826 καὶ
3893 3791 4024 3825 συν-

2439 3871 2591 3938 αϊδίῳ
2631 3869 2821 3939 Τριάδι
2880 3867 3343 3936 μεταγενεστέρας
3380 3865 3541 3927 τινὸς,
3597 3865 3629 3934 ἦ
3677 3865 3927 3933 κτιστῆς,
3987 3864 4022 3929 ἢ

2441 3960 2779 4031 ἐτεροουσίου
2819 3958 3034 4027 φύσεως
3079 3956 3449 4025 ὲπαγομένης.
3479 3955 3589 4008 Καὶ
3626 3955 3715 4007 τὸν
3742 3956 3842 4023 τῆς
3868 3956 4030 4005 ἐναν-

2441 4053 2777 4125 θρωπήσεως
2826 4050 2881 4102 δὲ
2930 4049 3025 4102 τοῦ
3083 4048 3290 4118 Κυρίου
3323 4048 3481 4115 λόγον
3523 4047 3884 4114 ἀδιάστροερον
3918 4048 4028 4098 σώ-

2442 4144 2627 4213 ζομεν,
2681 4141 2803 4194 οὔτε
2843 4140 3071 4209 ἄψυχον,
3117 4138 3238 4191 οὔτε
3274 4139 3454 4201 ἄνουν,
3496 4137 3526 4204 ἢ
3564 4137 3725 4205 ἀτελῆ
3755 4139 3855 4206 τὴν
3914 4136 4016 4204 τῆς

2444 4235 2642 4306 σαρκὸς
2685 4232 2996 4302 οἰκονομίαν
3044 4230 3492 4301 παραδεχόμενοι·
3530 4229 3648 4279 ὅλον
3700 4226 3755 4279 δὲ
3806 4226 4016 4287 εἰδότες

2439 4327 2640 4380 τέλειον
2667 4326 2762 4396 μὲν
2790 4325 2921 4377 ὄντα
2961 4323 3066 4393 πρὸ
3093 4321 3302 4374 αἰώνων
3321 4319 3455 4372 Θεοῦ
3500 4320 3689 4385 Λόγον,
3724 4318 3933 4370 τέλειον
3966 4318 4025 4369 δὲ

2441 4418 2725 4487 ἄνθρωπον
2755 4415 2837 4467 ἐπ’
2860 4415 3103 4483 ἐσχάτων
3129 4412 3237 4465 τῶν
3264 4412 3489 4481 ἡμερῶν
3511 4410 3599 4462 διὰ
3614 4410 3711 4479 τὴν
3738 4410 4025 4477 ἡμετέραν

2444 4507 2597 4579 [211]
2637 4507 2907 4578 σωτηρίαν
2942 4507 3255 4573 γενόμενον.
3286 4503 3367 4554 Τὰ
3392 4503 3488 4571 μὲν
3510 4498 3603 4553 οὖν
3628 4499 3769 4553 κατά
3798 4499 3897 4567 τὴν
3932 4500 4022 4551 πί-

2445 4617 2583 4666 στιν,
2609 4598 2706 4669 τὴν
2738 4600 2867 4667 παρ’
2911 4596 3129 4667 ήμῶν¹⁶⁸
3163 4593 3541 4653 ἀνυποστόλως
3575 4590 4010 4661 κηρυττομένην,

2443 4692 2518 4754 ὼς
2558 4692 2615 4743 ὲν
2652 4688 2932 4758 κεφαλαίῳ
2971 4686 3217 4740 τοιαῦτα*
3267 4686 3395 4753 περὶ
3451 4675 3527 4737 ὧν
3557 4682 3651 4735 καὶ
3691 4682 3783 4732 ἐπὶ
3833 4680 4024 4732 πλεῖον

2441 4781 2904 4852 ψυχαγωγηθῆναι
2960 4776 3276 4848 δυνήσεσθε,
3339 4774 3416 4845 τῷ
3469 4790 3526 4826 τε
3580 4774 3639 4825 ὲν
3713 4772 4023 4843 Ἀντιοχείᾳ

2440 4872 2592 4944 τόμῳ
2614 4871 2763 4942 παρά
2778 4870 2876 4941 τῆς
2898 4872 3013 4923 ἐκεῖ
3046 4857 3401 4936 συνελθούσης
3423 4864 3639 4918 συνόδου
3665 4863 4022 4932 γεγενημένῳ

2026 5008 2253 5065 VARUE
2294 5010 2587 5067 LECTION
2598 5010 2701 5064 ES.

836 5096 1062 5151 "Haud
1126 5099 1290 5153 dubie
1357 5102 1768 5157 rescribendum
1844 5107 1937 5158 καὶ
1995 5106 2093 5175 τὴν
2150 5109 2247 5177 τῆς
2307 5111 2338 5178 ἡ

836 5183 883 5220 sa
916 5168 1074 5222 docet
1092 5177 1144 5222 et
1170 5185 1233 5223 ea
1257 5185 1377 5230 quae
1404 5182 1727 5230 sequuntur.
1806 5174 1851 5205 ⁸ο
1877 5177 2256 5230 ἐπιδείκνυμεν
2291 5126 2385 5230 διίὲ

767 5169 883 5233 ipsa
916 5168 1074 5222 docet
1092 5177 1144 5222 et
1170 5185 1233 5223 ea
1257 5185 1377 5237 quae
1404 5182 1727 5239 sequuntur.
1806 5174 1851 5205 ⁸ο
1877 5168 2256 5245 ἐπιδείκνυμεν
2291 5194 2320 5232 a

766 5239 805 5266 δ’
834 5236 998 5288 Iidem
1045 5239 1263 5288 codices
1320 5243 1561 5288 numeris
1620 5242 1733 5288 thc
1766 5248 2077 5288 Pxnrimnnl
2108 5254 2211 5288 τιτπι
2267 5257 2315 5288 m

858 5237 1263 5317 iderlcodice‘s
1320 5237 1561 5317 numeris
1615 5242 2078 5317 haegexprimunt
2108 5237 2211 5317 τιή¹
2266 5257 2429 5317 atque
2486 5257 2611 5301 ante
2640 5237 2899 5317 Πατέρῴν
2931 5244 3137 5317 addunt
3170 5237 3339 5317 alio}:
3368 5239 3658 5317 θεοξρόρων.

765 5306 928 5386 codd.
968 5306 1097 5386 Pini_
1126 5308 1360 5386 et_Sav.,
1398 5309 1585 5386 Steph.
1613 5310 1670 5386 2.,
1702 5306 1907 5386 Christ.
1942 5327 1995 5369 et
2054 5306 2196 5369 Scal:
2248 5306 2372 5371 cum
2410 5317 2635 5386 Niceph.
2674 5306 3071 5386 Sed'Stephal
3108 5320 3161 5367 et
3189 5306 3569 5386 Basil._j§a'3‘:gi.

2389 5109 2579 5179 ετέρας
2654 5106 2786 5179 περίἐ
2855 5106 3000 5179 ὑμᾶς
3058 5102 3233 5179 ἀγᾴπ.
3293 5097 3565 5179 ἀπόδειξἋ
3621 5097 3763 5179 quod
3812 5104 4017 5179 £t_r_es

2362 5166 2498 5232 dunt
2526 5166 2648 5232 Bas.
2675 5166 2738 5231 et'
2755 5166 2944 5245 Steph.
2981 5166 3119 5245 cum'
3139 5171 3391 5245 Niceph.,
3425 5166 4018 5245 conﬁrniante_E_pipli.

3769 5238 3814 5267 “
3849 5235 3927 5287 Ita
3962 5246 4017 5290 et

3681 5308 3727 5339 ⁸³
3756 5307 3824 5374 ῆν
3856 5307 4017 5374 μόλις

767 5378 1301 5457 ποτὲ-πρεσόυτάτην
1326 5396 1384 5430 τε
1409 5375 1597 5433 οὖσαν.
1634 5379 1783 5457 Bas.,
1810 5382 1975 5453 Steph
1988 5427 2023 5457 .7,
2057 5386 2297 5439 Casaub.
2330 5375 2664 5457 omninoque
2696 5400 2888 5439 omnes
2918 5375 3159 5443 codices,
3189 5396 3311 5434 cum
3346 5378 3568 5457 Niceph.
3593 5376 3813 5457 Primus
3844 5377 4018 5456 Chri-

769 5447 952 5512 stoph.
985 5462 1155 5526 ausus
1186 5457 1268 5500 est
1302 5464 1615 5518 expungere
1648 5452 1811 5526 verba
1847 5446 1923 5525 ἦν’
1945 5456 2115 5526 μόλις,
2147 5472 2307 5524 quem
2341 5446 2670 5510 Sirmondus
2708 5464 2931 5526 secutus
2964 5461 3069 5513 est,
3103 5466 3226 5507 cum
3278 5465 3337 5526 se
3370 5448 3639 5526 extricare
3663 5462 3728 5500 ex
3760 5446 4020 5526 obscuri-

770 5523 881 5567 tate
932 5521 1219 5568 verborum
1267 5533 1373 5570 non
1429 5516 1631 5595 posset.
1671 5520 1784 5595 .Sed
1831 5516 1976 5579 recte
2011 5516 2260 5579 Valesius
2297 5536 2415 5593 post
2445 5526 2510 5594 ἣν
2540 5526 2692 5595 μόλις
2722 5525 2937 5593 supplet
2986 5540 3015 5595 ο
3050 5519 3407 5595 εξίιυθηὲῖῦυδ
3442 5516 3704 5595 σῴζομένν
3732 5518 4019 5595 η⁸⁰ξ¹ξ,²’ί·¹⁵

770 5600 1035 5663 servamus
1069 5584 1822 5663 quanquamantiquissimam
1848 5596 2026 5663 ﬁdem.
2058 5595 2116 5647 In
2148 5596 2270 5650 Bas.
2297 5584 2424 5649 'Lat.
2456 5584 2563 5648 ιίυιί
2600 5584 2872 5649 habentur
2902 5593 3064 5647 verba
3085 5584 3152 5661 ἣν
3186 5589 3337 5660 μόλις
3369 5586 3633 5663 ποὶἒξνδθᾳ
3653 5601 3716 5638 ea
3738 5584 4015 5663 θιςὲάὲδξο

773 5657 1071 5735 asteriscus
1100 5656 1278 5735 (locet.
1352 5657 1397 5735 ξ
1417 5674 1473 5708 τε
1492 5659 1717 5735 _addu_u_t
1744 5656 1868 5735 Bas:
1902 5676 1954 5719 ct
1984 5665 2171 5735 Steph.

775 5723 823 5796 ‘f
842 5723 940 5796 τὴν
964 5724 1089 5796 τῷν.
1127 5724 1247 5796 Bas.
1280 5735 1332 5780 et
1356 5725 1545 5796 Steph.

777 5789 964 5864 Steph.
996 5793 1295 5852 habebant;
1334 5797 1440 5852 τῶν
1454 5789 1601 5870 ’παρ’
1632 5799 1727 5869 ἠμ.

2250 5667 2293 5697 ⁸³
2326 5665 2687 5729 τελειοτᾶιταις
2718 5667 2854 5725 ταῖς.
2884 5663 3001 5716 Pini
3040 5653 3210 5715 codei
3263 5673 3402 5729 (ιιιωῇ
3440 5653 4013 5729 Nicgphuetulipiph.

1657 5729 1700 5763 "
1735 5734 1830 5805 τὴν
1865 5736 2017 5793 abest
2044 5729 2092 5791 a'
2114 5736 2235 5794 Bas.
2282 5746 2338 5792 ct
2362 5735 2586 5805 Niceph.

2701 5736 2745 5766 ⁸⁸
2770 5724 2847 5789 ita
2872 5742 2923 5789 et
2946 5731 3262 5801 Christoph.
3292 5735 3344 5784 et
3371 5725 3514 5783 Scal.
3544 5725 3646 5781 Sed
3676 5724 3845 5780 Basil.
3880 5738 4013 5778 cum
