4218 6456
220 413 352 476 1917

1239 411 1825 472 ECCLESIASTICA“.
1853 409 2236 472 HISTORLE
2266 415 2411 475 LIB.
2439 418 2505 476 ν.

3334 425 3468 489 1218

215 530 649 594 καταξιώσαντες
690 532 949 600 ἐντυχεῖν,
1001 531 1091 583 καὶ
1132 528 1210 600 τῷ
1253 532 1482 599 πέρυσιν
1524 531 1581 582 ἐν
1627 531 1826 589 κων-Λ

1888 529 2075 582 clesias
2092 529 2488 593 administrari,
2516 537 2628 584 tum
2665 531 3160 588 illustrissimarum
3200 534 3470 590 Ecclesia-

216 622 654 676 σταντινουπὸλει
713 623 864 693 παρὰ
921 623 1020 691 τῆς
1075 622 1457 692 οίκουμενικῆς
1510 621 1782 675 ἐκτεθέντι

218 711 456 774 συνόδου,
487 714 545 764 ἐν
584 709 664 776 οἷς
703 713 1036 783 πλατύτερον
1069 713 1166 783 τὴν
1205 712 1387 765 πίστιν
1428 712 1783 782 ὡμολογήσα-

215 821 336 873 xv,
386 805 481 856 καὶ
548 803 654 857 τῶν
695 805 921 875 ἔναγχος
979 803 1476 875 καινοτομηθεισῶν
1523 803 1786 873 αἱρέσεων

212 898 656 968 ἀναθεματισμὸν
688 898 961 970 ἔγγραφον
1013 897 1412 968 πεποιήκαμεν.
1449 897 1580 966 Περὶ
1594 896 1650 948 δὲ
1681 895 1787 948 τῶν

211 989 537 1054 οἰκονομιῶν
586 989 692 1042 τῶν
745 991 886 1045 κατὰ
938 990 1105 1061 μέρος
1154 992 1211 1043 ἐν
1261 991 1379 1052 ταῖς
1413 987 1785 1058 Ἐκκλησίαις,

213 1081 446 1144 παλαιός
488 1099 564 1146 τε,
604 1083 679 1144 ὼς
719 1083 856 1146 ἴστε,
912 1081 1112 1153 θεσμὸς
1153 1081 1486 1152 κεκράτηκε,
1535 1081 1629 1135 καὶ
1682 1080 1788 1133 τῶν

216 1172 395 1240 ἁγίων
429 1175 487 1226 ἐν
521 1174 726 1243 Νικαίᾳ.
764 1173 1019 1246 Πατέρων
1053 1174 1176 1244 ὅρος
1209 1173 1332 1226 καθ’
1360 1172 1596 1240 ἐκάστην
1625 1173 1789 1241 ἐπαρ-

212 1257 336 1326 χίαν
372 1259 498 1321 τοὺς
517 1259 616 1327 τῆς
643 1260 932 1330 ἐπαρχίας.
981 1262 1074 1313 καὶ
1111 1261 1268 1331 εἴπερ
1290 1261 1486 1313 ἐκεῖνοι
1518 1261 1790 1330 βούλοιντο

215 1348 314 1398 σὺν
373 1348 554 1410 αὐτοῖς
583 1349 704 1410 τοὺς
733 1349 990 1420 ὁμόρους,
1037 1351 1172 1418 πρὸς
1201 1351 1261 1402 τὸ
1302 1353 1581 1422 συμφέρον
1620 1353 1791 1404 ποιεῖ-

213 1436 344 1490 σθαι
392 1437 491 1499 τὰς
523 1440 873 1509 χειροτονίας.
911 1433 1005 1502 Οἷς
1033 1439 1360 1503 ἀκολούθως,
1392 1440 1490 1502 τάς
1517 1458 1573 1492 τε
1598 1439 1790 1503 λοιπὰς

211 1527 541 1598 Ἐκκλησίας
584 1533 713 1600 παρ’
739 1534 871 1600 ἡμῖν
911 1531 1307 1601 οἰκονομεῖσθαι
1357 1531 1674 1599 γινώσκετε,
1700 1531 1792 1582 καὶ

210 1621 319 1672 τῶν
353 1621 772 1691 ἐπισημοτάτων
818 1621 1154 1691 Ἐκκλησιῶν
1199 1622 1575 1691 άναδεδεῖχθαι
1603 1624 1644 1653 δ’
1666 1622 1790 1684 τοὺς

213 1715 403 1782 ἱερεῖς.
433 1713 594 1765 Ὅθεν
642 1715 739 1783 τῆς
772 1715 868 1784 μὲν
901 1716 957 1766 ἐν
990 1713 1561 1767 Κωνσταντινουπόλει
1594 1731 1792 1766 νεοπα-

210 1800 365 1866 γοῦς,
395 1802 467 1863 ὡς
496 1801 560 1854 ἂν
583 1801 726 1853 εἴποι
756 1819 860 1865 τις,
887 1801 1237 1872 Ἐκκλησίας,
1259 1802 1324 1871 ἣν
1359 1800 1544 1870 ὥσπερ
1575 1804 1638 1854 ἐκ
1666 1803 1786 1855 στό-

214 1908 386 1958 ματος
425 1892 638 1954 λέοντος
658 1893 755 1962 τῆς
807 1893 916 1946 τῶν
957 1892 1249 1962 αἱρετικῶν
1281 1893 1629 1963 βλασφημίας
1651 1893 1784 1946 ὑπό-

209 2001 344 2051 γυον
368 1983 760 2053 ἐξηρπάσαμεν
790 1983 877 2037 διὰ
909 1983 1018 2036 τῶν
1047 1985 1348 2056 οἰκτιρμῶν
1374 1985 1468 2037 τοῦ
1495 1983 1654 2057 Θεοῦ,
1699 1984 1789 2038 τὸν

209 2073 643 2142 αἰδεσιμὼτατον
683 2075 776 2126 καὶ
804 2073 1216 2143 θεοφιλέστατον
1244 2075 1545 2138 Νεκτάριον
1568 2075 1788 2128 ἐπίσκο-

211 2181 314 2216 πον
336 2166 886 2236 κεχειροτονήκαμεν,
921 2167 1012 2218 ἐπὶ
1029 2167 1127 2234 τῆς
1157 2168 1540 2236 οἰκουμενικῆς
1574 2167 1788 2219 συνόδου

214 2255 354 2324 μετὰ
381 2259 564 2326 κοινῆς
590 2257 860 2326 ὁμονοίας,
888 2258 980 2311 ὑπ’
1003 2255 1158 2325 ὄψεσι
1206 2258 1300 2310 καὶ
1326 2257 1418 2310 τοῦ
1445 2257 1789 2326 θεοφιλεστά-

209 2363 306 2398 του
331 2346 595 2416 βασιλέως
639 2349 946 2414 Θεοδοσίου,
978 2348 1180 2412 παντός
1224 2366 1282 2402 τε
1316 2348 1409 2402 τοῦ
1441 2349 1666 2420 κλήρου,
1696 2347 1792 2402 καὶ

214 2441 400 2506 πάσης
429 2439 900 2510 ἐπιψηφιζομένης
938 2440 1036 2510 τῆς
1061 2441 1284 2503 πόλεως.
1318 2441 1428 2510 Τῆς
1449 2441 1504 2493 δὲ
1551 2439 1792 2512 πρεσϐυ-

213 2531 384 2601 τάτης
411 2532 503 2584 καὶ
522 2532 689 2594 ὅντως
730 2534 1092 2602 ἀποπολικῆς
1118 2533 1446 2601 Ἐκκλησίας
1477 2532 1573 2603 τῆς
1612 2533 1794 2585 ἐν’Λνι

214 2623 427 2694 τιοχείᾳ
450 2624 546 2692 τῆς
568 2624 787 2695 Συρίας,
821 2626 878 2676 ἐν
974 2623 1164 2698 πρώτῃ
1192 2624 1252 2676 τὸ
1282 2625 1461 2694 τίμιον
1499 2625 1608 2676 τῶν
1663 2625 1794 2695 Χρι-

218 2717 456 2767 στιανῶν
494 2717 861 2786 ἐχρημάτισεν
903 2717 1091 2785 ὄνομα,
1119 2715 1207 2768 τὸν
1237 2715 1662 2785 αἰδεσιμώτατον
1701 2715 1794 2769 καὶ

217 2803 630 2871 θεοφιλέστατον
675 2805 974 2860 ἐπίσκοπον
993 2805 1288 2859 Φλαϐιανὺν
1320 2806 1456 2858 οἵτε
1485 2806 1583 2874 τῆς
1625 2807 1794 2878 ἐπαρ-

217 2895 343 2964 χίας
377 2896 471 2947 καὶ
512 2894 613 2963 τῆς
682 2895 1010 2965 ἀνατολικῆς
1047 2896 1362 2966 διοικήσεως
1403 2896 1796 2966 συνδραμόντες

218 2985 521 3048 κανονικῶς
551 2987 981 3058 ἐχειροτόνησαν,
1011 2989 1192 3057 πάσης
1227 2989 1518 3058 συμψήφόυ
1551 2989 1647 3058 τῆς
1675 2988 1797 3040 Ἐκ-

218 3077 450 3146 κλησίας
480 3077 666 3148 ὥσπερ
709 3077 798 3130 διὰ
844 3079 970 3148 μιᾶς
1004 3079 1187 3150 φωνῆς
1227 3080 1318 3132 τὸν
1350 3080 1518 3152 ἄνδρα
1559 3081 1795 3150 τιμησά-

219 3186 322 3238 σης
345 3171 521 3240 ἥνπερ
558 3169 816 3236 ἔνθεσμον
865 3173 1200 3242 χειροτονίαν
1234 3171 1448 3238 ἐδέξατο
1483 3174 1577 3226 καὶ
1603 3174 1664 3225 τὸ
1694 3173 1790 3244 τῆς
1817 3205 1860 3264 c

220 3260 442 3311 συνόδου
469 3261 664 3314 κοινόν.
693 3262 804 3330 Τῆς
839 3261 896 3314 δέ
930 3278 992 3328 γε
1033 3264 1238 3334 μητρὸς
1268 3263 1492 3316 ἀπασῶν
1527 3264 1636 3316 τῶν
1676 3265 1792 3317 Ἐκ-

218 3350 466 3418 κλησιῶν
521 3351 618 3420 τῆς
660 3353 717 3405 ἐν
767 3352 1180 3423 Ἰεροσολύμοις,
1229 3352 1320 3405 τὸν
1366 3352 1794 3424 αἰδεσιμώτατον

217 3440 315 3494 καί
345 3439 755 3510 θεοφιλέστατον
785 3443 1050 3514 Κύριλλον
1092 3444 1385 3498 ἐπίσκοπον
1427 3442 1563 3497 εἶναι
1596 3447 1794 3514 γνωρί-

217 3531 408 3600 ζομεν,
437 3533 736 3597 κανονικῶς
785 3551 845 3586 τε
880 3535 1031 3605 παρά
1078 3534 1186 3588 τῶν
1218 3535 1318 3603 τῆς
1367 3535 1634 3606 ἐπαρχίας
1686 3554 1795 3605 χει-

221 3621 578 3690 ροτονηθέντα
615 3625 804 3687 πάλαι,
841 3626 935 3679 καὶ
965 3625 1189 3678 πλεῖστα
1239 3627 1373 3696 πρὸς
1416 3629 1538 3689 τοὺς
1580 3629 1790 3696 Ἄρεα.-

217 3714 350 3776 νοὺς
391 3714 451 3765 ἐν
491 3716 762 3785 διαφόροις
819 3717 1001 3781 τόποις
1056 3718 1386 3789 ἀθλήσαντα.
1446 3715 1538 3782 Οἷς
1595 3720 1669 3782 ὡς
1711 3721 1795 3773 ἐν-

220 3801 443 3869 θέσμως
489 3806 582 3858 καὶ
633 3807 932 3871 κανονικῶς
966 3810 1096 3880 παρ’
1120 3812 1250 3880 ἡμῖν
1283 3813 1668 3882 κεκρατηκόσι,
1701 3812 1797 3864 καὶ

218 3889 320 3960 τὴν
353 3892 623 3964 ὑμετέραν
654 3897 968 3968 συγχαίρειν
1020 3899 1444 3970 παρακαλοῦμεν
1487 3900 1794 3961 εὐλάϐειαν,

217 3983 324 4053 τῆς
384 3990 759 4058 πνευματικῆς
807 3991 1195 4060 μεσιτευούσης
1246 3993 1487 4062 ἀγάπης,
1551 3994 1644 4044 καὶ
1703 3991 1794 4045 τοῦ

219 4075 492 4147 κυριακοῦ
537 4078 725 4144 φόσου,
759 4083 939 4134 πᾶσαν
993 4082 1092 4151 μὲν
1119 4083 1570 4146 καταστέλλοντος
1595 4083 1799 4154 ἀνθρω-

220 4165 389 4234 πίνην
439 4166 592 4239 [212]
639 4172 1034 4239 προσπάθειαν,
1082 4173 1178 4243 τὴν
1224 4174 1280 4226 δὲ
1324 4174 1431 4226 τῶν
1463 4175 1798 4245 Ἐκκλησιῶν

219 4255 514 4326 οίκοδομὴν
554 4260 957 4330 προτιμοτέραν
992 4263 1272 4326 ποιοῦντος
1296 4263 1341 4296 ⁸⁰
1389 4268 1486 4335 τῆς
1526 4266 1677 4335 πρδςέ
1708 4266 1799 4318 τὸν

221 4343 351 4396 καθ’
394 4344 492 4397 ἐνα
541 4347 826 4418 συνηθείας
861 4352 902 4382 ⁵¹
937 4352 971 4422 ἢ
1009 4355 1249 4422 χάριτος.
1281 4353 1437 4406 Οὕτω
1482 4355 1589 4424 γὰρ
1616 4355 1709 4408 τοῦ
1741 4373 1799 4408 τε

221 4434 325 4504 τῆς
385 4435 620 4500 πίστεως
660 4443 1113 4512 συμφωνηθέντος
1155 4444 1349 4512 λόγου,
1390 4446 1610 4516 καὶτῆς
1663 4449 1798 4517 Χριο

1889 636 2007 673 rum
2033 628 2246 674 creatos
2275 620 2445 676 fuisse
2469 621 2804 676 sacerdotes.
2832 621 2987 677 Unde
3025 635 3078 678 et
3098 640 3272 688 novae,
3305 633 3363 678 ut
3387 627 3469 680 sic

1885 726 2164 774 vocemus,
2185 713 2428 766 ecclesia:
2453 712 3096 782 Constantinopolitanze,
3113 731 3276 784 quam
3295 732 3469 786 nuper

1886 819 1948 858 ex
1976 805 2356 859 haereticorum
2379 804 2736 873 blasphemia,
2765 814 3027 874 tanquam
3060 821 3123 858 ex
3170 821 3265 859 ore
3291 807 3465 862 leonis

1891 895 2100 965 1033
2127 911 2220 964 per
2250 895 2340 950 Dei
2373 896 2808 950 misericordiam
2844 897 3148 964 eripuimus
3171 937 3185 961 ,
3216 912 3468 952 reveren-

1888 987 2178 1042 dissimum
2200 987 2787 1057 religiosissimumque
2813 987 3127 1042 Nectarium
3156 989 3208 1041 in
3229 990 3467 1056 generali

1890 1079 2126 1133 Concilio
2145 1117 2159 1141 ,
2188 1080 2464 1132 communi
2498 1079 2744 1132 omnium
2775 1093 3046 1134 consensu
3071 1119 3086 1141 ,
3117 1087 3172 1134 et
3200 1086 3469 1150 prteseute

1889 1169 2308 1240 religiosissima
2343 1171 2673 1238 imperatore
2699 1169 3030 1235 Theodosio,
3059 1171 3318 1239 cleroque
3346 1169 3472 1222 uni-

1890 1277 2085 1325 verso,
2120 1271 2172 1316 et
2217 1270 2415 1315 cuncta
2466 1259 2796 1328 sull‘raganle
2849 1261 3108 1325 civitate,
3150 1260 3467 1329 episcopum

1890 1353 2303 1407 constituimus.
2339 1350 2402 1403 Et
2435 1351 2839 1418 antiquissimae
2873 1365 3123 1418 verisque
3159 1351 3470 1418 apostolica:

1890 1443 2247 1498 Antiocheam
2279 1443 2332 1496 in
2359 1441 2518 1512 Syria
2555 1440 2849 1506 Beclesiar,
2877 1442 2932 1494 in
2962 1457 3065 1510 qua
3101 1441 3278 1510 primo
3311 1455 3472 1492 vene-

1891 1535 2124 1587 randum
2157 1533 2602 1588 Christianorum
2637 1547 2838 1585 nomen
2875 1531 3120 1584 auditum
3157 1540 3274 1590 est,
3314 1545 3468 1584 reve-

1892 1625 2281 1680 rendissimum
2315 1633 2369 1679 et
2403 1623 2881 1693 religiosissimum
2911 1625 3228 1692 episcopum
3257 1619 3469 1673 Flavia-

1893 1733 2021 1771 num
2058 1716 2354 1786 provincia:
2384 1714 2548 1768 simul
2579 1722 2633 1768 et
2665 1714 2922 1769 ditecesis
2945 1713 3240 1767 Orientalis
3267 1726 3470 1764 conve-

1893 1808 2106 1861 nientes
2135 1806 2374 1874 episcOpi
2403 1805 2668 1860 canonice
2696 1804 3058 1865 ordinarunt,
3086 1811 3200 1855 tota
3226 1801 3470 1856 Ecclesia

1893 1897 2274 1952 consentiente
2296 1938 2310 1962 ,
2342 1905 2395 1950 et
2425 1897 2583 1962 quasi
2621 1910 2730 1949 uno
2762 1910 2858 1948 ore
2891 1895 3067 1946 virum
3096 1893 3465 1948 collaudante.

1890 1989 2064 2054 Quam
2123 1989 2344 2057 quidem
2405 1988 2702 2058 legitimam
2765 1985 3168 2040 ordinationem
3228 1985 3469 2054 synodus

1891 2095 2110 2149 quoque
2163 2079 2492 2133 universalis
2528 2078 2928 2146 comprobavit.
2967 2075 3155 2128 Matris
3209 2091 3339 2129 vero
3377 2074 3472 2128 Ec-

1890 2171 2184 2226 clesiarum
2233 2173 2478 2224 omnium
2516 2167 3032 2237 Hierosolymitanae
3068 2164 3469 2220 reverendissi-

1891 2279 2039 2317 mum
2070 2273 2121 2317 et
2147 2263 2628 2333 religiosissimum
2662 2260 2927 2330 Cyrillum
2979 2259 3295 2328 episcopum
3346 2273 3470 2313 esse

1892 2354 2264 2426 signiﬁcamus
2292 2371 2306 2420 ;
2340 2353 2433 2424 qui
2470 2361 2524 2407 et
2553 2351 2822 2406 canonice
2852 2350 2982 2403 olim
3018 2349 3120 2402 fuit
3156 2350 3222 2401 ab
3254 2348 3471 2418 episco-

1892 2447 1977 2518 pis
2011 2447 2306 2516 provinciae.
2333 2444 2653 2510 ordinatus,
2686 2450 2740 2497 et
2770 2456 2894 2495 cum
2923 2441 3143 2494 Arianis
3179 2440 3470 2510 plurimum

1892 2539 2128 2593 diversis
2160 2538 2212 2591 in
2243 2537 2380 2592 locis
2410 2535 2730 2590 decertavit.
2759 2532 2969 2598 Quibus
3002 2539 3259 2600 tanquam
3290 2530 3470 2598 legiti-

1892 2645 1982 2684 me
2007 2637 2061 2682 et
2090 2628 2356 2684 canonice
2383 2629 2526 2698 apud
2555 2641 2658 2682 nos
2691 2623 3009 2679 constitutis
3030 2665 3044 2687 ,
3071 2629 3307 2677 vestram
3337 2636 3472 2690 quo-

1893 2735 2001 2790 que
2017 2719 2377 2774 reverentiam
2397 2717 2681 2789 ‘gratulari
2698 2715 3078 2775 obsecramus,
3102 2713 3472 2767 intercedente

1894 2810 2132 2880 spiritali
2186 2809 2497 2874 charitate,
2547 2815 2601 2862 et
2649 2806 2866 2860 Domini
2923 2804 3124 2858 timore
3172 2805 3469 2856 humanum

1893 2916 2112 2954 omnem
2160 2899 2411 2954 allectum
2457 2904 2775 2958 coercente,
2845 2896 3311 2965 ecclesiarumque
3337 2893 3455 2948 tedi-

1896 2991 2206 3046 ﬁcationcm
2245 2988 2422 3061 pluris
2476 2989 2604 3043 duci
2646 2987 2920 3051 faciente,
2977 3001 3140 3055 quam
3195 2987 3469 3054 privatum

1894 3097 2026 3154 erga
2080 3095 2529 3149 unumquemque
2584 3079 2921 3132 voluntatem
2977 3084 3031 3130 et
3074 3077 3326 3145 gratiam.
3379 3073 3472 3127 Sic

1894 3174 2038 3230 enim
2089 3179 2144 3226 et
2195 3170 2321 3224 ﬁdei
2376 3168 2626 3223 doctrina
2673 3173 3034 3227 consonante,
3069 3171 3123 3219 et
3154 3162 3470 3217 Christiana

1893 3267 1949 3322 in
1984 3265 2144 3320 nobis
2176 3265 2446 3318 charitate
2480 3261 2802 3317 conﬁrmata
2825 3301 2839 3324 ,
2875 3259 3191 3314 desinemus
3226 3257 3357 3311 illud
3389 3255 3472 3309 di-

1893 3375 2019 3414 cere
2054 3357 2198 3428 quod
2229 3356 2298 3411 ab
2339 3355 2606 3424 apostolis
2644 3354 2963 3409 damnatum
2991 3358 3071 3406 est
3100 3369 3111 3403 :
3148 3370 3166 3402 (
3197 3350 3308 3420 Ego
3345 3348 3467 3419 qui-

1893 3450 2012 3505 dem
2047 3465 2164 3503 smn
2199 3447 2387 3511 Pauli,
2425 3445 2640 3517 1034
2673 3461 2775 3514 ego
2807 3454 2989 3497 autem
3024 3443 3338 3511 Apollonii.
3368 3455 3470 3510 ego

1891 3557 2025 3598 vero
2043 3540 2240 3610 Cephie
2263 3539 2316 3593 ἐ
2346 3558 2361 3590 ι
2388 3547 2553 3608 atque
2580 3551 2771 3592 omnes
2790 3551 2890 3590 nos
2910 3535 3111 3590 Christi
3140 3549 3261 3588 esse
3288 3543 3471 3587 osten-

1895 3631 2220 3700 dentes,qui
2253 3630 2304 3684 in
2343 3630 2502 3683 nobis
2533 3627 2744 3682 divisus
2780 3642 2888 3680 non
2920 3633 3027 3689 ρει,
3055 3623 3471 3693 indiscerptum,

1896 3724 2006 3778 Deo
2034 3723 2274 3785 favente,
2312 3735 2514 3790 corpus
2531 3718 2788 3775 Ecclesia:
2817 3718 3294 3780 conservabimus,
3323 3725 3376 3769 et
3403 3714 3471 3767 ad

1895 3813 2106 3866 Domini
2149 3810 2387 3864 tribunal
2429 3825 2554 3861 cum
2597 3807 2795 3860 ﬁducia
2837 3805 3302 3874 comparebimus.
3347 3802 3474 3856 llaec

1898 3907 1975 3960 illi
2007 3905 2274 3959 adversus
2296 3901 2436 3966 Arii,
2466 3910 2515 3955 et
2540 3900 2704 3964 Aetii,
2743 3909 2796 3954 et
2820 3898 3072 3951 Eunomii
3102 3895 3430 3950 dementiam
3454 3932 3472 3959 ,

1895 3996 2133 4064 itemque
2162 4000 2354 4047 contra
2388 3991 2712 4054 Sabellium,
2743 3988 3131 4049 etPliotinum,
3154 3997 3206 4040 et
3249 3985 3474 4038 Marcel-

1894 4087 2038 4149 lum,
2077 4083 2419 4151 Paulumque
2477 4080 2935 4144 Samosatenum,
2993 4087 3046 4133 et
3097 4075 3473 4130 Macedoninm

1907 4176 2308 4244 conscripsere.
2343 4173 2654 4239 Quinetiam
2685 4171 3003 4240 Apollinarii
3052 4169 3346 4222 novitatem
3395 4167 3475 4221 si-

1897 4268 2102 4323 militer
2133 4274 2319 4336 aperte.
2357 4264 2726 4326 damnarunt,
2779 4277 2902 4316 cum
2941 4259 3234 4325 dixerunt,
3292 4259 3476 4312 lncar-

1899 4360 2142 4415 nationis
2167 4374 2388 4429 quoque
2414 4356 2723 4411 doctrinam
2757 4356 3137 4422 incorruptam
3169 4366 3474 4413 sertamus,

1900 4467 2078 4521 neque
2112 4450 2309 4504 animm
2329 4490 2342 4513 ,
2379 4463 2558 4520 neque
2583 4447 2784 4500 mentis
2812 4451 3091 4514 expertem
3115 4483 3128 4506 ,
3156 4449 3250 4496 aut
3283 4441 3476 4510 imper-

230 4527 521 4598 στιανικῆς
567 4531 910 4605 κυρωθείσης
953 4536 1009 4587 ἐν
1046 4538 1176 4606 ἡμῖν
1210 4537 1448 4608 ἀγάπης,
1481 4538 1798 4608 παυσόμεθα

1907 4541 2104 4595 fectant
2136 4540 2323 4592 carnis
2350 4537 2815 4607 dispensationem
2852 4535 3220 4601 suscipientes

223 4619 478 4683 λέγοντες
504 4623 564 4676 τὸ
586 4625 737 4696 παρὰ
768 4626 874 4678 τῶν
903 4627 1216 4681 ἀποστόλων
1245 4631 1711 4700 κατεγνωσμένον·
1737 4652 1754 4684 ι
1798 4635 1939 4703 Ἐγὼ
1965 4633 2063 4703 μέν
2095 4634 2210 4702 εἰμι
2243 4630 2482 4691 Παύλου,
2514 4627 2623 4695 ἐγὼ
2642 4627 2698 4680 δέ
2728 4613 2992 4685 Ἀπολλὼ,
3019 4623 3128 4692 ἐγὼ
3155 4623 3210 4674 δὲ
3239 4623 3422 4691 Κηφᾶ·
3455 4642 3474 4672 ι

225 4713 431 4775 πάντες
454 4713 512 4765 δὲ
555 4715 788 4784 Χριστοῦ
837 4719 1117 4786 φανέντες,
1143 4716 1201 4782 ὃς
1236 4721 1293 4771 ἐν
1335 4721 1464 4789 ἡμῖν
1494 4721 1555 4774 οὐ
1590 4722 1937 4793 μεμέρισται,
1971 4721 2104 4775 Θεοῦ
2133 4718 2535 4784 καταξιοῦντος,
2558 4717 2813 4784 ἄσχιστον
2842 4714 2902 4766 τὸ
2935 4713 3096 4782 σῶμα
3121 4711 3221 4781 τῆς
3255 4711 3482 4780 Ἐκκλη..

229 4803 354 4866 σίας
385 4805 712 4874 τηρήσομεν,
752 4809 847 4860 καὶ
899 4808 977 4878 τῷ
1001 4809 1230 4880 ,βήματι
1251 4809 1344 4862 τοῦ
1370 4811 1572 4881 Κυρίου
1607 4812 1742 4880 μετὰ
1785 4812 2096 4882 παρρησίας
2123 4807 2603 4880 παραστησόμεθα.
2640 4805 2825 4858 Ταῦτα
2864 4804 3004 4856 κατά
3028 4821 3087 4856 τε
3115 4803 3214 4871 τῆς
3247 4802 3481 4872 Ἀρείου,

227 4898 326 4949 καὶ
365 4897 594 4960 Ἀετίου,
650 4899 743 4951 καὶ
799 4900 1064 4970 Εὑνομίου
1113 4903 1329 4971 μανίας,
1358 4903 1453 4955 καὶ
1485 4903 1664 4973 μέντοι
1695 4904 1788 4955 καὶ
1831 4903 1972 4956 κατὰ
2003 4901 2310 4963 Σαϐελλίου,
2344 4898 2439 4952 καὶ
2470 4896 2758 4956 Φωτεινοῦ,
2801 4896 2896 4947 καὶ
2962 4895 3306 4965 Μαρκέλλου,
3340 4892 3481 4944 [lad-

227 4994 327 5045 λου
362 5007 421 5043 τε
449 4991 543 5044 τοῦ
580 4993 941 5063 Σαμοσατέως
1000 4998 1094 5049 καὶ
1146 4998 1479 5052 Μακεδονίου
1512 4998 1871 5068 γεγράφασιν.
1930 4997 2202 5059 Ὡσαύτως
2250 4995 2305 5048 δὲ
2342 4995 2436 5047 καὶ
2489 4991 2588 5062 τὴν
2632 4991 3004 5060 Ἀπολιναρίόυ
3040 4992 3083 5021 ³⁸
3136 4987 3486 5056 καινοτομίαν

232 5082 534 5152 προφανῶς
571 5084 947 5156 ἁπεκήρυξαν,
991 5088 1295 5158 εἰρηκότες,
1332 5089 1442 5142 Καὶ
1495 5089 1584 5142 τὸν
1625 5089 1722 5158 τῆς
1781 5087 2246 5159 ἐνανθρωπήσεως
2293 5086 2348 5137 δὲ
2385 5082 2478 5136 τοῦ
2509 5081 2711 5150 Κυρίου
2748 5081 2901 5146 λόγον
2923 5082 3280 5153 ἀδιάστροφον
3319 5075 3487 5138 σώζο-

236 5191 340 5242 μεν
386 5175 508 5228 οὔτε
530 5177 754 5248 ἄψυχον,
813 5178 936 5233 οὕτε
997 5181 1243 5251 ἄνουν,ἢ
1289 5183 1456 5253 ἀτελῆ
1529 5182 1626 5252 τὴν
1681 5183 1778 5253 τῆς
1844 5182 2048 5253 σαρκὸς
2099 5179 2408 5249 οἰκονομίαν
2479 5171 2930 5244 παραδεχόμενοι-

310 5354 336 5392 ε
364 5352 382 5405 1
415 5353 541 5406 Cor.
577 5371 614 5419 i,
651 5355 738 5412 12.

1505 5518 1738 5573 νΑιιιμε
1779 5517 2178 5574 LECTIONES.

307 5658 352 5690 "
389 5657 541 5711 Hanc
578 5656 862 5710 lectionem
897 5655 1113 5711 V'alesio
1137 5671 1354 5726 quoque
1383 5665 1530 5710 recte
1565 5657 1845 5725 probatam
1879 5658 2080 5712 habent
2115 5657 2233 5712 Pini
2266 5656 2562 5724 Saviliique
2595 5653 2753 5726 codd.
2782 5669 2909 5726 eum
2942 5650 3258 5726 N_icep‘li.»ln
3285 5647 3406 5726 Bas.
3438 5659 3494 5704 et

236 5727 432 5797 Steph.
464 5735 582 5779 erat
615 5727 980 5797 ἁναδεδέχοαι.
1014 5727 1100 5780 cui
1138 5726 1333 5797 Epipli.
1366 5730 1658 5780 consentit.

237 5796 364 5851 cum
407 5797 596 5866 Steph.
709 5797 754 5828 ⁸¹
803 5796 1018 5850 Ἀπολλ.
1062 5797 1225 5851 Iidem
1265 5796 1352 5851 hic
1380 5805 1432 5851 ct
1461 5797 1608 5850 alibi.

1768 5729 1813 5758 ⁵ο
1849 5729 2128 5799 ποιούσης.
2168 5728 2331 5784 Basil.

2437 5720 2487 5756 δί’
2514 5724 2856 5795 συμπαθείας
2887 5723 3067 5777 verius
3103 5723 3302 5775 habent
3330 5720 3490 5774 iidem
