4218 6456
225 387 355 453 1221

1237 389 1820 451 ΕΟΟΕΕΞΙΛΞΤῙΟΕ
1852 391 2229 451 ΙΙΙΞΤΟΗΙᾸΞ
2260 394 2402 453 LIB.
2437 396 2504 455 Υ.

3311 395 3442 461 1222

221 496 288 549 Τί
337 496 519 550 τοίνυν
567 495 729 549 πάλιν
768 496 897 565 παρ’
923 496 1055 565 ἐμοῦ
1106 496 1314 563 ζητεῖτε
1346 498 1443 568 τὴν
1472 499 1785 570 καθαίρεσιν
1814 506 1858 563 Α

1777 517 1785 548 ν
1814 506 1858 563 Α
1889 500 2201 568 Apollinare
2222 542 2237 565 ,
2272 512 2324 559 ct
2351 505 2405 558 in
2435 504 2523 560 die
2556 503 2740 575 iudicii
2775 506 2986 562 debitas
3018 520 3204 577 pmnas
3233 514 3287 561 ct
3313 522 3443 577 sup-

220 586 487 655 Τιμοθέου
526 586 604 650 ⁶³;
654 588 761 640 Καὶ
788 588 1018 641 ἐνταῦθα
1059 588 1233 656 κρίσει
1277 591 1376 658 τῆς
1426 591 1784 660 ἁποστολικῆς

219 674 511 743 καθέδρας,
538 675 800 743 παρόντος
839 674 931 727 καὶ
958 677 1165 747 Πέτρου
1207 676 1301 729 τοῦ
1342 678 1638 730 ἐπισκόπου
1684 679 1782 746 τῆς

230 761 623 832 Ἀλεξανδρέων
660 764 884 826 πόλεως,
920 764 1197 837 καθῃρέθη
1237 767 1353 835 ἅμα
1386 767 1461 835 τῷ
1483 767 1782 837 διδασκάλῳ

215 853 383 906 αὐτοῦ
428 854 794 925 Ἀπολιναρίῳ
845 855 911 922 ⁸⁸,
945 856 1002 919 ὃς
1034 856 1077 888 ⁸⁸
1107 857 1199 909 καὶ
1235 860 1291 910 ὲν
1320 858 1499 927 ἡμέρᾳ
1539 860 1635 927 τῆς
1660 859 1781 928 κρί-

218 961 357 1007 σεως
399 945 499 1007 τὰς
529 946 879 1016 ὀφειλομένας
915 948 1184 1018 τιμωρίας
1231 949 1323 1000 καὶ
1357 946 1616 1017 βασάνους
1648 950 1780 1001 ὑπο-

218 1038 392 1103 μενεῖ.
433 1037 495 1088 Et
537 1036 593 1089 δέ
623 1054 775 1101 τινας
831 1037 1191 1107 κουφοτέρους
1238 1038 1412 1090 πείθει
1448 1039 1674 1103 ἐκεῖνος,
1708 1038 1781 1102 ὥς

216 1140 335 1176 τινα
385 1126 575 1179 ἐλπίδα
602 1126 761 1197 ἔχων,
802 1129 947 1191 ὅστις
980 1128 1076 1197 τὴν
1108 1127 1281 1198 ἀληθῆ
1330 1128 1517 1180 ἐλπίδα
1558 1128 1655 1197 τὴν
1704 1130 1783 1192 είς

215 1214 452 1283 Χριστὸν
478 1220 542 1287 τῇ
585 1217 841 1288 ὁμολογίᾳ
872 1218 1152 1287 μετέϐαλε,
1202 1219 1338 1288 μετὰ
1367 1218 1552 1270 τούτου
1586 1219 1784 1287 ὁμοίως

216 1306 520 1369 ἀπολεῖται,
575 1309 720 1372 ὅστις
773 1309 836 1378 δή
879 1327 1007 1361 ποτε
1048 1309 1315 1377 βούλεται,
1353 1308 1428 1377 τῷ
1476 1310 1655 1360 κανόνι
1686 1312 1783 1379 τῆς

1884 593 2048 661 plicia
2079 595 2413 649 sustinebit?
2435 596 2589 662 Quod
2623 599 2668 651 si
2694 598 2924 654 leviores
2956 600 3241 670 quospiam
3274 600 3363 653 ille
3388 601 3442 654 in

1882 697 2039 736 suam
2090 686 2414 741 sententiam
2451 687 2737 756 perducit,
2792 689 2948 756 quasi
3002 707 3151 760 spem
3204 691 3442 761 aliquam

1883 774 2089 831 habens
2110 816 2125 838 ,
2158 777 2252 845 qui
2286 792 2473 832 veram
2506 794 2656 849 spem
2691 781 2745 834 in
2776 781 3052 835 Christum
3090 797 3191 836 una
3226 799 3346 837 cum
3380 782 3443 836 ﬁ-

1881 865 1964 919 dei
1994 866 2353 923 confessione
2382 872 2648 934 mutavit,
2693 887 2817 925 cum
2864 874 2965 927 hoc
3010 875 3212 942 pariter
3244 875 3445 943 peribit

1885 954 2201 1023 quicunque
2249 958 2364 1010 vult
2395 957 2655 1013 Ecclesia:
2684 963 2879 1015 canoni
2929 978 3253 1032 repugnare.
3302 962 3443 1018 Deus

1892 1059 1986 1098 vos
2017 1046 2318 1104 incolumes
2354 1051 2656 1115 custodiat.
2693 1052 2789 1106 ﬁlii
2821 1053 3253 1109 honoratissimi.
3303 1053 3444 1120 Quin

1887 1142 1941 1189 ct
1971 1137 2076 1190 alia
2110 1141 2357 1208 quaedam
2388 1143 2630 1214 episcopi
2666 1145 2719 1197 in
2767 1158 2963 1213 magna
3006 1145 3174 1199 Roma
3216 1160 3445 1215 congre-

1890 1228 2001 1297 gati
2046 1230 2309 1286 adversus
2360 1233 2603 1290 diversas
2654 1235 2889 1291 hareses
2924 1236 3289 1305 scripserunt,
3326 1248 3447 1305 quae

1892 1322 2193 1374 narrationi
2229 1322 2472 1378 intexere
2506 1340 2811 1394 congruum
2842 1326 3168 1381 existimavi.

226 1400 556 1471 Ἐκκλησίας
582 1403 994 1466 ἀντιπαλαίσας.
1044 1404 1104 1455 Ὀ
1156 1402 1285 1464 Θεὸς
1338 1404 1478 1472 ὑμᾶς
1522 1404 1858 1471 ὑγιαίνοντας
1894 1410 2261 1479 διαφυλάττοι,
2294 1416 2397 1469 υίοὶ
2453 1418 2786 1487 τιμιώτατοι.
2855 1420 2963 1471 Καὶ
3014 1418 3149 1471 ἄλλα
3210 1416 3265 1468 δέ
3324 1430 3446 1469 τινα

217 1488 694 1558 συναθροισθέντες
742 1492 800 1544 ὲν
854 1494 918 1560 τῇ
985 1490 1190 1561 μεγάλῃ
1249 1490 1432 1561 Ῥώμῃ
1474 1491 1781 1561 γεγράφασι
1818 1499 1955 1551 κατὰ
1976 1501 2245 1573 διαφόρων
2269 1506 2551 1575 αἱρέσεων,
2584 1506 2725 1578 ἅπερ
2747 1510 3039 1576 ἀναγκαῖον
3110 1507 3295 1579 ᾠήθην
3358 1507 3446 1561 ὲν-

214 1580 391 1633 θείναι
426 1584 493 1650 τῇ
520 1584 831 1651 συγγραφῇ.

804 1670 1049 1723 ΚΕΦΑΛ.
1094 1669 1195 1723 IA'.

226 1756 545 1825 'Oyoloria
558 1758 601 1787 “
630 1757 737 1822 τῆς
770 1757 1094 1823 καθο.1ικῆς
1121 1760 1394 1823 πίστεως,
1422 1757 1501 1824 ἢν
1528 1761 1560 1811 ό
1583 1758 1785 1825 πάπας

293 1828 570 1895 Δάμασος
600 1828 913 1881 ἀπέστειλε
946 1829 1093 1894 πριλς
1125 1829 1457 1879 ἐπίσκοπον
1485 1829 1787 1880 Παυλῖνον

287 1896 360 2017 ἐξ·
399 1896 867 1997 altilaneam-[(1,
921 1897 989 1962 ὃς
1007 1898 1048 1929 ⁸⁷
1084 1897 1318 1964 ἐγένετο
1364 1898 1434 1949 ἐν
1482 1901 1785 1950 Θεσσαλο-

288 1983 328 2018 r
354 1983 430 2033 κῃ
500 2003 515 2017 .

301 2055 523 2124 Ἐπειδὴ
549 2056 687 2127 μετὰ
718 2058 815 2128 τὴν
840 2058 898 2110 ὲν
928 2057 1133 2128 Νικαίςι
1163 2058 1377 2111 σύνοδον
1398 2058 1535 2127 αὕτη
1557 2060 1589 2129 ἡ
1613 2059 1785 2127 πλάνη

221 2146 511 2215 ἀνέκυψεν,
538 2147 676 2200 ὣστε
697 2148 899 2219 τολμᾷν
918 2165 1070 2212 τινας
1102 2149 1311 2219 βεϐήλῳ
1339 2152 1563 2220 στόματι
1594 2154 1785 2215 εἰπεῖν,

220 2236 280 2288 τδ
313 2237 539 2306 Πνεῦμα
583 2238 640 2290 τὸ
672 2238 826 2305 ἅγιον
854 2238 1172 2308 γεγενῆσθαι
1206 2240 1292 2291 διὰ
1323 2239 1415 2291 τοῦ
1461 2240 1609 2305 Υίοῦ,
1656 2242 1787 2293 ἀνα-

221 2324 582 2396 θεματίζομεν
615 2328 737 2390 τοὺς
770 2327 843 2397 μὴ
872 2328 1008 2397 μετὰ
1044 2329 1220 2395 πάσης
1250 2328 1557 2399 ἐλευθερίας
1587 2330 1789 2399 κηρύτο

220 2431 409 2478 τοντας
442 2416 537 2468 σὺν
569 2415 646 2486 τῷ
678 2417 849 2489 Πατρὶ
882 2416 975 2470 καὶ
1008 2416 1083 2486 τῷ
1134 2416 1248 2486 Υἱῷ
1291 2418 1385 2487 τῆς
1419 2420 1547 2487 μιᾶς
1576 2420 1789 2488 καὶτῆς

222 2507 390 2577 αὐτῆς
438 2507 623 2570 οὐσίας
669 2525 729 2561 τε
786 2508 880 2560 καὶ
930 2506 1172 2572 ἐξουσίας
1225 2508 1487 2579 ὑπάρχειν
1530 2510 1589 2563 τὸ
1634 2512 1788 2578 ἅγιον

224 2598 470 2666 Πνεῦμα.
497 2598 726 2666 Ὁμοίως
744 2598 799 2651 δὲ
819 2600 1285 2670 ἀναθεματίζομεν
1306 2602 1538 2663 καὶτοὺς
1553 2605 1616 2671 τῇ
1636 2601 1786 2674 [2H]

224 2688 512 2741 Σαϐελλίου
540 2689 959 2752 ἀκολουθοῦντας
993 2691 1185 2763 πλάνῃ,
1214 2692 1304 2744 τὸν
1348 2691 1507 2745 αὐτὸν
1534 2691 1789 2758 λέγοντας

223 2778 317 2831 καὶ
342 2779 557 2849 Πατέρα
587 2775 723 2832 εἶναι
753 2782 844 2833 καὶ
874 2780 1017 2835 Υἱόν.
1061 2781 1545 2851 ’Δναθεματίζομεν
1576 2784 1789 2851 Ἀρειον

223 2869 317 2921 καὶ
349 2871 633 2939 Εὐνόμιον,
683 2871 731 2923 οἳ
762 2873 826 2940 τῇ
870 2871 959 2942 ἴσῃ
991 2872 1298 2941 δυσσεὸεία,
1348 2875 1396 2926 εί
1429 2874 1519 2925 καὶ
1546 2875 1655 2933 τοῖς
1690 2874 1788 2943 ῥή-

227 2978 360 3030 μασι
410 2962 771 3031 διαφέρονται,
823 2965 911 3017 τὸν
960 2965 1084 3017 Υίὸν
1132 2968 1226 3018 καὶ
1268 2966 1329 3018 τὸ
1370 2967 1521 3035 ἅγιον
1570 2965 1789 3033 Πνεῦμα

224 3052 429 3122 κτίσμα
469 3049 606 3106 εἶναι
643 3054 1080 3125 διισχυρίζονται.
1128 3056 1619 3124 ’Λναθεματίξομεν
1666 3056 1791 3118 τοὺς

225 3142 674 3209 Μακεδονιανοὺς,
720 3146 913 3207 οἵτινες
943 3149 1005 3197 ὲκ
1059 3146 1156 3215 τῆς
1209 3148 1416 3217 Ἀρείου
1463 3145 1615 3216 ῥίζης
1660 3163 1791 3199 κατ-

229 3235 511 3302 αγόμενοι,
564 3235 682 3304 ούχὶ
709 3234 805 3305 τὴν
838 3236 1106 3303 ἀσέϐειαν,
1134 3236 1267 3289 ἀλλὰ
1295 3236 1392 3306 τὴν
1428 3237 1792 3307 προσηγορίαν

225 3325 543 3395 ὲνήλλαξαν.
602 3324 1088 3395 Ἀναθεματίζομεν
1135 3327 1415 3389 Φωτεινὸν,
1465 3327 1523 3389 ὃς
1554 3328 1651 3397 τὴν
1698 3328 1791 3380 τοῦ

239 3415 494 3477 Ἐὁίωνος
545 3415 752 3485 αἵρεσιν
819 3415 1208 3481 ἁνακαινίζων,
1257 3416 1345 3467 τὸν
1398 3416 1598 3487 Κύριον
1636 3416 1793 3487 ήμῶν

239 3506 448 3574 Ἰησοῦν
495 3506 728 3576 Χριστὸν
783 3506 938 3576 μόνον
987 3508 1050 3559 ἐκ
1100 3507 1198 3575 τῆς
1249 3505 1463 3576 Μαρίας
1506 3507 1805 3601 ὡμολόγει.ς

238 3597 733 3665 ’Δναθεματίζομεν
777 3598 868 3649 καὶ
897 3597 1020 3659 τοὺς
1048 3596 1140 3649 δύο
1184 3592 1320 3649 εἷναι
1353 3599 1497 3660 υἱοὺς
1533 3597 1794 3667 διισχυρι-

227 3689 508 3760 ζομένους,
534 3691 628 3744 ἕνα
659 3691 763 3760 πρὸ
791 3689 897 3742 τῶν
926 3689 1152 3754 αἰώνων,
1187 3690 1280 3742 καὶ
1326 3690 1480 3744 ἄλλον
1519 3690 1656 3760 μετὰ
1697 3690 1795 3760 τὴν

224 3784 326 3852 τῆς
359 3781 558 3851 σαρκὸς
589 3784 653 3835 ὲκ
686 3781 780 3852 τῆς
807 3782 1022 3853 Μαρίας
1049 3780 1333 3850 ἀνάληψιν.
1378 3780 1794 3851 Ἀναθεματίζο-

230 3891 331 3943 μεν
357 3873 657 3936 κάκείνους,
702 3872 893 3935 οἵτινες
938 3873 1058 3926 ἀντὶ
1088 3871 1307 3942 λογικῆς
1335 3871 1509 3940 ψυχῆς
1537 3872 1797 3943 διισχυρί-

228 3966 413 4029 ζονται
446 3965 527 4016 ὅτι
576 3966 604 4016 ὁ
631 3962 723 4016 τοῦ
753 3962 884 4016 Θεοῦ
917 3965 1088 4032 Λόγος
1120 3963 1364 4034 ἐστράφη
1409 3965 1465 4016 ὲν
1490 3966 1555 4032 τῇ
1588 3963 1799 4034 ἀνθρω-

231 4056 362 4124 πίνῃ
398 4055 578 4124 σαρκί.
610 4056 779 4117 Αύτος
810 4054 917 4124 γὰρ
942 4050 1091 4118 οὗτος
1116 4057 1144 4108 ό
1170 4055 1264 4107 τοῦ
1296 4054 1427 4107 Θεοῦ
1458 4054 1646 4121 Λόγος,
1678 4054 1797 4123 ούχὶ

232 4146 357 4197 ἀντὶ⁵
386 4146 487 4214 τῆς
538 4146 757 4216 λογικῆς
803 4148 898 4200 καὶ
944 4150 1134 4216 νοερᾶς
1178 4146 1351 4215 ψυχῆς
1399 4146 1454 4196 ὲν
1483 4145 1559 4214 τῷ
1604 4144 1796 4197 ἑαυτοῦ

232 4236 449 4306 σώματι
482 4238 723 4305 γέγονεν,
759 4238 891 4291 ἀλλὰ
915 4237 1012 4307 τὴν
1041 4238 1334 4308 ἡμετέραν,
1382 4236 1525 4289 τοῦτ’
1558 4238 1671 4290 ἔστι
1711 4238 1798 4289 λο-

2332 1676 2483 1731 car.
2516 1678 2604 1731 χι.
2641 1636 2724 1749 [Β.
2764 1680 2844 1733 St.
2876 1679 2987 1751 10.]

1888 1759 2158 1843 Confessio
2201 1766 2323 1843 fidei
2375 1768 2697 1843 cqlholicrr,‘
2720 1787 2873 1843 quam
2928 1771 3189 1825 Damasus
3221 1790 3357 1843 papa
3390 1778 3443 1830 in

1955 1830 2333 1911 Haced_o_nium_
2356 1838 2494 1911 misit
2558 1839 2626 1890 ad
2660 1830 2944 1893 Paulinum
2977 1830 3300 1911 episcopum;
3327 1862 3442 1899 cum

1955 1912 2087 1954 esset
2120 1901 2519 1959 Thessalonica).

1958 2051 2224 2116 Quoniam
2266 2062 2389 2123 post
2448 2056 2742 2111 concilium
2812 2055 3091 2113 Nicmnum
3148 2061 3237 2117 hic
3286 2077 3443 2119 error

1887 2143 2135 2201 emersit.
2188 2151 2244 2194 ut
2290 2144 2509 2212 quidam
2559 2162 2653 2200 ore
2692 2146 2922 2215 profano
2953 2151 3136 2207 dicere
3185 2153 3441 2219 audeant,

1893 2231 2100 2300 1037
2137 2232 2400 2301 Spiritum
2433 2245 2682 2289 sanetum
2710 2253 2804 2307 per
2834 2238 3029 2294 Filium
3056 2241 3255 2297 factum
3292 2261 3438 2309 esse,

1889 2324 2416 2380 anathematizamus
2438 2341 2534 2381 eos
2551 2368 2563 2389 ,
2585 2328 2677 2395 qui
2712 2343 2819 2382 non
2839 2329 3115 2387 liberrime
3144 2335 3444 2402 prazdicant

1891 2410 2154 2479 Spiritum
2184 2427 2435 2470 sanctum
2467 2419 2629 2473 unius
2659 2420 3018 2491 ejusdemque
3050 2440 3171 2478 cum
3202 2425 3362 2482 Patre
3388 2437 3444 2486 et

1891 2504 2028 2560 Filio
2077 2507 2403 2562 substantiae
2440 2526 2501 2563 ac
2534 2514 2822 2580 potestatis
2850 2515 3141 2571 exsistere.
3180 2516 3445 2577 Similiter

1889 2602 2068 2648 autem
2101 2598 2623 2655 anathematizamus
2650 2617 2764 2667 eos,
2798 2606 2891 2669 qui
2942 2604 3161 2661 Sabellii
3199 2624 3444 2665 errorem

1891 2693 2217 2752 sequuntur,
2264 2697 2317 2740 et
2342 2688 2590 2742 eumdem
2621 2706 2743 2745 esse
2770 2692 2959 2746 dicunt
3008 2694 3222 2751 Patrem
3255 2708 3309 2753 et
3354 2699 3446 2755 Fi-

1891 2777 2043 2833 lium.
2076 2780 2616 2838 Anathematizamus
2645 2786 2835 2839 Arium
2864 2796 2918 2842 et
2962 2787 3315 2858 Eunomium,
3349 2796 3443 2863 qui

1892 2871 2007 2939 pari
2046 2870 2344 2941 impietate.
2400 2874 2527 2928 licet
2564 2876 2745 2931 verbis
2772 2878 3107 2949 discrepent,
3154 2882 3349 2937 Filium
3390 2894 3447 2941 et

1816 2994 1858 3048 ο
1894 2960 2159 3029 Spiritum
2186 2972 2435 3017 sanctum
2463 2974 2769 3020 creaturam
2793 2984 2914 3023 esse
2938 2971 3279 3026 conﬁrmant.
3303 2975 3445 3028 Ana-

1894 3053 2308 3107 thematizamus
2344 3054 2800 3120 Macedonianos,
2851 3059 2941 3127 qui
2975 3076 3040 3113 ex
3091 3061 3209 3114 Arii
3263 3064 3448 3118 radice

1893 3146 2197 3215 propagati.
2225 3161 2331 3200 non
2356 3147 2710 3214 impietatem,
2736 3148 2828 3204 sed
2853 3165 3044 3204 nomen
3071 3158 3245 3206 solum
3273 3164 3446 3208 muta-

1893 3245 2036 3287 runt.
2058 3236 2593 3291 Anathematizamus
2619 3235 3057 3308 Photinum,qui,
3086 3241 3306 3297 Ebionis
3336 3245 3446 3299 ba:-

1894 3328 2040 3379 rcsin
2066 3342 2355 3383 renovatis.
2381 3326 2664 3379 Dominum
2693 3338 2937 3381 nostrum
2955 3327 3139 3385 Jesum
3165 3332 3446 3387 Christum

1894 3416 2072 3469 solum
2130 3431 2192 3468 ex
2258 3416 2428 3467 Maria
2480 3416 2861 3469 conﬁtebatur.
2912 3417 3447 3479 Anatbematizamus

1893 3506 2055 3557 etiam
2083 3521 2178 3558 eos
2231 3508 2322 3573 qui
2352 3506 2490 3558 duos
2518 3505 2655 3560 ﬁlios
2680 3521 2800 3562 esse
2821 3506 3106 3574 ailirmant,
3134 3528 3297 3565 unum
3324 3524 3449 3569 ante

1896 3595 2115 3658 saecula,
2143 3604 2195 3648 et
2222 3596 2386 3647 alium
2420 3604 2539 3663 post
2568 3597 2753 3650 carnis
2784 3601 3210 3667 assumptionem
3241 3618 3308 3655 ex
3335 3601 3447 3655 Ma-

1895 3686 1995 3737 ria.
2031 3686 2567 3740 Anathematizamus
2592 3695 2646 3739 et
2684 3688 2807 3741 illos
2854 3690 2956 3757 qui
2994 3699 3306 3744 asseverant
3352 3707 3449 3761 pro

1895 3776 2150 3829 rationali
2185 3778 2361 3830 anima
2398 3777 2485 3831 Dei
2512 3776 2747 3832 Verbum
2782 3780 2833 3832 in
2869 3780 3101 3834 humana
3133 3797 3296 3837 carne
3326 3798 3452 3839 ver-

1896 3876 2075 3922 satqu
2104 3884 2244 3922 esse.
2288 3867 2466 3937 Ipsum
2494 3869 2638 3922 enim
2665 3867 2757 3922 Dei
2785 3868 3057 3935 Verbum,
3084 3886 3189 3925 non
3217 3873 3338 3928 loco
3362 3889 3455 3930 ra-

1900 3960 2123 4012 tionalis
2151 3969 2203 4012 et
2233 3960 2585 4029 intelligentis
2616 3961 2807 4013 anima:
2838 3961 2890 4013 in
2926 3976 3155 4031 corpore
3186 3979 3287 4018 suo
3314 3965 3451 4030 fuit,

1901 4051 1993 4105 sed
2022 4059 2285 4113 nostram,
2315 4052 2417 4103 hoc
2443 4060 2547 4111 est,
2581 4052 2901 4105 rationalem
2929 4061 2981 4106 et
3006 4052 3454 4120 intellectualem,

1899 4144 2018 4195 sine
2046 4150 2264 4210 peccato
2289 4143 2520 4193 animam
2546 4144 2914 4211 assumpsitet
2933 4147 3457 4201 conservavit.Ana-

1900 4233 2316 4285 thematizamus
2334 4233 2545 4300 eos,qui
2565 4233 3015 4295 dieunt.Verbum
3037 4235 3127 4291 Dei
3145 4238 3457 4306 productio-

231 4326 395 4396 γικὴν
423 4329 516 4379 καὶ
540 4328 751 4398 νοερὰν,
789 4329 914 4382 ἄνευ
944 4329 1039 4397 τῆς
1070 4327 1340 4398 ἁμαρτίας
1372 4327 1544 4397 ψυχὴν
1575 4327 1800 4381 ἀνέλαϐε
1834 4322 1876 4377 D

1790 4345 1800 4378 ι
1834 4322 1876 4377 D
1908 4340 1971 4377 ne
1991 4335 2043 4378 et
2068 4328 2441 4379 contractione
2463 4343 2490 4379 a
2513 4325 2671 4381 Patre
2698 4337 3004 4397 separatum
3035 4345 3178 4389 esse.
3205 4332 3456 4401 idemque

234 4420 330 4470 καὶ
362 4419 581 4472 ἔσωσεν.
630 4417 1119 4489 ’Δναθεματίζομεν
1149 4418 1241 4469 καὶ
1273 4418 1396 4481 τοὺς
1433 4418 1684 4486 λέγοντας
1709 4418 1800 4469 τὸν

235 4511 410 4578 Λόγον
444 4510 537 4563 τοῦ
568 4509 701 4562 Θεοῦ
730 4513 794 4581 τῇ
826 4511 1042 4563 ἐκτάσει
1074 4509 1165 4561 καὶ
1191 4513 1254 4578 τῇ
1288 4510 1516 4579 συστολῇ
1565 4510 1669 4562 ἀπὸ
1706 4506 1798 4561 τοῦ

235 4604 448 4672 [ἰατρὸς
478 4603 803 4673 κεχωρίσθαι
822 4604 885 4666 ⁸⁸,
921 4603 1013 4654 καὶ
1056 4602 1423 4655 ἀνυπόστατον
1455 4602 1613 4655 αὑτὸν
1642 4597 1800 4665 εἶναι,

234 4694 267 4762 ἦ
307 4694 523 4763 μέλλειν
567 4694 820 4764 τελευτᾷν
872 4692 1341 4763 βλασφημοῦντας.
1393 4694 1531 4755 Τοὺς
1581 4693 1636 4745 δὲ
1696 4692 1803 4745 ἀπὸ

248 4785 587 4855 Ἐκκλησιῶν
619 4788 696 4849 εἰς
730 4786 920 4855 ἐτέρας
952 4786 1271 4855 Ἐκκλησίας
1304 4784 1655 4854 μετελθόντας
1675 4783 1803 4852 ἄχρι

234 4877 497 4930 τοσούτου
549 4878 655 4931 ἀπὸ
701 4877 799 4947 τῆς
846 4878 1117 4948 ἡμετέρας
1167 4877 1447 4939 κοινωνίας
1495 4876 1804 4947 ἀλλοτρίους

236 4969 457 5039 ἔχομεν,
486 4969 640 5039 ἄχρις
673 4960 733 5021 οῦ
766 4968 898 5038 πρὸς
917 4967 1084 5031 αύτάς
1116 4967 1446 5020 ὲπανέλθωσι
1477 4969 1572 5029 τὰς
1603 4966 1801 5031 πόλεις,

239 5063 297 5113 ὲν
326 5057 418 5121 αἷς
443 5061 657 5128 πρῶτον
704 5061 1203 5130 ἐχειροτονήθησαν.
1252 5059 1376 5111 Ἐάν
1416 5058 1473 5111 δέ
1500 5077 1601 5122 τις,
1645 5059 1805 5110 ἄλλου

237 5150 350 5203 ἀπὸ
370 5150 537 5201 τόπου
563 5152 640 5211 εἰς
662 5150 824 5202 τόπον
853 5149 1213 5220 μετελθόντος,
1239 5152 1294 5202 ὲν
1318 5149 1466 5217 τόπσρ
1492 5149 1583 5200 τοῦ
1608 5148 1807 5211 ζῶντος

238 5240 642 5311 ἐχειροτονήθη,
661 5240 786 5310 ἄχρι
820 5241 1069 5294 τοσούτου
1098 5240 1333 5310 σχολάσῃ
1363 5241 1468 5292 ἀπὸ
1499 5240 1591 5292 τοῦ
1624 5241 1809 5309 ἀρχιε-

1904 4418 2021 4470 sine
2046 4416 2398 4471 subsistentia
2421 4433 2561 4481 esse,
2582 4418 3453 4489 interiturumqueblasphemaut.

1905 4512 2009 4567 Eos
2037 4523 2239 4575 autem,
2261 4512 2349 4580 qui
2372 4513 2438 4566 ab
2455 4513 2709 4566 Ecelesiis
2736 4514 2799 4567 ad
2822 4515 2955 4567 alias
2970 4514 3239 4569 Ecclesias
3258 4517 3458 4582 migra-

1903 4612 2118 4665 veruut,
2143 4602 2328 4655 tandiu
2358 4617 2385 4654 a
2436 4614 2622 4656 nostra
2652 4603 3034 4657 communione
3058 4605 3264 4658 alienos
3289 4606 3456 4657 habe-

1905 4708 2027 4747 mus
2055 4733 2068 4750 .
2112 4693 2283 4746 donec
2323 4694 2387 4746 ad
2420 4708 2514 4748 eas
2566 4695 2788 4747 redeant
2820 4693 3069 4749 civitates
3096 4736 3110 4758 ,
3150 4695 3202 4748 in
3244 4696 3456 4765 1038

1906 4783 2105 4850 quibus
2147 4782 2379 4850 primum
2418 4781 2648 4835 ordinati
2686 4790 2833 4835 sunt.
2870 4780 3022 4846 Quod
3058 4783 3102 4837 si
3142 4784 3267 4853 quis
3293 4824 3307 4847 ,
3346 4786 3455 4839 alio

1903 4874 1967 4928 ad
2002 4875 2159 4927 aliam
2195 4874 2375 4928 sedem
2412 4876 2695 4937 translato,
2733 4875 2785 4928 in
2829 4876 3004 4928 locum
3032 4876 3264 4930 viventis
3298 4876 3460 4929 fuerit

1902 4964 2208 5025 ordinatus,
2242 4963 2429 5016 tandiu
2478 4978 2506 5015 a
2539 4965 2864 5017 sacerdotali
2895 4963 3161 5030 dignitate
3185 4974 3338 5017 vacet
3391 4966 3458 5029 is,

1902 5058 1992 5126 qui
2022 5056 2290 5125 propriam
2319 5053 2875 5117 defenditcivitatem,
2903 5054 3076 5109 donec
3106 5059 3123 5077 '
3164 5069 3458 5108 successor

1903 5150 2023 5217 ejus
2083 5148 2387 5215 requiescat
2432 5147 2485 5199 in
2550 5145 2799 5199 Domino.
2857 5145 2912 5199 Si
2962 5146 3085 5214 quis
3116 5160 3221 5199 non
3255 5144 3454 5197 dixerit

1906 5252 2118 5305 semper
2159 5236 2393 5299 l’atrcm,
2418 5243 2471 5288 et
2510 5250 2723 5303 semper
2755 5234 2974 5304 Filium,
2998 5242 3052 5288 et
3094 5250 3307 5305 semper
3337 5247 3460 5289 esse

1541 5380 1775 5435 VARUE
1815 5378 2215 5435 LECTIONICS.

322 5497 370 5529 ⁸³
400 5498 458 5559 ὃς
491 5496 648 5549 iidem
681 5492 907 5549 addunt.

996 5495 1038 5524 “
1070 5494 1281 5548 ’Ano).)..
1316 5493 1499 5546 Iidem.
1566 5495 1609 5523 ⁸⁵
1628 5494 1705 5556 ὃς,
1736 5493 1879 5560 quod
1922 5492 2119 5545 habent
2158 5488 2751 5560 (lltristopli.,Scalig.,
2786 5486 3088 5560 Casaubon.
3128 5501 3179 5546 et
3207 5489 3455 5559 Niceplt.,

244 5568 402 5622 ιιὶιυπι
426 5584 454 5618 a
479 5565 883 5619 Basileensihus
913 5572 965 5616 et
989 5561 1200 5632 Stcph..
1222 5565 1545 5631 quibuscum
1576 5559 1909 5630 Epiphanius
1943 5563 2230 5612 consentit.
2296 5560 2340 5632 ξε
2371 5559 2454 5632 .Io_.
2492 5559 2609 5632 P‘iui
2652 5559 2819 5632 codex
2858 5559 2930 5632 ad
2961 5559 3095 5632 Iulus
3131 5565 3203 5615 ita
3240 5561 3458 5632 exhibet

242 5621 390 5691 hunc
434 5636 650 5688 titulum
686 5649 698 5686 :
724 5633 983 5709 ἐπιστολῇ
1030 5621 1339 5709 efferat-loli.
1381 5650 1528 5709 mos.
1563 5621 1908 5709 ἣῇὲπέστειλε

1791 5633 1928 5682 τειλε
1956 5636 2158 5699 Δαμασ.
2221 5628 2349 5696 πρὸς
2412 5628 2630 5709 [Ῑαυλῖνε
2678 5621 2860 5709 ἐπέξει.
2916 5627 3070 5709 ἐν.τῇ
3126 5629 3452 5699 Μακεδονία.

241 5709 284 5738 ⁸⁷
318 5708 410 5759 ὅτε
460 5705 694 5759 malebat
724 5693 991 5759 Valesius:
1046 5693 1775 5777 “diemmiovzmiqfBasil.
1814 5700 1907 5754 Lat

1435 5693 1775 5772 Mign-Bas“.
1814 5693 2059 5755 Latinus.
2126 5703 2167 5730 υθ
2208 5693 2561 5767 κε’χωρεῐσθαι
2589 5696 2750 5749 Dasil.
2778 5694 2872 5747 Gr.
2908 5704 2960 5748 et
2990 5693 3101 5751 Lat.
