4218 6456
775 389 912 455 1223

1802 386 2292 448 TIIEODORETI
2328 383 2670 447 EPISCOPI
2709 384 3076 450 CYRENSIS

3901 387 4041 451 1224

775 508 1037 579 Spiritum
1066 510 1337 561 sanetum,
1367 499 1661 553 anathema
1694 495 1785 553 sit.
1813 496 1870 550 Si
1893 497 2020 566 quis
2051 512 2160 550 non
2194 496 2345 551 dixe-
2375 501 2403 557 Α

2461 495 2677 563 ρατικοῦ
2695 496 2741 533 ⁷⁸
2780 495 3087 567 ἀξιώματος
3122 498 3152 549 6
3192 497 3290 568 τὴν
3320 497 3454 551 ἰδίαν
3491 498 3647 553 πόλιν
3675 499 4034 569 καταλείψας,

775 601 850 654 rit
880 597 1076 651 Filium
1135 601 1322 646 natum
1380 606 1449 645 ex
1512 589 1706 653 Patre,
1760 589 1863 642 hoc
1912 596 2019 655 est,
2072 604 2139 642 ex
2168 588 2349 643 divina

772 688 895 755 ejus
923 681 1252 740 substantia,
1306 678 1593 731 anathema
1642 678 1736 731 sit.
1787 675 1843 729 Si
1890 678 2013 745 quis
2040 692 2151 730 non
2195 676 2349 731 dixe-

778 780 852 831 rit
918 789 1105 829 vernm
1150 773 1315 826 Deum
1353 770 1553 824 Filium
1602 767 1724 833 Dei,
1767 768 1913 822 sicut
1947 782 2139 821 verum
2180 768 2348 823 Deum

774 867 989 920 Patrem
1053 865 1192 933 ejus,
1226 874 1281 917 et
1312 862 1494 915 omnia
1553 875 1737 924 nosse,
1774 866 1828 914 et
1858 860 2041 913 omnia
2084 874 2267 928 posse,
2297 867 2352 914 et

776 957 921 1010 Patri
957 955 1219 1026 aequalem
1272 966 1414 1016 esse,
1455 953 1746 1005 anathema
1783 951 1873 1004 sit.
1936 950 1990 1004 Si
2034 953 2157 1021 quis
2194 950 2348 1005 dixe-

774 1047 847 1100 rit
885 1045 1033 1116 quod
1068 1046 1121 1097 in
1179 1058 1347 1097 carne
1378 1050 1581 1112 degens
1617 1041 1791 1095 Filius
1820 1040 1935 1103 Dei,
1982 1057 2110 1095 cum
2147 1048 2268 1094 erat
2296 1040 2349 1095 in

775 1145 946 1204 terra,
978 1140 1032 1191 in
1059 1137 1215 1192 castis
1257 1146 1312 1190 et
1342 1151 1466 1190 cum
1504 1135 1666 1189 Patre
1696 1150 1803 1188 non
1841 1135 2028 1196 fuerit,
2061 1136 2351 1190 anathema

778 1231 869 1284 sit.
905 1228 962 1283 Si
994 1228 1120 1298 quis
1151 1227 1353 1281 dixerit
1413 1228 1470 1279 in
1510 1225 1771 1294 passione
1800 1226 1982 1281 crucis
2022 1224 2221 1278 Filium
2258 1224 2351 1279 Dei

778 1323 1022 1377 dolorem
1072 1321 1362 1374 divinitate
1407 1318 1771 1378 sustinuisse,
1817 1326 1871 1371 et
1929 1334 2037 1371 non
2079 1332 2249 1372 carne
2268 1330 2353 1369 ac

779 1413 963 1465 anima
1012 1410 1285 1473 rationali,
1333 1425 1496 1478 quam
1536 1409 1590 1461 in
1648 1408 1819 1461 forma
1854 1410 1996 1462 servi
2030 1408 2351 1476 assumpsit,

779 1504 926 1557 sicut
958 1508 1148 1554 sancta
1181 1498 1467 1568 Scriptura
1493 1499 1651 1563 dixit,
1681 1499 1969 1551 anathema
2010 1499 2102 1551 sit.
2138 1498 2195 1551 Si
2230 1499 2354 1567 quis

780 1609 892 1647 non
952 1591 1151 1647 dixerit
1192 1591 1283 1643 Dei
1316 1591 1550 1644 Verbum
1591 1605 1756 1643 carne
1811 1606 2055 1657 passmn,
2089 1599 2143 1643 et
2190 1605 2355 1643 carne

779 1684 1131 1745 cruciﬁxum,
1172 1691 1225 1735 ct
1270 1695 1441 1735 carne
1468 1689 1767 1741 mortuum,
1801 1681 2119 1749 factumque
2153 1682 2355 1749 primo-

782 1774 1025 1842 genitum
1051 1787 1114 1823 ex
1142 1772 1394 1833 mortuis,
1420 1778 1693 1838 quatenus
1740 1772 1845 1822 vita
1886 1781 1967 1824 cst
2000 1780 2053 1824 et
2081 1772 2206 1823 vita:
2258 1784 2354 1823 au-

2452 587 2609 657 ἀχρις
2628 582 2689 641 οὗ
2709 590 2744 641 6.
2757 586 3138 658 διαδεξάμενος
3154 589 3315 642 αὐτὸν
3335 589 3718 657 ἀναπαύσηται
3740 593 3798 643 ἐν
3822 593 4036 662 Κυρίῳ.

2451 677 2519 729 Εἴ
2538 693 2621 738 τις
2642 676 2715 746 μὴ
2743 677 2871 747 εἴπῃ
2903 678 2990 730 ἀεὶ
3021 678 3112 730 τὸν
3144 678 3387 749 Πατέρα,
3420 681 3515 733 καὶ
3543 681 3629 734 ἀεὶ
3648 680 3739 734 τὸν
3762 681 3920 742 Υίὸν,
3946 681 4041 732 καὶ

2452 770 2541 822 ἀεὶ
2560 770 2621 822 τὸ
2643 770 2797 837 ἅγιον
2820 770 3043 840 Πνεῦμα
3062 773 3103 802 ⁷⁸
3122 766 3282 835 εἶναι,
3309 772 3556 842 ἀνάθεμα
3583 774 3744 825 ἔστω.
3766 773 3833 823 Εἴ
3849 790 3936 834 τις
3965 773 4039 841 μὴ

2453 862 2579 931 εἴπῃ
2602 861 2690 914 τὸν
2708 862 2835 915 Υίὸν
2853 862 3182 933 γεννηθέντα
3204 866 3267 918 ἐκ
3284 865 3518 936 Πατρὸς,
3532 867 3832 925 τουτέστιν,
3852 866 3920 916 ἐκ
3942 865 4039 932 τῆς

2451 956 2637 1020 οὐσίας
2655 956 2753 1024 τῆς
2780 958 2929 1021 θείας
2951 957 3137 1024 αὑτοῦ,
3153 960 3398 1029 ἀνάθεμα
3420 960 3581 1013 ἔστω.
3606 961 3766 1023 Εἴτις
3793 960 3868 1030 μὴ
3885 961 4038 1027 εἴπῃ,

2451 1049 2702 1117 ἀληθινὸν
2736 1050 2869 1105 Θεὸν
2904 1052 2996 1106 τὸν
3026 1052 3153 1106 Υἱὸν
3177 1052 3270 1105 τοῦ
3299 1053 3456 1116 Θεοῦ,
3503 1053 3579 1116 ὡς
3619 1054 3873 1124 ἀληθινὸν
3906 1051 4041 1103 Θεὸν

2453 1141 2544 1193 τὸν
2571 1141 2790 1212 Πατέρα
2819 1142 3005 1205 αὐτοῦ,
3039 1144 3132 1196 καὶ
3164 1144 3343 1197 πάντα
3390 1143 3672 1210 δύνασθαι,
3719 1146 3817 1198 καὶ
3856 1144 4039 1197 πάντα

2454 1232 2673 1295 εἰδέναι,
2717 1232 2810 1285 καὶ
2850 1233 2928 1303 τῷ
2972 1233 3147 1305 Πατρὶ
3200 1234 3333 1296 ἴσον,
3367 1235 3617 1305 ἀνάθεμα
3648 1235 3807 1288 ἔστω.
3854 1233 3927 1286 Εἴ
3957 1250 4042 1297 τις

2639 1324 2721 1377 ὅτι
2751 1324 2808 1375 ἐν
2838 1324 3003 1395 σαρκὶ
3034 1325 3236 1393 διάγων
3268 1326 3297 1377 6
3327 1325 3459 1389 Υἱὸς
3500 1327 3595 1379 τοῦ
3640 1325 3801 1387 Θεοῦ,
3851 1326 3944 1378 ὅτε
3974 1320 4043 1394 ἦν

2454 1415 2511 1466 ἐν
2543 1417 2608 1485 τῇ
2642 1419 2734 1485 γῇ,
2770 1417 2827 1468 ἐν
2853 1418 2964 1478 τοῖς
2991 1417 3239 1486 οὐρανοῖς
3263 1418 3354 1470 καὶ
3385 1420 3482 1471 σὺν
3512 1418 3589 1487 τῷ
3622 1419 3797 1487 “arpi.
3825 1418 3927 1469 οὐκ
3950 1412 4040 1486 ἦν,

2453 1504 2703 1573 ἀνάθεμα
2752 1506 2915 1558 ἔστω.
2968 1507 3036 1558 Εἴ
3080 1525 3165 1570 τις
3207 1509 3356 1579 εἴπῃ,
3402 1511 3483 1562 ὅτι
3531 1512 3589 1562 ἐν
3630 1508 3708 1579 τῷ
3750 1509 3915 1561 πάθει
3950 1507 4043 1559 τοῦ

2457 1594 2690 1664 σταυροῦ
2734 1595 2830 1665 τὴν
2880 1596 3071 1665 ὀδύνην
3087 1599 3133 1629 ⁷³
3181 1599 3472 1668 ὑπέμεινεν
3517 1602 3545 1652 6
3588 1599 3719 1662 Υἱὸς
3761 1598 3857 1651 τοῦ
3902 1596 4041 1649 Θεοῦ

2456 1686 2727 1753 θεότητι⁷³
2749 1725 2763 1746 ,
2819 1688 2913 1739 καὶ
2951 1688 3069 1756 ούχλ¹
3106 1689 3270 1757 σαρκὶ
3302 1690 3395 1742 καὶ
3424 1690 3569 1760 ψυχῇ
3597 1689 3813 1758 λογικῇ,
3865 1690 4045 1758 ἤνπερ

2457 1777 2716 1829 ἀνέλαϐεν
2760 1780 2817 1829 ἐν
2846 1781 2911 1848 τῇ
2948 1778 3099 1831 τοῦτδ
3137 1779 3326 1832 δούλου
3377 1783 3583 1851 μορφῇ,
3631 1779 3707 1842 ὡς
3746 1781 3975 1849 εἴρηκεν
4008 1780 4040 1846 ἡ

783 1876 904 1918 ctor
958 1873 1015 1915 ut
1068 1862 1235 1928 Dens,
1274 1862 1564 1914 anathema
1605 1862 1696 1914 sit.
1753 1860 1808 1915 Si
1857 1863 1981 1930 quis
2014 1878 2119 1915 non
2152 1862 2354 1915 dixerit
2389 1834 2403 1891 1

2462 1865 2592 1931 ἀγία
2626 1866 2837 1936 Γραφὴ,
2870 1834 3119 1937 ἀνάθεμα
3152 1868 3312 1921 ἔστω.
3364 1834 3621 1933 ὲῖιτιςῇ
3654 1834 3729 1939 pii}
3767 1834 3920 1941 εἴπῃ,
3952 1834 4043 1921 τὸν

782 1957 926 2021 quod
973 1957 1027 2008 in
1054 1970 1221 2008 carne
1253 1970 1417 2022 quam
1444 1956 1745 2022 assumpsit
1774 1955 1928 2008 sedet
1956 1955 2023 2009 ad
2064 1955 2349 2009 dexteram

780 2047 983 2110 Patris,
1028 2046 1078 2100 in
1115 2060 1221 2114 qua
1253 2046 1419 2098 etiam
1447 2056 1714 2098 venturus
1751 2053 1833 2098 est
1862 2044 2113 2112 judicare
2143 2045 2355 2115 1039
2398 2042 2403 2049 ’

780 2141 939 2194 vivos
987 2148 1042 2194 et
1092 2146 1362 2197 mortuos,
1422 2137 1713 2190 anathema
1782 2138 1872 2191 sit.
1943 2137 1999 2189 Si
2058 2138 2185 2206 quis
2244 2153 2353 2191 non

783 2232 983 2287 dixerit
1038 2231 1302 2299 Spiritum
1354 2237 1605 2280 sanctum
1653 2242 1719 2280 ex
1751 2226 1911 2281 Patre
1941 2242 2064 2280 esse
2112 2243 2240 2281 vere
2290 2242 2353 2281 ac

784 2320 1027 2390 pr0prie.
1069 2320 1213 2373 sicut
1258 2328 1311 2371 et
1346 2316 1545 2370 Filium
1589 2331 1655 2369 ex
1706 2315 1892 2369 divina
1936 2317 2269 2379 substantia,
2302 2325 2357 2369 et

782 2410 952 2466 Deum
1015 2410 1104 2465 Dei
1149 2410 1410 2470 Verbum,
1458 2408 1750 2462 anathema
1810 2409 1901 2461 sit.
1961 2407 2018 2461 Si
2077 2409 2202 2477 quis
2244 2424 2355 2462 non

783 2507 988 2562 dixerit
1028 2505 1211 2558 omnia
1258 2518 1419 2572 posse
1451 2502 1719 2570 Spiritum
1770 2509 2048 2566 sanctum,
2080 2512 2135 2557 et
2171 2504 2356 2556 omnia

783 2614 972 2665 nosse,
999 2607 1053 2653 et
1106 2598 1309 2665 ubique
1360 2594 1578 2658 adesse,
1639 2596 1784 2650 sicut
1829 2602 1883 2649 et
1936 2592 2132 2648 Filium
2157 2601 2213 2648 et
2256 2594 2359 2648 l’a-

785 2698 950 2749 trem,
1002 2688 1294 2742 anathema
1353 2686 1443 2741 sit.
1508 2684 1567 2738 Si
1644 2685 1769 2755 quis
1824 2684 2027 2739 dixerit
2091 2683 2358 2753 Spiritum

785 2789 1039 2835 sanctum
1099 2778 1390 2838 facturam,
1440 2784 1535 2830 aut
1568 2790 1667 2845 per
1721 2774 1918 2829 Filium
1969 2774 2173 2828 factum
2213 2789 2359 2841 esse,

786 2870 1083 2924 anathema
1118 2868 1213 2922 sit.
1253 2866 1310 2921 Si
1350 2867 1477 2937 quis
1520 2881 1633 2921 non
1670 2865 1870 2919 dixerit
1904 2865 2121 2920 Patrem
2176 2866 2361 2920 omnia

787 2976 886 3031 per
930 2958 1127 3013 Filium
1179 2959 1526 3012 incarnatum
1572 2967 1628 3012 et
1679 2971 1776 3025 per
1802 2955 2066 3025 Spiritum
2108 2965 2359 3011 sanetum

786 3050 1123 3116 condidisse,
1183 3050 1288 3104 hoc
1338 3057 1443 3115 est,
1476 3048 1717 3104 visibilia
1772 3056 1829 3103 et
1872 3048 2193 3111 invisibilia,
2228 3062 2364 3102 aua-

787 3144 973 3198 thema
1026 3143 1118 3199 sit.
1159 3140 1216 3196 Si
1266 3141 1392 3211 quis
1424 3156 1533 3195 non
1566 3141 1769 3195 dixerit
1804 3141 2009 3205 Patris,
2043 3147 2097 3195 et
2124 3140 2270 3207 Filii,
2308 3147 2364 3194 et

792 3239 1036 3308 Spiritus
1086 3237 1265 3293 sancti
1316 3251 1481 3290 unam
1534 3235 1906 3300 divinitatem,
1947 3236 2359 3299 auctoritatem,

789 3337 1115 3400 potestatem
1155 3342 1339 3387 unam,
1365 3327 1615 3395 gloriam,
1658 3326 2001 3381 dominatum
2052 3341 2244 3388 unum,
2281 3340 2367 3380 re-

793 3440 959 3497 gnum
1018 3438 1208 3485 unum,
1256 3423 1592 3475 voluntatem
1645 3431 1698 3476 et
1723 3422 2034 3484 veritatem,
2071 3420 2366 3475 anathema

794 3516 887 3569 sit.
929 3513 986 3568 Si
1039 3514 1165 3583 quis
1199 3527 1308 3566 non
1356 3511 1555 3565 dixerit
1586 3519 1700 3566 tres
1750 3527 1909 3567 veras
1940 3528 2227 3582 personas,
2267 3512 2368 3567 Pa-

793 3605 897 3658 tris
945 3612 999 3658 et
1044 3603 1165 3656 Filii
1194 3610 1248 3655 et
1298 3600 1541 3670 Spiritus
1577 3600 1777 3663 sancti,
1829 3615 2046 3668 semper
2095 3600 2365 3663 viventes,

793 3696 975 3751 omnia
1027 3694 1390 3755 continentes,
1439 3692 1681 3746 visibilia
1732 3700 1788 3745 et
1836 3691 2156 3754 invisibilia,
2184 3690 2367 3744 omnia

796 3794 1069 3859 potentes,
1126 3785 1308 3839 omnia
1356 3784 1691 3852 judicantes,
1751 3785 1933 3837 omnia
1993 3784 2359 3849 viviﬁcantes,

794 3879 981 3933 omnia
1030 3884 1303 3937 creantes,
1367 3876 1554 3929 omnia
1598 3883 2020 3939 conservantes,
2081 3876 2371 3929 anathema

796 3975 889 4028 sit.
920 3972 974 4026 Si
1009 3973 1132 4041 quis
1166 3987 1274 4024 non
1302 3970 1504 4025 dixerit
1546 3971 1887 4025 adorandum
1923 3971 2187 4041 Spiritum
2237 3988 2371 4027 san-

796 4079 944 4126 etum
992 4069 1060 4122 ab
1116 4068 1261 4121 omni
1320 4076 1593 4131 creatura,
1645 4067 1788 4121 sicut
1821 4076 1875 4121 et
1922 4067 2116 4121 Filium
2173 4076 2226 4122 et
2267 4067 2372 4122 Pa-

796 4168 959 4223 trem,
1024 4158 1313 4211 anathema
1377 4159 1470 4211 sit.
1514 4154 1571 4210 Si
1635 4159 1761 4226 quis
1819 4158 1889 4211 de
1942 4157 2145 4212 Patre'
2199 4158 2371 4212 etFi-

2461 1957 2553 2010 τοῦ
2584 1957 2732 2029 [215]
2763 1957 2896 2011 Θεοῦ
2931 1959 3103 2027 Λόγον
3137 1959 3379 2013 παθόντα
3412 1962 3660 2030 capaci",
3688 1962 3783 2014 καὶ
3806 1961 4044 2014 θανάτου

2460 2049 2796 2118 γευσάμενον
2836 2050 3018 2120 σαρκὶ,
3066 2050 3329 2119 γεγονότα
3372 2069 3432 2104 τε
3461 2052 3808 2122 πρωτότοκον
3841 2054 3907 2104 ἐκ
3934 2050 4044 2103 τῶν

2462 2142 2691 2212 νεκρῶν,
2734 2141 2872 2195 καθὸ
2904 2141 3016 2213 ζωή
3048 2144 3163 2196 ἐστι
3193 2144 3286 2196 καὶ
3323 2143 3585 2208 ζωοποιδς
3611 2145 3641 2197 6
3670 2144 3879 2207 Υίὸς⁷⁷,
3912 2144 4045 2197 ἀνά-

2462 2232 2604 2301 θεμα
2646 2232 2807 2309 ἔστω.
2859 2235 2927 2286 Εἴ
2956 2252 3040 2298 τις
3076 2235 3151 2305 μὴ
3200 2237 3358 2308 εἴπῃ,
3409 2237 3493 2289 ὅτι
3540 2238 3597 2289 ἐν
3652 2236 3817 2308 σαρκὶ
3866 2237 4045 2307 ἤνπερ

2463 2324 2692 2377 ἀνέλαϐε
2706 2325 2753 2356 ⁷⁸
2782 2326 3067 2389 καθέζεται
3096 2328 3152 2380 ἐν
3170 2328 3213 2359 ⁷³
3242 2326 3393 2398 δεξιᾷ
3418 2328 3513 2381 τοῦ
3549 2329 3782 2397 Πατρὸς,
3813 2331 3870 2382 ἐν
3957 2328 4052 2381 καὶ

2463 2414 2743 2469 ἐλεύσεται
2768 2418 2947 2486 κρῖναι
2972 2416 3180 2481 ζῶντας
3211 2417 3305 2470 καὶ
3331 2418 3579 2489 νεκροὺς,
3610 2417 3859 2488 ἀνάθεμα
3882 2417 4048 2471 ἔστω.

2465 2508 2533 2560 Εἴ
2556 2524 2639 2569 τις
2674 2506 2749 2578 μὴ
2781 2507 2912 2579 εἴπῃ
2946 2508 3009 2561 τὸ
3050 2508 3275 2580 Πνεῦμα
3310 2510 3373 2563 τὸ
3410 2510 3564 2579 ἅγιον
3599 2511 3663 2563 ἐκ
3693 2509 3788 2563 τοῦ
3833 2508 4051 2578 Πατρδς

2464 2589 2603 2650 εἶναι
2633 2596 2847 2666 ἀληθῶς
2889 2598 2983 2650 καὶ
3029 2598 3256 2668 κυρίως,
3305 2600 3383 2660 ὠς
3422 2599 3517 2652 καὶ
3558 2599 3651 2651 τὸν
3690 2599 3819 2652 Υίὸν
3857 2598 3923 2650 ἐκ
3952 2599 4052 2668 τῆς

2466 2686 2617 2750 θείας
2642 2688 2851 2752 οὐσίας,
2881 2689 2977 2741 καὶ
2996 2688 3129 2741 Θεὸν
3160 2688 3295 2741 Θεοῦ
3320 2689 3492 2755 Λόγον
3504 2690 3575 2753 ⁸ο,
3606 2690 3853 2759 ἀνάθεμα
3885 2689 4050 2743 ἔστω.

2467 2778 2535 2831 Εἴ
2561 2795 2645 2839 τις
2682 2777 2756 2847 μὴ
2784 2779 2914 2850 εἴπῃ
2937 2778 3113 2831 πάντα
3140 2778 3399 2833 δύνασθαι
3427 2780 3489 2833 τὸ
3520 2780 3746 2851 Πνεῦμα
3778 2780 3841 2833 τδ
3869 2781 4051 2848 ἅγιον,

2468 2866 2561 2921 καὶ
2593 2868 2768 2920 πάντα
2797 2867 3016 2934 εἰδέναι,
3052 2868 3148 2921 καὶ
3173 2868 3449 2939 πανταχοῦ
3466 2870 3510 2902 ⁸⁸
3547 2873 3821 2942 παρεῖναι,
3847 2871 3926 2934 ὠς
3956 2871 4054 2923 καὶ

2467 2961 2559 3013 τὸν
2598 2959 2729 3013 Υίδν
2777 2958 2872 3012 καὶ
2920 2959 3012 3012 τὸν
3058 2960 3297 3032 Πατέρα,
3346 2962 3593 3032 ἀνάθεμα
3637 2962 3796 3016 ἔστω.
3852 2961 3923 3016 Εἴ
3966 2980 4055 3026 τις

2469 3049 2597 3120 εἴπῃ
2612 3050 2657 3080 ⁸⁹
2686 3049 2747 3102 τὸ
2785 3049 3007 3119 Πνεῦμα
3036 3049 3097 3103 τὸ
3128 3050 3285 3120 ἀγιον
3315 3051 3549 3122 ποίημα,
3603 3052 3637 3123 ἢ
3664 3052 3754 3107 διά
3786 3051 3884 3106 τοῦ
3914 3052 4051 3105 Υίοῦ

2470 3143 2822 3213 γεγενῆσθαι,
2857 3144 3102 3215 ἀνάθεμα
3133 3143 3292 3197 ἔστω.
3345 3144 3411 3199 Εἴ
3431 3162 3518 3209 τις
3561 3144 3636 3217 μὴ
3676 3146 3825 3218 εἴπῃ,
3871 3146 4051 3200 πάντα

2466 3234 2555 3288 διὰ
2582 3234 2678 3287 τοῦ
2700 3235 2832 3287 Υίοῦ
2859 3236 2952 3288 τοῦ
2976 3235 3349 3307 σαρκωθέντος
3364 3236 3431 3300 ⁸³,
3462 3236 3674 3290 καὶτοῦ
3701 3238 3855 3305 ἁγίου
3889 3239 4056 3289 Ilva-.3.

2471 3344 2671 3399 ματος,
2722 3327 2812 3380 τὸν
2866 3328 3086 3399 Πατέρα
3133 3330 3522 3399 πεποιηκέναι,
3575 3328 3718 3381 τοῦτ’
3775 3329 3926 3381 ἔστιν
3984 3329 4054 3381 τά

2467 3421 2641 3490 ὀρατά
2667 3419 2761 3472 καὶ
2796 3420 2862 3473 τά
2890 3421 3116 3490 ἀόρατα,
3144 3422 3392 3489 ἀνάθεμα
3427 3422 3587 3474 ἔστω.
3617 3423 3683 3474 Εἴ
3704 3439 3789 3484 τις
3816 3423 3894 3492 μὴ
3922 3424 4052 3494 εἴπῃ

2468 3513 2562 3565 τοῦ
2592 3514 2822 3583 Πατρός,
2855 3512 2949 3565 καὶ
2974 3513 3067 3566 τοῦ
3098 3513 3249 3578 Υὶοῦ,
3293 3512 3388 3568 καὶ
3415 3514 3509 3567 τοῦ
3544 3514 3701 3581 ἀγίου
3730 3514 4055 3584 Πνεύματος

2473 3603 2603 3673 μίαν
2649 3602 2897 3672 θεότητα,
2943 3602 3211 3667 ἐξουσίαν,
3247 3602 3566 3656 δυναστείαν
3614 3604 3820 3673 μίαν⁸⁸,
3870 3604 4050 3668 δόξαν,

2471 3696 2766 3766 κυριότητα
2810 3697 2960 3766 μίαν,
3006 3695 3282 3767 βασιλείαν
3308 3686 3477 3765 μίαν,
3523 3696 3741 3766 θέλησιν
3788 3697 3885 3750 καὶ
3924 3697 4055 3765 ἀλή-

2473 3788 2642 3854 θειαν,
2685 3788 2931 3858 ἀνάθεμα
2969 3788 3126 3840 ἔστω.
3159 3787 3227 3839 Εἴ
3250 3804 3334 3849 τις
3359 3786 3488 3858 τρία
3523 3788 3789 3856 πρόσωπα
3819 3787 3896 3857 μὴ
3927 3789 4055 3856 εἴπῃ

2474 3879 2725 3949 ἀληθινὰ,
2774 3879 2867 3931 τοῦ
2900 3880 3131 3949 Πατρὸς,
3166 3878 3260 3931 καὶ
3290 3876 3385 3931 τοῦ
3420 3877 3573 3943 Υἰοῦ,
3623 3878 3717 3930 καὶ
3752 3878 3847 3930 τοῦ
3900 3879 4056 3946 ἁγίου

2474 3971 2812 4041 Πνεύματος,
2860 3972 2941 4034 εἱς
2986 3972 3073 4024 ἀεὶ
3102 3970 3278 4035 ζῶντα
3293 3970 3361 4037 ⁸⁸,
3413 3969 3480 4023 τά
3519 3970 3695 4023 πάντα
3728 3968 4058 4037 κατέχοντα,

2473 4063 2542 4116 τὰ
2579 4063 2750 4132 ὁρατά
2787 4063 2881 4116 καὶ
2918 4062 2986 4115 τά
3031 4062 3258 4133 ἀόρατα,
3310 4062 3487 4115 πάντα
3531 4061 3825 4131 δυνάμενα,
3878 4060 4058 4113 πάντα

2474 4154 2748 4226 κρίνοντα,
2780 4155 2956 4207 πάντα
2983 4153 3366 4219 ζωοποιοῦντα,
3394 4153 3569 4206 πάντα
3594 4150 4059 4222 δημιουργοῦ-ιτα,

796 4250 873 4302 lio
922 4258 1070 4303 recte
1122 4249 1325 4311 sentit,
1380 4249 1449 4302 de
1503 4246 1710 4317 Spiritu
1769 4257 1950 4301 autem
2009 4258 2204 4303 sancto
2263 4265 2372 4304 non

804 4336 1018 4408 1040
1042 4344 1185 4390 recte
1219 4337 1408 4399 sentit,
1437 4336 1752 4401 anathema,
1785 4338 1908 4405 quia
1941 4339 2224 4393 haereticus
2257 4352 2371 4395 est:

798 4429 927 4498 quia
979 4442 1169 4483 omnes
1217 4428 1481 4494 haeretici,
1526 4427 1618 4498 qui
1648 4427 1714 4483 de
1747 4427 1885 4483 Filio
1914 4429 2027 4496 Dei,
2054 4439 2109 4485 et
2136 4432 2203 4486 de
2233 4430 2360 4501 Spi-

2476 4246 2653 4300 πάντα
2701 4244 2945 4308 σώζοντα
2972 4288 2986 4311 ,
3043 4244 3293 4316 ἀνάθεμα
3341 4246 3501 4299 ἔστω.
3550 4242 3621 4297 Εἴ
3662 4260 3747 4307 τις
3795 4243 3871 4315 μὴ
3928 4244 4061 4312 εἴπῃ

2477 4339 2850 4410 προσκυνητὸν
2881 4339 2941 4392 τὸ
2984 4337 3208 4408 Πνεῦμα
3250 4337 3311 4390 τὸ
3362 4337 3517 4406 ἅγιον
3548 4336 3701 4409 παρὰ
3743 4336 3931 4406 πάσης
3963 4335 4064 4404 τῆς

2477 4429 2728 4495 κτίσεως,
2771 4428 2847 4494 ὡς
2890 4430 2985 4483 acal.
3014 4430 3105 4483 τὸν
3133 4428 3261 4483 Υίδν
3286 4427 3382 4481 καὶ
3411 4428 3503 4481 τὸν
3534 4426 3776 4498 Πατέρα,
3806 4425 4065 4496 ἀνάθεμα

2085 4585 2318 4641 νΑιιιΕ
2350 4584 2644 4641 LECTION
2652 4584 2753 4641 ES.

873 4686 920 4717 7°
965 4682 1283 4755 ἱερατικοῦ,
1312 4682 1480 4755 Iidem
1528 4692 1584 4755 et
1633 4680 1948 4755 Stephaniei
2004 4696 2156 4755 cumﬂ
2183 4684 2509 4753 Epiphanio.
2575 4685 2639 4755 κ⁷γ¹
2681 4684 2744 4735 τὸ
2806 4683 2904 4755 Πν.
2952 4681 3142 4755 τδ-ἀγ.
3198 4680 3369 4755 Basjl.
3412 4680 3699 4755 Griec.ic_t
3753 4680 3873 4755 Lat.
3935 4698 4062 4755 eum

800 4754 987 4823 Steph.
1016 4750 1069 4807 et
1100 4754 1327 4822 Niceph.
1364 4752 1482 4815 XII,
1521 4753 1607 4805 18.
1663 4754 1707 4781 ⁷⁸
1736 4752 1901 4823 πόνον
1930 4751 2095 4823 habet
2117 4750 2445 4823 Eumer—ptum
2476 4768 2542 4807 ex
2574 4753 2660 4808 his
2694 4752 3167 4807 anathematismis
3198 4753 3261 4823 in
3289 4753 3617 4823 Theodoreti
3640 4750 3905 4823 Eranist.
3928 4754 4062 4805 dial.

796 4820 969 4893 III,'p.
1012 4825 1134 4878 16:2.
1181 4820 1480 4877 Sirntoncli.
1588 4822 1633 4853 ⁷³
1665 4822 1757 4874 καὶ
1791 4822 1923 4893 Θερς
1968 4822 2061 4893 καὶ
2092 4824 2211 4891 οὐχ).
2236 4826 2268 4891 ἠ
2298 4820 2448 4893 σὰρξ
2482 4823 2618 4893 μετά
2670 4824 2767 4893 τῆς
2787 4824 2982 4893 ψυχῆς,
3025 4824 3092 4893 ἣν
3118 4822 3404 4893 ἐνεδύσατο
3435 4824 3468 4891 ἡ
3502 4820 3595 4893 τοῦ
3630 4822 3817 4875 δούλου
3851 4823 4064 4893 μορφὴ,

797 4898 864 4967 ἢν
898 4891 1076 4967 ἐαυτῷ
1103 4894 1280 4958 ἔλαϐε,
1302 4893 1495 4967 ’καθὼς
1530 4894 1748 4961 εἴρηκεν
1777 4893 1809 4967 η
1847 4891 2059 4967 (pacm,
2093 4893 2351 4967 avaram
2375 4891 2534 4967 ἔστω.
2568 4893 2661 4945 Sic
2778 4891 3085 4967 _c._'noster,
3119 4892 3278 4967 cujus
3314 4891 3642 4967 verbisfere
3676 4894 3893 4967 accedit
3936 4891 4065 4967 Pini

799 4962 993 5027 codex,
1028 4962 1268 5033 itemque
1300 4963 1663 5031 Nicephorus,
1719 4963 1811 5034 (ΙΨ
1847 4962 2030 5034 habet
2082 4979 2095 5014 :
2135 4965 2231 5016 καὶ
2265 4964 2396 5023 Θεὸς
2434 4964 2605 5034 Λόγος
2628 5004 2642 5026 ,
2681 4963 2863 5034 οὐχὶίή
2892 4962 3029 5033 σάρξ
3090 4964 3185 5016 σὺν
3215 4966 3281 5034 τῇ
3319 4962 3463 5034 ψυχῇ
3491 4962 3993 5034 ἦνπερᾼένεδύσατο
4032 4964 4067 5031 ἡ

802 5036 987 5105 μορφὴ
1025 5035 1120 5088 τοῦ
1152 5031 1336 5087 ἰούλου
1359 5075 1373 5095 ,
1405 5036 1581 5103 ἤνπερ
1620 5031 1799 5105 ἐαυτῷ
1832 5032 2115 5105 ἀνέλαβε-ν,
2146 5034 2341 5105 etet"
2374 5033 2466 5085 τοῦ
2498 5034 2656 5088 abest
2708 5031 2754 5086 ar
2797 5031 3206 5105 Basileensibus
3252 5031 3307 5088 et
3339 5031 3541 5105 Steph.
3605 5032 3778 5105 "llic
3834 5033 4070 5105 anathe-

801 5101 1089 5159 ina'tisinus
1131 5105 1287 5159 abest
1318 5120 1346 5156 a
1382 5101 1570 5158 codice
1619 5103 1735 5156 l'ini
1804 5109 1885 5173 ct,
1917 5101 2207 5173 Epiphanii
2248 5104 2389 5156 Hist.
2428 5105 2577 5173 trip.,
2624 5105 2865 5173 itemque
2918 5119 2948 5157 a
2994 5104 3316 5158 collectione
3372 5101 3615 5156 Romana
3670 5102 3965 5173 Ilolstenii,
4007 5111 4072 5156 ut

799 5176 1057 5229 observat
1102 5174 1373 5229 Valesius.
1437 5176 1483 5210 ⁷⁸
1520 5173 1697 5225 καὶ-
1723 5172 1906 5241 σαρκί.
1942 5172 2068 5227 llaec
2109 5188 2216 5227 non
2254 5174 2455 5227 habent
2494 5171 2654 5227 codd.
2685 5171 3049 5228 BaSiIeenses.
3115 5174 3158 5204 '”
3210 5175 3285 5237 ὡς
3308 5174 3458 5235 Θεὸς.
3498 5174 3663 5227 Iidem
3684 5189 3807 5228 cum
3862 5171 4065 5241 Steph.

798 5247 833 5299 4
879 5253 933 5299 et
992 5246 1314 5314 Nicephoro.
1378 5244 1424 5275 ⁷⁸
1459 5243 1638 5297 ἔλαϐε.
1670 5241 1754 5314 .Io.
1789 5241 1920 5314 Pini
1948 5244 2101 5298 liber.
2188 5246 2233 5314 ’ξ’
2268 5246 2342 5314 τῇ
2367 5245 2573 5299 addunt
2602 5244 2766 5298 Basil.
2796 5252 2849 5297 et
2879 5242 3067 5313 Steph.
3118 5243 3163 5275 9°
3193 5241 3452 5314 Valesius,
3476 5244 3828 5313 interpretem
3863 5243 4070 5309 legisse

800 5324 954 5384 putat
987 5316 1039 5367 in
1076 5301 1373 5385 archetypo
1394 5314 1588 5385 Latino
1624 5313 1839 5385 :Deum
1884 5313 2129 5367 Verbum.
2192 5313 2259 5385 In
2305 5301 2575 5385 liolStenii
2628 5316 2950 5369 collectione
2978 5301 3083 5369 'est
3117 5315 3338 5384 quidem
3377 5329 3389 5365 :
3427 5313 3588 5385 θέωνι
3624 5301 3830 5369 rerum.
3884 5301 4071 5382 ’ίγῆς

802 5382 1009 5439 addunt
1051 5382 1393 5440 Basili-enses
1430 5395 1482 5439 et
1527 5384 1741 5453 Steph.,
1771 5384 1930 5454 abest
1951 5393 2137 5454 autem
2169 5398 2197 5436 a
2234 5382 2353 5437 Pini
2383 5383 2686 5454 Saiviliique
2722 5385 3047 5448 codicibus;
3093 5382 3417 5454 Nicephoro,
3455 5382 3757 5453 Epiphanio
3803 5392 3859 5437 et
3888 5385 4068 5437 colle—

800 5457 981 5525 ctione
1018 5454 1302 5509 Ilolstenii.
1350 5456 1445 5525 ,γε’
1474 5452 1639 5506 εἴποι.
1692 5454 1859 5525 Basil.
1901 5452 1996 5507 Gr.
2030 5462 2084 5507 et
2123 5453 2244 5509 Lat.
2277 5470 2402 5509 cum
2439 5452 2625 5525 Steph.
2664 5467 2716 5509 et
2746 5454 2971 5523 Nieeph.
3063 5457 3109 5487 ⁸³
3134 5452 3240 5525 τῷ
3269 5471 3425 5524 σαρκ.
3466 5452 3590 5509 llicc
3622 5457 3822 5509 absunt
3853 5470 3882 5505 a
3926 5454 4072 5507 libro

802 5523 941 5587 Pini,
979 5525 1305 5594 Epiphanio,
1347 5524 1656 5593 Nicephoro
1696 5534 1749 5578 et
1816 5523 2080 5594 Holstenii
2126 5525 2467 5579 collectione.
2539 5523 2618 5556 ’⁸⁸
2651 5525 2994 5580 Basileenses
3046 5534 3101 5579 et
3159 5523 3507 5594 Nicephorus
3552 5526 3623 5578 ita
3657 5525 4015 5592 distinguunt
4051 5542 4064 5575 :

802 5593 1141 5656 δυναστείαν,
1186 5597 1317 5664 μίαν
1342 5595 1477 5658 δοξ.,
1502 5610 1749 5665 κύριοι,
1787 5594 1914 5663 μίαν
1944 5593 2148 5665 βασιλη
2209 5596 2338 5664 μίαν
2372 5595 2555 5665 Θελησ.
2591 5613 2645 5648 κ.
2678 5595 2836 5665 ἁληθ.
2873 5595 3019 5663 quod
3052 5596 3185 5650 mihi
3211 5593 3395 5649 verius
3435 5596 3668 5649 videtur.
3720 5594 4070 5663 Nicephorus

804 5677 927 5733 post
958 5662 1203 5731 ἐξουσίαν
1237 5668 1400 5720 etiam
1450 5662 1900 5733 addit__05t61nra.
1946 5662 2007 5696 ⁸⁸
2052 5662 2303 5719 Valesius
2336 5662 2984 5721 rescribendum'suadet
3016 5682 3029 5717 :
3071 5668 3162 5719 ἴσα
3202 5666 3288 5718 ἀεὶ
3333 5665 3533 5729 ζῶντα.
3571 5674 3793 5721 secutus
3831 5662 4072 5731 Epipha-

808 5730 955 5807 iiinm
1001 5745 1055 5789 et
1102 5736 1459 5807 archetypum
1498 5734 1566 5807 ab
1600 5730 1871 5789 Holstenii
1903 5734 2135 5802 editum,
2169 5733 2225 5790 in
2254 5751 2364 5807 quo
2401 5745 2485 5793 est
2514 5755 2527 5792 :
2559 5735 2789 5797 wquales
2818 5752 3021 5805 semper
3064 5739 3307 5791 viventes.
3356 5734 3539 5792 Recte.
3593 5736 3850 5790 Eamdem
3878 5730 4073 5802 plane

809 5806 1094 5859 lectionem
1132 5804 1307 5860 habet
1336 5804 1701 5874 Nicephorus.
