4218 6456
220 419 362 481 1⁸325

1132 418 1716 479 ECCLESIASTICE
1749 416 2129 478 HISTORIA?
2164 418 2309 477 LIB.
2333 419 2400 478 ν.

3324 414 3460 481 1226

221 532 377 582 ἔστω.
429 529 495 581 Εἴ
525 546 606 591 τις
650 531 776 598 περὶ
810 528 903 583 τοῦ
943 531 1151 601 Πατρός
1181 532 1395 584 καὶτοῦ
1442 531 1571 583 Υἰοῦ
1605 532 1780 593 καλῶς
1816 546 1859 597 Α

1816 546 1859 597 Α
1891 533 2000 584 ritu
2040 541 2233 586 sancto
2281 545 2445 599 prave
2496 528 2768 593 sentiunt,
2820 528 2871 583 in
2902 527 3215 583 Iudaeorum
3250 538 3302 583 et
3332 546 3462 599 gen-

220 620 499 689 φρονήσει,
546 621 672 689 περὶ
718 620 775 673 δὲ
829 620 922 672 τοῦ
957 622 1111 688 ἁγίου
1157 621 1471 691 Πνεύματος
1512 623 1571 673 οὐ
1616 622 1791 685 καλῶς

216 709 413 777 Exn“,
463 710 731 777 ἀνάθεμα,
774 710 915 762 ὃτι⁸⁷
954 711 1228 779 αίρετικός
1260 712 1406 763 ἐστιν
1436 727 1449 740 '
1482 713 1561 764 ὅτι
1596 713 1792 774 πάντες

217 797 266 847 oi
313 797 583 864 αἱρετικοὶ
623 799 751 867 περὶ
791 797 884 849 τοῦ
934 798 1061 849 Υἰοῦ
1096 798 1189 850 τοῦ
1235 798 1368 851 Θεοῦ
1408 800 1499 851 καὶ
1538 801 1665 868 περὶ
1697 799 1791 851 τοῦ

218 885 375 950 ἁγίου
402 885 715 953 Πνεύματος
744 887 928 949 κακῶς
962 888 1301 956 φρονοῦντες,
1340 889 1398 941 ἐν
1426 891 1490 959 τῇ
1518 889 1627 941 τῶν
1665 891 1794 943 Ἰου-

215 973 385 1025 δαίων
410 975 632 1027 καὶτῶν
658 976 886 1029 ἐθνικῶν
908 978 1137 1047 ἀπιστίᾳ
1157 978 1441 1047 τυγχάνειν
1464 979 1795 1048 ἐλέγχονται.

219 1064 287 1118 Εἴ
312 1082 396 1127 τις
438 1066 494 1118 δέ
542 1068 756 1137 μερίσει
791 1068 1040 1137 θεότητα,
1081 1070 1213 1120 Θεὸν
1244 1070 1334 1122 τὸν
1372 1071 1591 1141 Πατέρα
1624 1072 1795 1138 λέγων

216 1155 324 1207 ἀνὰ
358 1158 543 1226 μέρος,
595 1159 689 1211 καὶ
731 1158 861 1212 Θεὸν
904 1161 995 1213 τὸν
1028 1159 1174 1224 Υίὸν,
1221 1162 1312 1212 καὶ
1361 1162 1494 1213 Θεὸν
1538 1162 1596 1215 τὸ
1642 1164 1795 1229 ἆγιιν

216 1246 466 1318 Πνεῦμα,
513 1250 605 1302 καὶ
647 1250 1038 1321 διισχυρίσαιτο
1075 1252 1239 1315 Θεοὺς
1277 1252 1550 1319 λέγεσθαι,
1593 1256 1686 1307 καὶ
1733 1255 1793 1306 οὐ

212 1336 373 1403 Θεὸν,
419 1339 507 1391 διὰ
542 1340 635 1410 τὴν
673 1340 804 1410 μίαν
849 1342 1075 1412 θεότητα
1109 1345 1202 1396 καὶ
1245 1342 1583 1408 δυναστείαν,
1619 1346 1794 1416 ἥνπερ

214 1425 356 1482 εἶναι
385 1431 714 1501 πιστεύομεν
749 1433 844 1485 καὶ
875 1433 1117 1503 οἴδαμεν,
1162 1434 1256 1487 τοῦ
1294 1436 1521 1505 Πατρδς,
1568 1436 1659 1488 καὶ
1701 1436 1793 1488 τοῦ

217 1518 368 1583 Υἰοῦ,
412 1522 509 1574 καὶ
539 1522 629 1574 τοῦ
664 1524 818 1590 ἁγίου
860 1524 1193 1593 Πνεύματος,
1228 1526 1358 1578 Θεὸς
1398 1526 1492 1578 ’ένα
1525 1528 1581 1577 ἐν
1619 1529 1795 1596 τρισὶν

212 1611 581 1665 ύποστὰσεσιν
596 1614 639 1644 ⁸⁸
664 1630 677 1643 ·
726 1612 759 1683 ἢ
805 1614 967 1690 πάλιν
1001 1616 1389 1684 ὑπεξελόμενος
1415 1617 1506 1667 τὸν
1534 1616 1661 1669 Υίθιν
1701 1617 1795 1669 καὶ

210 1703 272 1754 τὸ
294 1703 452 1769 ἅγιον
477 1703 778 1772 Πνεῦμα⁸⁹,
804 1706 879 1772 ᾡς
905 1706 1061 1774 μόνον
1084 1706 1381 1772 ὑπονοῆσαι
1398 1706 1444 1737 ⁹⁰
1464 1707 1554 1757 τὸν
1577 1708 1794 1775 Πατέρα

210 1794 347 1844 Θεὸν
396 1794 669 1860 λέγεσθαι,
702 1796 801 1864 ii"
841 1796 1192 1849 πιστεύεσθαι
1230 1796 1326 1849 ἕνα
1350 1797 1501 1852 Θεὸν.
1545 1798 1792 1866 ἀνάθεμα

213 1885 379 1938 ἔστω.
416 1886 490 1937 Τὸ
522 1886 630 1955 γὰρ
661 1886 829 1956 ὄνομα
862 1888 968 1940 τῶν
1004 1887 1140 1940 θεῶν
1170 1890 1262 1940 καὶ
1290 1892 1401 1951 τοῖς
1422 1890 1671 1955 ἀγγέλοις
1700 1889 1793 1941 καὶ
1826 1870 1866 1924 Β

213 1977 385 2029 πᾶσιν
418 1978 597 2043 ἁγίοις
647 1980 794 2048 παρὰ
842 1979 977 2032 Θεοῦ
1013 1980 1367 2050 ἐχαρίσθη⁹²⁶
1425 1981 1551 2050 περὶ
1600 1981 1656 2033 δὲ
1699 1979 1791 2032 τοῦ

214 2067 452 2137 Πατρὸς,
485 2070 694 2122 καὶτοῦ
734 2070 879 2134 Υἰοῦ,
917 2073 1010 2124 καὶ
1037 2070 1130 2124 τοῦ
1166 2072 1319 2139 ἁγίου
1353 2071 1683 2140 Πνεύματος,
1707 2070 1792 2125 διὰ

214 2158 313 2227 τὴν
344 2161 476 2228 μίαν
498 2163 591 2213 καὶ
617 2160 737 2231 ίσην
763 2161 1012 2230 θεότητα,
1040 2164 1160 2232 οὐχὶ
1187 2163 1293 2216 τῶν
1316 2161 1509 2214 θεῶν⁹³
1531 2162 1790 2231 ὀνόματα,

214 2252 351 2305 ἁλλὰ
379 2253 472 2306 τοῦ
506 2253 641 2307 Θεοῦ
673 2254 829 2324 ἡμῶν
855 2255 1185 2308 ἐνδείκνυται
1228 2253 1377 2326 [2H3]
1407 2255 1499 2307 καὶ
1535 2254 1795 2324 σημαίνε-

214 2356 327 2403 ται,
380 2343 466 2395 ἵνα
513 2345 859 2415 πιστεύωμεν
894 2346 976 2398 ὅτι.
1006 2347 1084 2405 είς
1122 2345 1358 2415 Πατέρα,
1397 2346 1488 2398 καὶ
1520 2346 1665 2410 Υίὸν,
1702 2345 1795 2397 καὶ

217 2433 375 2499 ἅγιον
431 2436 656 2505 Πνεῦμα
704 2435 1100 2506 βαπτιζόμεθα,
1151 2438 1246 2490 καὶ
1289 2436 1410 2506 οὐχὶ
1450 2438 1528 2498 είς
1575 2437 1642 2488 τα
1684 2434 1791 2487 τῶν

216 2526 575 2599 ἀρχαγγέλων
603 2530 635 2601 ἢ
683 2530 929 2598 ἀγγέλων
954 2529 1216 2596 ὀνόματα,
1249 2529 1324 2590 ὡς
1354 2529 1403 2581 οἱ
1439 2528 1723 2598 αἱρετικοὶ,
1758 2526 1790 2597 ἢ

1899 624 2080 676 tilium
2141 622 2465 675 inﬁdelitate
2520 621 2725 673 versari
2759 621 3184 673 convincuntur.
3229 617 3287 672 Si
3340 619 3471 685 quis

1894 711 2154 766 deitatem
2201 711 2471 774 diviserit,
2511 707 2679 763 Deum
2715 707 2931 763 Patrem
2969 711 3159 763 dicens
3193 709 3249 763 in
3284 718 3461 777 parte,

1894 811 1950 856 et
2022 803 2187 855 Datim
2246 801 2467 865 Filium,
2528 811 2585 857 et
2647 802 2815 855 Deum
2872 801 3136 868 Spiritum
3191 810 3462 861 sanctum,

1900 896 2357 963 afﬁrmaveritque
2401 893 2541 947 Deos
2574 894 2705 956 dici,
2759 899 2811 945 ct
2858 907 2968 945 non
3035 891 3204 945 Deum
3242 899 3464 960 propter

1897 1001 2060 1039 tinam
2092 986 2353 1039 deitatem
2384 991 2437 1037 et
2464 990 2806 1052 potestatem,
2843 995 3009 1049 quam
3036 993 3158 1033 esse
3191 980 3467 1032 credimus

1894 1087 1948 1130 et
1986 1078 2258 1140 novimus,
2328 1073 2508 1127 Patris
2561 1081 2616 1127 et
2664 1070 2787 1124 Filii
2848 1081 2901 1125 et
2954 1070 3193 1139 Spiritus
3252 1068 3463 1129 sancti,

1897 1165 2066 1219 Deum
2107 1181 2272 1219 unum
2308 1166 2361 1220 iu
2393 1166 2574 1218 tribus
2619 1161 3047 1232 hypostasihus;
3086 1168 3178 1213 aut
3204 1160 3296 1228 qui
3330 1160 3463 1213 sub-

1895 1259 2125 1313 traxerit
2150 1257 2348 1311 Filium
2381 1267 2433 1311 et
2463 1256 2729 1327 Spiritum
2755 1262 3033 1313 sanctum,
3064 1261 3122 1305 ut
3153 1254 3327 1307 solum
3364 1250 3469 1304 Pa-

1897 1356 2033 1404 trem
2068 1349 2240 1403 Deum
2286 1349 2396 1402 dici
2452 1359 2505 1402 et
2547 1349 2693 1402 credi
2727 1362 2899 1399 unum
2930 1344 3099 1398 Deum
3134 1343 3466 1405 arbitretur,

1896 1442 2186 1492 anathema
2223 1440 2315 1493 sit.
2369 1438 2582 1491 Nomen
2625 1438 2769 1491 enim
2811 1438 3035 1489 deorum
3074 1442 3128 1487 et
3180 1433 3389 1501 angelis
3418 1443 3473 1485 et

1896 1529 2152 1584 omnibus
2180 1530 2385 1585 sanctis
2412 1543 2441 1581 a
2474 1528 2581 1581 Deo
2606 1526 2869 1581 donatum
2900 1534 3019 1580 est:
3054 1525 3122 1581 de
3154 1525 3312 1578 Patre
3340 1538 3469 1578 vero

1895 1626 1948 1673 et
1976 1618 2137 1683 Filio,
2173 1627 2227 1673 et
2264 1618 2470 1689 Spiritu
2525 1627 2739 1679 sancto,
2802 1623 3025 1685 propter
3069 1630 3236 1669 unam
3287 1629 3469 1682 aequa-

1897 1710 2111 1778 Iemque
2144 1709 2421 1772 deitatem,
2456 1725 2563 1762 non
2601 1710 2823 1763 deorum
2853 1708 3096 1768 nomina,
3130 1707 3224 1761 sed
3272 1721 3469 1759 nomen

1896 1796 1990 1851 Dei
2050 1800 2222 1851 nostri
2284 1798 2505 1851 eifertur
2533 1806 2589 1852 et
2636 1798 3002 1867 significatur,
3061 1805 3121 1850 ut
3181 1796 3472 1850 credamus

1900 1889 2044 1957 quod
2093 1888 2146 1940 in
2208 1887 2419 1939 Patrem
2461 1895 2516 1940 ct
2575 1886 2771 1940 Filium
2816 1896 2870 1941 et
2922 1885 3183 1955 Spiritum
3220 1893 3470 1940 sanctum

1899 1979 2159 2048 baptizati
2190 1994 2404 2041 smnus,
2441 1988 2497 2033 et
2528 1994 2635 2032 non
2664 1978 2718 2031 in
2761 1978 3213 2047 arehangelorum
3243 1984 3338 2030 aut
3368 1991 3472 2029 an-

1899 2071 2146 2139 gelorum
2195 2069 2440 2130 nomina,
2473 2069 2616 2123 sicut
2645 2070 2905 2134 haeretici,
2936 2068 3109 2123 Judaei
3152 2076 3205 2123 et
3240 2070 3471 2138 gentiles

1898 2163 2151 2217 delirant.
2190 2160 2314 2214 Haec
2364 2161 2531 2230 igitur
2556 2162 3001 2217 Christianorum
3043 2169 3127 2217 est
3180 2161 3352 2221 salus,
3413 2169 3473 2213 ut

1901 2252 2191 2307 credentes
2219 2252 2271 2304 in
2304 2249 2658 2315 Trinitatem,
2691 2252 2741 2305 id
2774 2260 2859 2306 est
2889 2252 2942 2305 in
2986 2250 3225 2315 Patrem,
3264 2249 3464 2303 Filium

1899 2354 1948 2397 et
1974 2343 2237 2412 Spiritum
2270 2351 2545 2407 sanctum,
2578 2351 2630 2396 et
2666 2344 2921 2412 haptizati
2954 2345 3006 2396 in
3029 2343 3274 2397 eamdem
3307 2355 3471 2394 unam

1903 2434 2180 2495 deitatem,
2230 2435 2621 2503 ctpotcnliam,
2662 2445 2716 2489 et
2744 2435 3110 2499 divinitatem,
3138 2444 3193 2489 et
3212 2434 3474 2489 substan-

1899 2529 2054 2590 tiam,
2098 2526 2150 2579 iu
2192 2542 2315 2579 eum
2346 2527 2657 2580 credamus.

209 2619 292 2682 ὡς
328 2621 592 2685 Ἰουδαῖοι,
620 2623 651 2693 ἢ
679 2621 883 2675 ἐθνικοὶ
942 2618 1440 2690 παραφρονοῦντες.
1477 2617 1623 2689 Αὕτη
1681 2618 1861 2671 τοίνυν
1899 2617 1932 2685 ἠ
1984 2615 2090 2667 τῶν
2137 2615 2479 2685 Χριστιανῶν
2525 2618 2770 2688 σωτηρία
2804 2618 2971 2680 ἐστὶν,
3024 2615 3371 2679 πιστεύοντες
3407 2617 3474 2687 τῇ

214 2712 428 2781 Τριὰδι,
472 2714 617 2767 τοῦτ’
662 2714 777 2766 ἐστι
816 2712 888 2781 τῷ
922 2712 1116 2780 Πατρὶ,
1167 2711 1258 2762 καὶ
1288 2709 1365 2779 τῷ
1396 2709 1528 2778 Υίῴ,
1575 2710 1667 2761 καὶ
1710 2707 1788 2777 τῷ
1829 2705 1966 2776 ἁγίῳ
2018 2705 2324 2785 Πνεύματι,
2376 2708 2469 2760 καὶ
2527 2709 2914 2778 βαπτιζόμενοι.
2962 2710 3042 2772 είς
3123 2710 3223 2782 τὴν
3308 2709 3477 2780 αὐτὴν

215 2807 351 2874 μίαν
382 2806 629 2874 θεότητα,
664 2806 756 2857 καὶ
783 2802 1120 2866 δυναστείαν,
1160 2803 1252 2854 καὶ
1278 2800 1335 2853 θε
1356 2801 1559 2869 ιότητα,
1594 2801 1687 2852 καὶ
1724 2797 1936 2864 οὐσίαν,
1968 2800 2048 2862 εἰς
2083 2799 2245 2851 αὑτὸν
2275 2801 2640 2870 πιστεύωμεν.

309 2896 496 2951 Ταῦτα
526 2897 621 2966 μέν
649 2891 741 2949 οὖν
758 2894 801 2927 ³⁸
826 2895 1122 2965 Γρατιανοῦ
1156 2894 1436 2963 περιόντος
1460 2893 1693 2960 ἐγένετο.

810 3089 1059 3143 ΚΕΦΑΛ.
1096 3087 1192 3141 1Β¹.

214 3207 356 3277 Περὶ
388 3204 501 3275 τῆς
537 3202 868 3273 Γρατιανοῦ
896 3201 1204 3323 τελεὲτῆς,
1249 3201 1345 3253 καὶ
1385 3199 1657 3269 Μαξίμου
1692 3214 1791 3251 τυ-

846 3289 1017 3323 οαννι
1062 3290 1147 3323 oc.

840 3289 1147 3340 ραννιοος.

301 3365 523 3424 Ἐπειδὴ
553 3363 610 3417 δὲ
638 3363 842 3419 ἐκεῖνος
873 3361 931 3412 ἐν
960 3377 1016 3411 τε
1049 3362 1304 3429 πολέμοις
1331 3359 1653 3429 ἀριστεύων,
1699 3362 1794 3415 καὶ

214 3456 319 3517 τὰς
364 3455 545 3515 πόλεις
593 3451 883 3521 σωφρόνως
931 3467 988 3502 τε
1039 3451 1131 3500 καὶ
1182 3449 1406 3511 δικαίως
1462 3448 1679 3514 ἰθύνων,
1732 3447 1793 3514 ἐξ

212 3541 512 3608 ἐπιϐουλῆς
561 3538 907 3607 ἐτελεύτησε,
971 3537 1165 3598 παῖδας
1224 3537 1320 3605 μὲν
1369 3538 1427 3588 οὐ
1477 3537 1792 3590 καταλιπὼν

214 3633 593 3703 κληρονόμους
633 3631 732 3698 τῆς
769 3628 1066 3698 βασιλείας,
1119 3626 1341 3694 ἀδελφὸν
1366 3627 1421 3679 δὲ
1449 3628 1641 3698 κομιδῇ
1676 3629 1794 3680 νέον

213 3729 508 3796 ὁμώνυμον
532 3723 627 3775 τοῦ
657 3721 883 3790 πατρὸς,
928 3721 1178 3789 Μάξιμος
1210 3720 1265 3773 δέ
1282 3721 1327 3751 ’⁸
1359 3737 1442 3782 τις
1466 3721 1569 3791 τῆς
1597 3720 1794 3775 Βαλενο

214 3813 463 3870 τινιανοῦ
511 3812 928 3880 καταφρονήσας
960 3809 1233 3881 νεότητος,
1275 3810 1493 3881 ἥρπασε
1540 3812 1640 3882 τὴν
1692 3812 1794 3880 τῆς

228 3900 395 3956 Έσπέ
406 3915 503 3970 ρας
528 3898 844 3969 ἡγεμονίαν.

815 4009 1065 4062 ΚΕΦΔΛ.
1110 4010 1205 4065 II".

216 4124 362 4192 Περὶ
399 4122 724 4192 Ἰουστίνης
753 4117 859 4192 τῆς
891 4120 1352 4192 Βαλεντιιξιανοῦ
1390 4120 1663 4192 γαμετῆς,
1694 4124 1790 4175 καὶ

427 4191 537 4259 τῆς
573 4194 722 4243 κατὰ
767 4189 1177 4255 Ἀμσροσίου⁹⁶
1213 4190 1558 4257 ἐπιϐουλῆς.

287 4284 428 4337 Κατ’
453 4286 659 4334 ἐκεῖνον
671 4282 716 4313 ³⁷
743 4282 831 4332 τὸν
859 4280 1046 4349 χρόνον
1080 4282 1360 4341 ἰουστῖνα,
1392 4283 1424 4350 η
1456 4281 1794 4334 Βαλεντινια-

210 4379 309 4433 νοῦ
326 4378 375 4409 οι
416 4375 508 4428 τοῦ
550 4373 785 4443 μεγάλου
830 4371 1063 4441 γαμετὴ,
1112 4369 1204 4423 τοῦ
1253 4371 1311 4423 δὲ
1349 4372 1467 4423 νέου
1520 4372 1720 4443 μήτηρ,
1758 4372 1795 4425 ἃ.

214 4470 389 4524 παλαι
442 4470 539 4536 τῆς
596 4462 939 4534 Ἀρειανικῆς
967 4462 1317 4524 διδασκαλίας
1366 4462 1584 4528 ἐδέξατο
1633 4463 1796 4534 σπέρ-

219 4579 392 4635 ματα.
420 4560 555 4629 δῆλα
580 4556 848 4625 πεποίηκε
876 4554 955 4625 τῷ
981 4554 1151 4606 παιδί.
1196 4551 1303 4606 Τοῦ
1338 4553 1436 4620 μὲν
1465 4552 1572 4623 γὰρ
1598 4552 1796 4622 ὁμοζύ-

213 4673 317 4723 γου
373 4652 434 4704 τὸ
483 4649 684 4720 θερμὸν
746 4646 1085 4715 ἐπισταμένη
1137 4644 1235 4712 τῆς
1293 4645 1548 4707 πίστεως,
1609 4645 1792 4698 λαθεῖν

216 4748 443 4799 ἅπαντα
475 4741 567 4793 τὸν
596 4738 788 4808 χρόνον
814 4735 1132 4789 ἐσπούδασε.
1161 4733 1266 4787 Τοῦ
1294 4734 1350 4787 δέ
1385 4734 1569 4798 παιδὸς
1596 4736 1655 4787 τὸ
1682 4736 1790 4789 τῶν

215 4832 433 4903 φρενῶν
456 4830 657 4882 ἁπαλὸν
680 4828 770 4880 καὶ
791 4825 1031 4878 εῦεικτον
1053 4823 1320 4893 θεωμένη,
1344 4827 1726 4894 προσενεγκεῖν
1743 4827 1787 4858 ’⁸

212 4927 315 4993 τὴν
340 4922 618 4988 ἐξαπάτην
650 4918 969 4988 ἐθάρρησεν.
1006 4915 1062 4967 Ὀ
1087 4914 1143 4967 δέ
1173 4916 1272 4983 τῆς
1306 4913 1506 4985 μητρὸς
1541 4916 1637 4977 τὰς
1663 4917 1790 4967 ὐπο-

214 5013 395 5083 θίριας
446 5008 799 5081 ὀνησιφόρους
845 5004 1128 5057 ὑπολαῦιῖλν
1154 5020 1165 5033 ·
1212 5003 1289 5067 εἰς
1318 5004 1426 5075 γὰρ
1458 5006 1517 5057 τὸ
1549 5005 1645 5073 τῆς
1687 5005 1789 5074 φῇ-

1826 4704 1873 4763 D

1974 2889 2183 2961 1041
2216 2890 2305 2961 [ν.
2339 2903 2393 2945 et
2423 2892 2521 2945 Ch.
2554 2891 2668 2957 ιι]
2694 2891 2757 2945 Ει
2783 2894 2899 2946 haec
2919 2893 3139 2964 quidem
3172 2902 3324 2963 gesta
3347 2897 3477 2947 sunt

1902 2983 2197 3049 superstite
2241 2980 2526 3035 Gratiano.

2326 3090 2478 3145 CAP.
2531 3091 2644 3146 XII.
2697 3091 2782 3163 [Β.
2822 3093 2905 3146 St.
2944 3091 3054 3163 12,]

2056 3200 2132 3256 De
2165 3212 2328 3256 morte
2362 3200 2631 3268 Gratiani,
2657 3212 2706 3256 el
2738 3201 2966 3255 Maximi
3002 3203 3305 3272 tyrannide.

1972 3348 2236 3402 Gratiano
2269 3357 2476 3414 autem,
2508 3359 2631 3413 post
2661 3365 2749 3403 res
2805 3350 2947 3404 bello
2982 3350 3243 3419 praeclare
3287 3362 3471 3423 gestas

1904 3440 2269 3509 civitatesque
2325 3440 2605 3495 moderate
2655 3457 2720 3496 ac
2769 3443 2923 3510 juste
2972 3444 3345 3511 gubernatas,
3407 3460 3475 3499 ex

1902 3528 2117 3582 insidiis
2156 3532 2505 3599 interempto,
2537 3546 2662 3583 cum
2706 3532 2752 3586 is
2796 3531 2938 3585 filios
2972 3532 3183 3600 imperii
3220 3533 3471 3591 haeredes

1900 3634 2009 3673 non
2062 3621 2412 3689 reliquisset,
2464 3620 2559 3674 scd
2607 3621 2830 3675 fratrem
2878 3621 3143 3675 duntaxat
3179 3623 3471 3678 admodum

1901 3709 2303 3765 adolescentem
2332 3713 2473 3781 patri
2499 3713 2904 3781 cognominem,
2930 3712 3195 3768 Maximus
3229 3716 3473 3783 quidam,

1902 3810 2083 3870 spreta
2109 3801 2478 3856 Valentiniani
2508 3803 2897 3869 adolescentia,
2917 3802 3236 3859 Occidentis
3264 3806 3472 3875 princi-

1904 3901 2089 3963 patum
2123 3894 2342 3947 invasit.

2185 4014 2203 4032 ·
2232 4010 2383 4065 CAP.
2430 4008 2566 4063 xui.
2602 4009 2684 4081 [Β.
2712 4008 2793 4064 St.
2825 4008 2891 4064 v.
2925 4010 3029 4067 cn.
3063 4011 3176 4082 ια]

2042 4123 2118 4178 De
2162 4122 2380 4176 Justina
2417 4138 2582 4175 uxore
2628 4123 3010 4187 Valentiniani,
3043 4134 3091 4176 et
3120 4124 3329 4178 insidiis

2220 4204 2404 4246 contra
2439 4194 2773 4246 Ambrosium
2799 4196 3145 4259 comparatis.

1975 4281 2090 4337 Hoc
2139 4299 2271 4337 vero
2306 4293 2554 4352 tempore
2581 4282 2817 4343 Justina,
2868 4281 3237 4341 Valentiniani
3287 4286 3469 4355 magni

1903 4388 2066 4437 uxor,
2100 4381 2277 4426 mater
2322 4388 2455 4427 vero
2483 4374 2876 4435 adolescentis,
2909 4385 3175 4443 concepta
3200 4375 3312 4443 jam
3346 4380 3474 4446 pri-

1900 4464 2021 4518 dem
2052 4464 2268 4518 Arianze
2294 4464 2555 4518 doctrinae
2593 4466 2798 4518 semina
2832 4465 2945 4518 tilio
2971 4480 3072 4519 suo
3095 4465 3323 4522 detexit.
3358 4468 3472 4521 Ma-

1902 4551 1990 4603 riti
2036 4552 2182 4605 enim
2233 4553 2486 4605 ardorem
2520 4551 2641 4606 ﬁdei
2678 4564 3029 4622 perspectum
3065 4552 3295 4618 habens,
3355 4566 3472 4611 toto

1900 4644 2023 4697 vitae
2070 4644 2217 4698 illius
2254 4652 2496 4711 tempore
2547 4645 2826 4697 occultare
2859 4645 3091 4699 studuit.
3144 4648 3212 4699 At
3247 4648 3341 4701 lilii
3392 4658 3471 4702 te-

1899 4749 2085 4788 neram
2120 4743 2355 4787 mentem
2386 4742 2441 4787 et
2470 4734 2762 4788 ﬂexibilem
2792 4734 3012 4801 videns,
3041 4735 3313 4791 fallaciam
3340 4754 3469 4793 con-

1900 4826 2152 4881 ﬁdentius
2195 4825 2456 4878 admovit.
2510 4824 2559 4880 Is
2587 4834 2770 4879 autem
2818 4828 3007 4881 matris
3053 4829 3256 4882 monita
3314 4832 3468 4886 utilia

1898 4915 2126 4970 credens
2152 4915 2384 4983 (natura:
2405 4915 2674 4983 siquidem
2703 4930 2885 4970 escam
2920 4926 3176 4986 spectans
3213 4919 3464 4974 lethalem

1900 5005 2119 5057 hamum
2153 5020 2259 5056 non
2304 5004 2610 5075 cernebat),
2643 5020 2769 5059 cum
2795 5006 3087 5062 Ambrosio
3122 5009 3299 5078 primo
3347 5026 3467 5063 om-

1493 5114 1727 5168 νΑΒιιΕ
1762 5114 2167 5171 LECTIONES.

278 5241 327 5273 ⁸⁸
357 5240 459 5292 οὑκ
510 5236 684 5307 ὀρθῶς
729 5235 859 5307 εχει.
894 5232 1235 5307 βοεηοθηειςε
1284 5240 1336 5283 et
1387 5228 1577 5307 Steph.
1607 5247 1751 5307 _eum
1783 5230 2115 5307 Nicephoro.
2168 5232 2229 5307 _"’
2279 5232 2543 5307 mesen
2576 5232 2731 5307 abest
2776 5232 2843 5307 ab
2878 5231 3070 5307 iisdem
3108 5246 3457 5307 :quanquam

212 5314 297 5365 ὅτι
330 5320 417 5363 est
449 5310 501 5361 in
544 5299 732 5370 Steph.
759 5299 814 5358 Ξ.
889 5304 935 5333 ⁸⁸⁸
968 5304 1027 5354 ἐν
1055 5319 1143 5370 τρ.
1179 5301 1371 5371 ύποστ.
1418 5299 1542 5353 llaec
1572 5302 1769 5353 absunt
1805 5301 1873 5371 ab
1914 5300 2217 5371 Epiphanio
2249 5310 2300 5371 et
2332 5304 2629 5371 archetypo
2670 5302 2900 5371 Latino;
2931 5318 2959 5354 a
2991 5299 3460 5369 Nicephoro’qnu-

213 5397 323 5448 ῳιι·
377 5378 558 5448 omnis
613 5377 700 5448 illa
740 5374 1024 5448 sententia
1076 5370 1243 5448 :anv
1276 5370 1506 5448 -ὑποστ

1598 5372 1641 5400 ⁸’
1686 5370 1746 5422 τὸ
1798 5370 1894 5421 Πν.
1932 5371 1992 5422 τὸ
2038 5370 2212 5437 ἅγιον.
2268 5370 2430 5424 ΒιιείΙι
2464 5411 2479 5433 ,

2530 5372 2739 5440 Steph.,
2789 5370 3012 5440 Niceph.
3069 5373 3112 5402 '°
3145 5372 3457 5434 ὐπονοήσει.

213 5437 407 5515 Steph.
452 5446 488 5497 2
526 5454 578 5498 et
614 5442 699 5499 ιο.
740 5442 857 5496 Pini
899 5442 1089 5505 codex,
1132 5441 1365 5518 itemque
1403 5437 1766 5519 Nicephorus.
1833 5439 1875 5469 ⁹¹
1917 5441 2012 5509 μή.
2045 5440 2189 5508 quod
2222 5456 2398 5509 neque
2433 5437 2764 5561 archetypus
2797 5437 3046 5504 Latinus,
3095 5455 3270 5507 neque
3298 5440 3460 5519 Meo--

213 5525 448 5561 nlim'ns-
485 5530 661 5561 m-nue
694 5514 809 5561 Pini
844 5513 937 5561 lib.
973 5516 1242 5561 agnoscit.
1278 5508 1486 5561 addunt
1520 5508 1687 5561 Basﬂ.
1730 5508 1823 5561 Gr.
1853 5518 1908 5561 et
1936 5509 2051 5560 Lat.
2086 5526 2208 5561 cum
2242 5508 2427 5561 Stenh.
2489 5511 2532 5541 ⁹²
2566 5512 2653 5561 ἐτέ
2694 5527 2727 5561 η
2760 5509 2850 5561 καί
2879 5511 3027 5561 addit
3060 5511 3224 5561 codex
3255 5508 3370 5561 Pint
3406 5517 3460 5560 et

2694 5527 2729 5577 η

256 5508 448 5573 hortis.
484 5530 661 5583 neque
694 5514 809 5583 Pini
844 5513 937 5583 lib.
973 5510 1242 5583 agnoscit,
1262 5508 1486 5583 addunt
1520 5508 1687 5583 Basil.
1730 5508 1823 5562 Gr.
1853 5518 1908 5583 et
1936 5508 2051 5560 Lat.
2086 5526 2208 5583 cum
2242 5508 2427 5583 Steph.
2489 5511 2540 5583 θ’*
2566 5508 2653 5583 ἐὲτέ

2760 5509 2850 5562 καί
2879 5511 3027 5562 addit
3060 5511 3224 5562 codex
3255 5508 3370 5561 Pini
3406 5517 3461 5560 et

265 5576 589 5653 ξρεμιιιιτυςξ
631 5583 677 5614 ³³
715 5581 961 5653 Valesius
997 5576 1223 5653 rescribi
1255 5578 1730 5653 jtihet__secundutn
1766 5582 2119 5653 archetypum
2160 5576 2758 5653 Ιιξιιίηιιιιιμελοὺχὶμτῷν
2792 5577 2932 5653 θεῶν
2960 5595 2972 5607 ·
3016 5578 3148 5653 ἀλλὰ
3181 5576 3290 5653 ’τοῦ
3316 5577 3457 5653 Θεοῦ

213 5659 347 5724 ἡμῖν
381 5654 734 5724 ἐνδείκνυται.

214 5799 403 5862 εγκεῖν
429 5795 665 5847 malebat
692 5790 953 5843 Valesius.

580 5885 848 5945 ΡΑτιιοι.
888 5881 1007 5939 Gn.
1048 5876 1341 5937 LXXXII.

829 5650 875 5681 ”
904 5646 998 5701 οὖν
1046 5650 1198 5700 abest
1232 5662 1259 5699 a
1303 5646 1726 5700 Basileensibus.
1775 5645 2118 5715 Nicephorus
2152 5666 2164 5699 :
2198 5648 2296 5700 ἔτι.

214 5716 268 5761 ’ἲ
308 5722 683 5791 γεγενημένης
734 5721 938 5791 addunt
963 5726 1173 5771 caetera;
1195 5716 1350 5769 editt.
1413 5717 1456 5749 ⁸⁷
1483 5716 1540 5770 δέ
1570 5716 1779 5771 addunt
1812 5718 1973 5772 Basil.
2014 5716 2106 5770 Gr.
2142 5726 2194 5773 et
2227 5718 2414 5786 Steph.

2388 5648 2434 5678 "
2461 5648 2517 5701 δέ
2545 5646 2769 5701 ιιΒιιςιΙ.
2802 5646 2896 5699 Gr.
2950 5654 3005 5700 et
3044 5648 3233 5716 Steph.
3280 5647 3457 5700 abest.

2502 5719 2547 5749 ⁸⁸
2579 5720 2677 5786 μέν
2707 5718 2909 5772 addunt
2940 5717 3124 5771 iidem.
3177 5716 3221 5748 ”
3260 5731 3455 5786 προενο

3041 5864 3115 5924 39
