4218 6456
222 414 356 478 ιεεα

1197 423 1781 486 ΕίῖΕιΕΞΙᾹΞΤΙΕίΕ
1818 428 2198 490 ῙΙΙΞΤΟΗΗΕ
2238 435 2381 493 LIB.
2408 439 2474 495 V.

3325 451 3457 516 19.30

208 532 246 580 ἀ
262 530 468 587 uixero,
488 531 580 579 καὶ
603 528 694 598 τὴν
715 529 810 598 μὶν
826 529 1030 582 οἰκείαν
1050 533 1470 585 καταλελοιπότα
1487 537 1784 602 βασιλείαν,
1822 548 1862 598 Α

1822 548 1862 598 Α
1895 555 2053 591 suum
2093 543 2308 596 venisse
2344 548 2671 613 conspexit,
2728 551 2962 618 printnm
2998 556 3218 624 quidem
3265 563 3458 616 anima:

218 619 296 676 εἰς
327 619 384 669 δὲ
407 620 502 687 τὴν
532 621 695 671 αὑτοῦ
724 622 1162 690 παραγενόμενον
1185 620 1289 675 εἶδε
1316 641 1326 651 ’
1358 628 1569 692 πρῶτον
1596 635 1691 695 μὲν
1722 632 1787 698 τῇ

214 711 361 779 ψυχῇ
397 710 492 779 τὴν
526 710 822 781 θεραπείαν
870 716 1231 781 προσήνεγκε,
1275 717 1366 767 καὶ
1400 718 1492 785 τὴν
1537 719 1785 785 ἐπιγενο-

218 798 391 867 μένην
416 799 514 867 τῆς
552 799 805 861 ἀσεϐείας
840 800 1069 869 ἐξήλασε
1099 802 1271 864 νόσον,
1315 802 1406 853 καὶ
1436 804 1513 865 είς
1540 806 1639 873 τὴν
1680 822 1785 857 πα-

211 886 399 957 τρῴαν
434 888 715 942 εὐσέϐειαν
746 889 1095 958 ἐπανήγαγεν
1117 906 1129 919 ·
1164 886 1283 943 εἶτα
1317 891 1541 962 θαρρεῖν
1575 910 1783 964 παρεγ-

212 982 445 1047 γυήσας.
493 981 585 1032 καὶ
626 981 766 1034 κατά
814 981 905 1034 τοῦ
937 982 1198 1052 τυράννου
1232 984 1589 1054 στρατεύσας,
1635 986 1786 1039 ἀναι-

214 1067 359 1133 μωτὶ
393 1066 494 1134 μὲν
541 1066 620 1136 τῷ
655 1068 760 1138 νέῳ
788 1068 886 1138 τὴν
931 1068 1207 1139 βασιλείαν
1251 1070 1555 1140 παρέδωκε,
1590 1072 1680 1125 τὸν
1728 1074 1784 1127 δὲ

209 1153 476 1225 τύραννον
520 1153 775 1210 ἔκτεινεν.
817 1156 1045 1211 Ἀδικείν
1075 1159 1183 1228 γὰρ
1227 1158 1516 1223 ὑπέλαϐεν,
1561 1160 1783 1224 καὶτὰς

210 1241 351 1311 πρὸς
379 1242 670 1310 Γρατιανὸν
699 1245 1071 1315 γεγενημένας
1102 1246 1456 1317 παραϐαίνειν
1488 1249 1780 1318 συνθήκας,

208 1332 260 1382 εί
297 1331 373 1400 μὴ
402 1334 591 1403 ποινὴν
645 1336 771 1397 τοὺς
815 1336 1180 1401 ἀπεκτονότας
1206 1337 1249 1368 ¹⁰
1299 1337 1655 1406 εἰσπράξαιτο
1684 1341 1780 1407 τῆς

210 1422 448 1493 σφαγῆς.

790 1516 1039 1572 ΚΕΦΑΛ.
1079 1516 1195 1586 tq'.

372 1605 509 1672 Περὶ
557 1606 932 1673 Ἀμφιλοχίου
963 1607 1298 1663 ἐπισκόπου
1346 1609 1612 1665 Ἰκονίου.

278 1696 433 1748 Μετὰ
459 1697 514 1747 δέ
537 1696 633 1764 τῆν
663 1696 870 1749 ἐκεῖθεν
902 1698 1177 1761 ἐπάνοδον,
1203 1700 1430 1767 ἀφίκετο
1464 1699 1562 1769 μὲν
1594 1702 1620 1752 ὁ
1650 1698 1771 1753 Bau-

207 1786 404 1855 μάσιος
447 1786 809 1856 Ἀμφιλόχιος,
846 1783 905 1840 οὗ
937 1790 1191 1852 πολλάκις
1232 1790 1525 1860 ἐμνήσθην,
1561 1791 1773 1844 ἀντιϐο-

1897 632 2238 685 curationem
2271 636 2559 701 adhibuit,
2602 648 2654 691 et
2697 642 2920 697 insitum
2973 646 3274 716 impietatis
3309 667 3457 704 tuor-

1897 722 2024 774 bunt
2061 724 2306 791 depulit,
2360 737 2755 800 paternamque
2808 735 2874 787 ad
2910 737 3163 804 pietatem
3200 744 3457 809 reduxit;

1892 811 2089 867 deinde
2119 814 2263 868 bono
2296 819 2479 871 animo
2505 836 2626 875 esse
2652 821 2852 890 jubens
2877 863 2893 887 ,
2941 833 2996 879 et
3033 838 3224 882 contra
3256 842 3459 901 tyran—

1891 914 2022 952 num
2079 903 2267 971 copias
2323 905 2570 970 ducens,
2620 910 2910 985 imperium
2953 914 3290 972 adolescenti
3335 921 3459 975 sine

1891 991 2162 1058 sanguine
2218 993 2498 1058 restituit,
2544 1005 2600 1052 et
2649 1009 2937 1069 tyrannum
2986 1003 3285 1060 interemit.
3322 1007 3456 1062 Rem

1886 1080 2095 1149 quippe
2144 1081 2409 1151 injustam
2459 1101 2517 1141 se
2562 1086 2833 1145 facturum
2885 1096 3139 1164 putavit,
3197 1108 3251 1153 et
3301 1113 3458 1170 pacta

1890 1182 2012 1221 cum
2048 1169 2311 1226 Gratiano
2360 1173 2569 1231 foedera
2616 1179 2949 1237 violaturum
2978 1225 2993 1251 ,
3030 1188 3133 1243 nisi
3164 1203 3360 1258 pmnas
3389 1192 3459 1244 ab

1890 1259 1959 1316 iis
1988 1271 2262 1333 repeteret
2292 1268 2385 1337 qui
2424 1281 2706 1325 necarant.

2065 1580 2279 1655 lo“
2312 1583 2461 1639 cae.
2500 1584 2635 1641 xvt.
2675 1586 2756 1657 te.
2789 1588 2872 1643 St.
2906 1588 2973 1645 ν.
3004 1593 3104 1647 Ch.
3140 1595 3252 1668 ιο]

2167 1675 2243 1728 De
2281 1678 2645 1745 Amphilochia
2692 1680 2864 1735 Icouii
2910 1686 3171 1754 episcopo.

1956 1766 2113 1821 Illinc
2143 1784 2399 1825 reversus
2426 1788 2552 1825 cum
2581 1784 2749 1843 esset,
2778 1781 3453 1851 accessitAntphilochius

200 1874 315 1927 λῶν
339 1878 463 1938 τοὺς
493 1876 600 1928 τῶν
646 1876 699 1928 Ἀ
712 1877 937 1945 ρειανῶν
965 1880 1028 1931 ἐκ
1069 1878 1174 1932 τῶν
1206 1880 1412 1933 πόλεων
1460 1882 1777 1953 ἐξελαθῆναι
1812 1889 1851 1947 Β

1812 1889 1851 1947 Β
1882 1856 1974 1910 ille
1998 1859 2355 1925 admirabilis,
2388 1864 2547 1932 cujus
2579 1880 2608 1917 a
2633 1880 2718 1919 me
2748 1882 2891 1937 saepe
2921 1869 3065 1923 facta
3086 1881 3169 1926 est
3203 1876 3409 1929 mentio
3433 1916 3448 1940 ,

204 1966 517 2034 συλλόγους.
582 1967 640 2019 Ὀ
685 1968 740 2020 δὲ
773 1967 1023 2037 βασ;λεὺς
1076 1971 1452 2043 ἀπηνεστέραν
1492 1973 1773 2027 ὑπολαϐὼν

203 2057 307 2127 τὴν
341 2059 581 2127 αἴτησιν,
616 2059 715 2111 οὐκ
761 2060 995 2126 ἐδέξατο.
1041 2062 1098 2115 ὐ
1128 2061 1183 2115 δὲ
1232 2062 1540 2132 σοφώτατος
1580 2066 1775 2135 Ἀμφι-

202 2148 385 2217 λόχιος
440 2150 749 2214 παραυτίκα
801 2151 1050 2219 σιγήσας,
1111 2155 1331 2223 μνήμης
1385 2155 1540 2220 ἀξίαν
1590 2156 1776 2226 ἐξεῦρε

203 2238 479 2307 μηχανήν.
513 2238 655 2290 Είσω
680 2238 786 2309 γάρ
812 2236 965 2303 αὖθις
998 2241 1105 2294 τῶν
1139 2242 1423 2311 βασιλείων
1465 2244 1773 2315 γενόμενος,

202 2327 300 2378 καὶ
329 2328 650 2398 παρεστῶτα
672 2329 749 2399 τῷ
774 2330 981 2399 βασιλεῖ
1002 2334 1090 2384 τὸν
1119 2333 1234 2385 υἱὸν
1273 2334 1552 2404 Ἀρκάδιον
1580 2336 1777 2389 θεασά-

204 2434 388 2487 μενος,
408 2421 597 2471 νεωστὶ
628 2420 681 2471 δὲ
705 2416 858 2484 οὗτος
889 2424 1293 2495 κεχειροτόνητο
1319 2424 1589 2494 βασιλεὺς,
1614 2427 1774 2481 αὑτὸν

202 2508 306 2578 μὲν
333 2510 615 2577 ἠσπάσατο
661 2512 906 2583 συνήθως
945 2514 1035 2567 τὸν
1088 2516 1330 2585 βασιλέα,
1377 2518 1679 2587 ἀγέραστον
1722 2520 1778 2573 δὲ

199 2601 463 2653 κατέλιπε
488 2603 549 2633 ³⁸·
572 2604 660 2656 τὸν
680 2606 810 2659 υἱόν.
856 2605 913 2659 '0
937 2608 989 2659 δὲ
1017 2607 1285 2677 βασιλεὺς,
1316 2610 1667 2681 ἐπιληοθῆναι
1694 2632 1778 2666 νο-

203 2691 371 2761 μίσας
392 2694 481 2745 τὸν
522 2694 884 2766 Ἀμφιλόχιον,
914 2700 1228 2767 προσελθεῖν
1251 2702 1341 2754 καὶ
1366 2703 1584 2772 φιλῆσαι
1612 2721 1777 2772 προσ-

200 2782 365 2848 έταξε
414 2785 501 2835 τὸν
554 2788 685 2839 υίόν.
723 2788 783 2839 ὐ
829 2788 884 2839 δὲ
933 2790 1302 2861 ἀποχρῆναιίί
1357 2792 1457 2862 ἔφη
1494 2793 1590 2863 τὴν
1631 2794 1777 2864 αὐτῷ

201 2874 340 2942 παρ’
370 2874 531 2925 αὐτού
562 2880 1005 2947 προσενεχθεῖσαν
1031 2883 1216 2951 τιμήν.
1256 2882 1312 2934 Ὀ
1341 2881 1394 2933 δὲ
1416 2882 1774 2951 δυσχεράνας,

197 2965 411 3017 οἰκείαν
473 2966 654 3018 ἐκάλει
700 2970 982 3039 παροινίαν
1032 2972 1130 3039 τὴν
1180 2971 1269 3023 τοῦ
1312 2973 1497 3035 παιδλς
1528 2974 1770 3042 ἀτιμίαν.

199 3055 519 3125 Τηνικαῦτα
561 3059 744 3112 λοιπὸν
783 3063 810 3113 ὁ
858 3064 1164 3129 σοφώτατος
1214 3063 1556 3132 Ἀμςξιλόχιος
1609 3067 1773 3117 ἐκκα-

198 3145 394 3200 λύπτει
420 3150 510 3202 τὸν
540 3150 634 3202 τοῦ
668 3154 1032 3222 γεγενημένου
1066 3154 1283 3219 σκοπδν,
1319 3156 1410 3206 κού⁹
1453 3155 1589 3223 βοῶν
1634 3154 1766 3225 ἔφη’

1880 1961 2070 2015 preces
2100 1948 2333 2003 offerens
2353 1991 2367 2012 ,
2415 1960 2474 2005 ut
2503 1953 2836 2009 Arianorum
2868 1969 3173 2016 conventus
3226 1978 3292 2017 ex
3356 1979 3451 2018 ur-

1879 2038 2040 2093 bibus
2070 2041 2425 2108 pellerentur.
2466 2042 2640 2109 Quam
2678 2047 2804 2115 ejus
2848 2049 3168 2117 petitionem
3215 2052 3448 2123 impera-

1881 2138 1984 2197 tor,
2019 2132 2165 2200 quod
2215 2133 2379 2188 nimis
2407 2135 2601 2189 duram
2634 2140 2916 2204 crederet,
2959 2156 3068 2195 non
3100 2144 3341 2199 admisit.
3381 2144 3451 2199 At

1879 2221 2331 2288 sapientissimus
2390 2226 2811 2293 Amphilochius
2872 2238 3004 2286 tunc
3060 2232 3449 2290 obmutesccns

1879 2316 2053 2364 artem
2089 2314 2420 2381 excogitavit
2454 2318 2892 2373 memorabilem.
2926 2321 3129 2377 lterum
3174 2327 3321 2379 enim
3353 2342 3451 2396 pa—

1878 2402 2069 2457 latium
2101 2405 2496 2475 introgressus,
2527 2419 2911 2482 astantemque
2938 2414 3287 2485 imperatoris
3316 2434 3449 2473 con-

1878 2495 2123 2563 spicatus
2158 2495 2331 2551 [illum
2376 2498 2709 2567 Arcadium,
2769 2503 2860 2571 qui
2915 2507 3193 2577 particeps
3230 2510 3446 2580 imperii

1878 2586 2043 2655 paulo
2066 2598 2197 2641 ante
2248 2586 2429 2644 fuerat
2472 2591 2797 2661 designatus
2824 2635 2837 2655 ,
2886 2596 3061 2665 ipsum
3092 2600 3306 2668 quidem
3342 2603 3447 2654 im-

1878 2686 2191 2744 peratorem
2242 2677 2310 2733 de
2348 2696 2497 2736 more
2547 2684 2837 2748 salutavit,
2899 2686 2993 2740 sed
3038 2688 3302 2745 honorem
3336 2692 3446 2749 ftlio

1877 2765 2087 2818 nullum
2118 2768 2393 2824 exhibuit.
2442 2770 2762 2840 Imperator,
2807 2776 3087 2833 oblivione
3116 2780 3316 2836 factum
3352 2800 3444 2837 ra-

1876 2864 1963 2910 tus
2007 2859 2075 2912 ab
2123 2859 2542 2930 Amphilochia,
2594 2867 2861 2922 accedere
2912 2870 3115 2937 jussit,
3182 2883 3235 2927 et
3274 2875 3441 2932 lilium

1875 2949 2135 3002 osculari.
2168 2951 2267 3003 Cui
2300 2951 2391 3006 ille
2436 2954 2571 3008 satis
2602 2970 2724 3009 esse
2779 2960 3099 3026 respondit,
3152 2965 3299 3031 quod
3340 2967 3442 3035 ipsi

1874 3034 2138 3090 honorem
2167 3039 2437 3095 habuerit.
2465 3042 2618 3107 Quod
2654 3045 2877 3115 indigne
2906 3047 3089 3103 ferens
3121 3034 3439 3124 imperator,

1874 3125 1971 3180 ﬁlii
2006 3129 2322 3198 despectum
2369 3132 2569 3187 factam
2601 3136 2704 3191 sibi
2740 3138 3000 3206 injuriam
3035 3143 3444 3215 interpretaba-

204 3255 225 3288 ι
282 3239 462 3310 Ὁρᾷς,
505 3235 549 3294 ὦ
580 3241 819 3309 βασιλεῦ,
850 3243 996 3306 ὅπως
1034 3244 1093 3296 οὐ
1127 3246 1309 3312 φέρεις
1338 3243 1432 3314 τὴν
1463 3244 1554 3296 τοῦ
1590 3245 1771 3307 παιδὸς
1800 3230 1843 3291 C

1800 3224 1984 3291 Ctur.
2052 3218 2189 3274 Tum
2243 3223 2459 3277 dentum
2522 3227 2970 3296 sapientissimus
3026 3232 3441 3304 Amphilochius

390 3279 462 3309 τιν’
505 3279 549 3294 HJ
580 3279 819 3309 γωυυιινυ.
852 3279 993 3306 vnum,
1034 3279 1093 3296 νυ
1127 3279 1256 3309 γύνῦ

198 3327 446 3397 ἀτιμίαν,
483 3330 615 3381 ἀλλά
658 3333 769 3393 τοῖς
798 3334 874 3394 είς
921 3331 1108 3383 τοῦτον
1160 3333 1474 3401 παροινοῦσι
1510 3333 1770 3401 χαλεπαί-

194 3432 312 3478 νεις
363 3418 592 3487 πικρῶς.
648 3420 941 3472 Πίστευσον
986 3420 1049 3489 δὴ
1097 3416 1206 3484 οὖν,
1244 3422 1335 3473 καὶ
1375 3421 1461 3473 τὸν
1491 3422 1597 3473 τῶν
1637 3422 1771 3474 ὅλων

192 3505 335 3558 Θεὸν
378 3509 502 3570 τοὺς
538 3508 626 3559 τὸν
678 3510 802 3561 rem
855 3510 1017 3562 αὑτοῦ
1067 3511 1159 3562 τὸν
1218 3511 1478 3580 μονογενῆ
1528 3511 1770 3579 βλασσρη-

200 3596 440 3665 μοῦντας
490 3598 884 3667 βδελύττεσθαι,
918 3603 1010 3652 καὶ
1057 3601 1131 3662 ὡς
1162 3600 1484 3671 ἀχαρίστους
1525 3602 1651 3669 περὶ
1680 3601 1770 3653 τὸν

198 3687 435 3756 Σωτῆρα
461 3690 553 3740 καὶ
580 3690 871 3759 εὐεργέτην
904 3691 1299 3759 γεγενημένους
1325 3693 1519 3760 μισεῖν·
1559 3709 1576 3741 ι
1613 3689 1769 3744 Οὓτω

198 3779 383 3837 συνεὶς
412 3779 437 3829 ό
456 3777 727 3845 βασιλεὺς,
752 3780 843 3831 καὶ
871 3781 939 3833 τά
967 3797 1024 3831 τε
1057 3781 1417 3849 πεπραγμένα
1439 3780 1506 3833 τά
1532 3797 1589 3832 τε
1617 3782 1768 3851 είρη-

198 3864 343 3934 μένα
376 3866 679 3934 θαυμάσας,
714 3868 876 3936 νόμον
915 3869 1076 3931 εὐθὺς
1102 3868 1303 3937 ἔγραψε
1332 3869 1456 3931 τοὺς
1484 3868 1592 3920 τῶν
1618 3870 1768 3937 αἱρε-

192 3952 368 4007 τικῶν
400 3955 682 4020 συλλόγους
709 3954 1003 4006 κωλύοντα.
1068 3954 1227 4006 Ἀλλά
1256 3956 1296 3984 ¹²
1337 3954 1445 4023 γάρ
1488 3954 1547 4005 οὐ
1591 3954 1767 4025 ῥᾴδιον

195 4043 382 4104 πάσας
430 4043 708 4111 διαφυγεῖν
756 4043 847 4095 τοῦ
892 4043 1071 4096 κοινοῦ
1120 4042 1268 4115 [219]
1324 4043 1427 4094 τῶν
1467 4042 1767 4113 ἀνθρώπιον

193 4134 462 4202 πολεμίου
494 4136 590 4195 τὰς
622 4136 811 4203 ἄρκυς.
851 4134 1117 4196 Πολλάκις
1155 4134 1262 4201 γάρ
1290 4151 1373 4195 τις
1420 4134 1638 4204 διαδράς
1671 4134 1767 4202 τῆς

192 4225 488 4290 ἀσελγείας
514 4226 572 4275 τὸ
606 4224 792 4287 πάθος,
829 4227 894 4294 τῇ
920 4223 1017 4293 τῆς
1051 4224 1360 4289 πλεονεξίας
1392 4223 1766 4293 περιπείρεται

194 4314 354 4385 πάγῃ
380 4314 422 4344 ³³
444 4330 457 4342 '
485 4316 606 4365 εἰδὲ
631 4314 723 4366 καὶ
742 4312 945 4382 ταύτης
969 4313 1232 4383 κρείττων
1255 4312 1468 4380 φανείη,
1503 4312 1768 4381 ἑτέρωθεν

192 4404 499 4470 ἀναφύεται
536 4403 626 4455 τοῦ
660 4403 854 4468 φθόνου
910 4403 969 4454 τὸ
1015 4402 1304 4472 βάραθρον.
1360 4402 1474 4453 Κάν
1522 4402 1676 4454 τοῦτο
1709 4402 1767 4453 δέ

193 4495 361 4547 πάλιν
397 4492 774 4562 ὑπερπηδήσῃ,
828 4491 917 4543 τοῦ
975 4490 1148 4559 θυμοῦ
1190 4491 1251 4543 τὸ
1281 4491 1492 4544 δίκτυον
1544 4491 1763 4560 εὑρήσει

1878 3308 2005 3363 facti
2062 3312 2146 3365 sui
2188 3316 2480 3368 consilium
2537 3320 2837 3385 reseravit,
2886 3333 2939 3376 et
2979 3340 3161 3379 vocem
3210 3340 3440 3385 conten-

1872 3398 2007 3453 dens
2056 3419 2065 3453 :
2119 3422 2133 3449 α
2196 3400 2405 3467 Vides,
2463 3406 2674 3474 inquit,
2734 3410 3051 3480 imperator,
3106 3427 3161 3470 ut
3213 3419 3305 3472 lilii
3359 3423 3435 3474 tui

1873 3489 2226 3556 ignominiam
2272 3496 2494 3549 mininte
2531 3496 2713 3559 feras,
2764 3502 2856 3553 sed
2902 3504 2953 3555 in
2985 3520 3109 3557 emn
3156 3520 3441 3565 contunie-

1872 3579 2024 3633 liosis
2054 3584 2292 3648 graviter
2329 3599 2678 3641 succenseas.
2730 3590 2902 3645 Crede
2943 3594 3108 3661 igitur
3156 3598 3440 3653 universo-

1872 3684 1990 3721 rum
2018 3686 2235 3737 quoqne
2278 3670 2446 3727 Deum
2488 3690 2583 3728 eos
2620 3678 2881 3731 detestari
2911 3720 2925 3743 ,
2969 3683 3060 3751 qui
3097 3685 3435 3755 unigenitum

1868 3757 1987 3825 ejus
2020 3756 2218 3813 Filium
2252 3760 2663 3830 blasphemant,
2696 3774 2749 3819 et
2786 3774 3043 3836 tanquam
3071 3786 3198 3841 erga
3237 3775 3440 3827 Serm-

1871 3854 2044 3900 torem
2096 3848 2613 3922 benef-actoremque
2666 3872 2825 3910 suum
2882 3860 3113 3929 ingratis
3160 3863 3433 3921 infensum

1867 3951 2008 3991 esse.
2040 3959 2056 3991 ι
2116 3939 2193 3992 Ita
2221 3956 2332 3994 rem
2389 3943 2698 4015 intelligens
2746 3946 3063 4016 imperator,
3098 3952 3327 4023 ejusque
3382 3966 3436 4010 et

1870 4025 2011 4079 facta
2049 4036 2102 4082 et
2134 4029 2280 4083 dicta
2314 4034 2519 4100 pariter
2540 4035 2850 4099 admirans,
2885 4039 3060 4108 legem
3113 4060 3240 4098 mox
3292 4049 3432 4102 scri-

1871 4118 2013 4185 psit,
2042 4122 2564 4187 qttceba‘reticoruut
2596 4138 2896 4182 conventus
2933 4132 3271 4197 prohibebat.
3312 4138 3431 4209 Ca:-

1870 4216 2043 4261 terum
2077 4212 2367 4266 universas
2396 4217 2706 4271 communis
2740 4218 3022 4273 hominum
3051 4222 3225 4278 hostis
3260 4226 3435 4279 tendi-

1869 4300 2025 4354 culas
2087 4303 2264 4357 vitare
2322 4302 2482 4358 facile
2543 4322 2650 4360 non
2708 4319 2809 4363 cst.
2876 4311 3034 4380 Saepe
3095 4315 3273 4381 enim,
3337 4319 3430 4385 qui

1871 4391 2285 4448 incontinentiae
2322 4397 2574 4450 morbum
2616 4402 2887 4467 evaserit,
2929 4402 3137 4474 1045
3174 4408 3435 4463 avaritiae

1870 4480 2064 4549 laqueo
2098 4481 2347 4537 irrctilur
2380 4503 2392 4537 :
2431 4494 2485 4540 et
2516 4486 2561 4539 si
2590 4486 2735 4541 hunc
2782 4490 2945 4543 etiam
2978 4495 3287 4560 superarit,
3322 4499 3429 4552 alia

194 4551 580 4652 προκείμενον.
601 4551 923 4644 ,καὶηάλλας
955 4582 1010 4634 δὲ
1047 4551 1251 4653 μυρίας
1297 4586 1409 4644 τοῖς
1460 4582 1765 4651 ἀνθρώποις
1797 4551 1844 4609 n

1797 4551 1844 4609 Π
1870 4588 1931 4626 ex
1955 4581 2106 4641 parte
2144 4575 2361 4628 invidiae
2397 4578 2716 4633 barathrum
2739 4580 3019 4646 obiicitur.
3045 4582 3202 4648 Quod
3254 4587 3299 4640 si
3329 4587 3433 4642 hoc

192 4674 381 4742 τίθησι
417 4672 808 4743 ποδοστράϐας,
855 4672 1101 4742 ἀγρεύων
1147 4674 1226 4734 είς
1270 4672 1506 4742 ὄλεθρον.
1557 4674 1665 4724 Καὶ
1698 4673 1766 4726 τά

198 4767 304 4835 μὲν
334 4763 481 4832 πάθη
513 4764 606 4814 τοῦ
653 4763 900 4830 σώματος
940 4762 1309 4833 ὑπουργοῦντα
1339 4763 1449 4831 ἔχει
1478 4766 1595 4823 ταῖς
1624 4764 1763 4815 κατά

192 4859 300 4924 τῆς
328 4854 504 4923 ψυχῆς
528 4853 968 4921 τεκταινομέναις
991 4854 1081 4903 ὑπ’
1101 4852 1260 4903 αὑτοῦ
1287 4855 1550 4920 μηχαναῖς
1570 4869 1582 4882 ·
1606 4852 1766 4920 μόνος

192 4949 253 5000 δὲ
285 4950 313 4999 ό
341 4946 462 5009 νοῦς
496 4945 806 5015 ἐγρηγορὼς
859 4945 1211 5013 περιγίνεται,
1258 4947 1322 5013 τῇ
1362 4945 1490 5013 περὶ
1522 4943 1590 4994 τὰ
1644 4943 1761 4995 θεῖα

199 5040 341 5107 ῥοπῇ
387 5037 491 5088 τῶν
542 5035 945 5105 μηχανημάτων
997 5034 1225 5086 διαλύων
1257 5036 1353 5102 τὴν
1403 5034 1601 5102 ῥύμην.
1654 5033 1764 5099 Τῆς

197 5127 543 5195 ἀνθρωπείας
590 5126 652 5195 δὴ
686 5121 777 5178 οὖν
824 5125 1035 5194 φύσεως
1083 5124 1177 5175 καὶ
1214 5126 1242 5174 ὁ
1284 5123 1582 5191 θαυμάσιος
1614 5119 1767 5185 οὗτος

200 5213 486 5284 μετασχὼν
522 5215 792 5283 βασιλεὺς,
840 5212 1068 5265 καὶτῶν
1111 5212 1450 5282 παθημάτων
1483 5212 1766 5279 μετέλαχε,

196 5305 296 5355 καὶ
337 5303 414 5372 τῷ
454 5303 645 5372 δικαίῳ
696 5301 852 5371 θυμῷ
894 5301 1130 5370 ἀμετρία
1178 5300 1583 5367 προσγενομένη
1620 5298 1767 5366 ὠμόν

198 5410 253 5443 τε
284 5393 328 5423 ³⁵
362 5394 453 5445 καὶ
492 5394 802 5462 παράνομον
847 5392 1139 5461 εἰργάσατο
1174 5388 1362 5452 πάθος.
1415 5389 1556 5458 Ἐρῶ
1588 5389 1643 5441 δὲ
1677 5389 1769 5441 καὶ

1866 4663 1992 4717 item
2024 4668 2376 4733 transilierit,
2428 4670 2647 4722 obvium
2682 4670 2741 4722 ﬁt
2778 4681 2894 4727 rete
2932 4674 3248 4730 iracundiae.
3282 4678 3432 4733 Alias

1867 4756 2103 4823 denique
2130 4759 2449 4813 innumeras
2476 4761 2791 4817 hominibus
2824 4764 3048 4832 pedicas
3075 4770 3284 4834 tendit,
3309 4773 3432 4839 qui-

1869 4844 1971 4897 bus
1985 4852 2174 4913 captos
2194 4848 2375 4899 trahat
2401 4848 2466 4901 ad
2485 4850 2589 4903 exit
2602 4850 2710 4903 ium
2732 4869 2746 4917 ;
2772 4852 3041 4922 habetque
3067 4871 3291 4925 prorsus
3309 4874 3433 4912 cor-

1869 4936 2016 5004 poris
2053 4938 2487 5003 perturbationcs
2528 4941 2849 4995 insidiarum
2888 4960 3027 5012 quas
3051 4948 3244 5001 animae
3268 4951 3432 5003 struit

1873 5028 2250 5081 administras.
2295 5026 2422 5082 Sola
2474 5045 2628 5084 mens
2665 5032 2897 5101 vigilans
2931 5037 3221 5091 victoriam
3256 5041 3431 5109 adipi-

1867 5119 2062 5180 St‘iltlr,
2109 5132 2289 5171 rerum
2325 5118 2633 5173 divinarum
2676 5123 2858 5177 studio
2886 5126 3270 5181 machinarum
3323 5130 3430 5183 im-

1864 5217 2049 5275 petum
2084 5206 2363 5277 frangens.
2407 5207 2629 5264 Natura:
2683 5212 2913 5282 itaque‘
2970 5214 3222 5270 humana:
3261 5219 3423 5286 parti-

1868 5314 1998 5367 ceps
2029 5313 2152 5351 cum
2182 5309 2330 5353 esset
2351 5299 2709 5357 admirandus
2743 5303 2831 5356 hic
2861 5304 3181 5374 imperator,
3216 5315 3432 5376 pertin-

1870 5389 2147 5442 bationum
2172 5405 2367 5458 expers
2401 5405 2509 5444 non
2552 5390 2653 5445 fuit
2684 5408 2702 5446 :
2728 5393 2999 5464 justeque
3037 5396 3131 5450 ira:
3162 5396 3429 5451 accedens

1480 5524 1712 5580 VARI/ﬁ
1751 5525 2148 5581 LECTIONES.

272 5646 314 5677 "
359 5644 794 5709 ἀπεκταγκότας.
844 5642 984 5696 Idem
1033 5655 1153 5694 cum
1198 5639 1385 5705 Steph.

1494 5639 1567 5669 ¹⁰⁶
1611 5638 1917 5709 κατέλειπε.
1970 5636 2133 5709 Basil.
2190 5638 2284 5691 Gr.
2328 5639 2515 5708 S:eplt.
2565 5641 2921 5694 καταλέλοιπε
2961 5640 3184 5709 Niceplt.
3218 5640 3335 5702 XII,
3373 5644 3426 5698 9.

201 5715 241 5747 ⁸³
277 5715 542 5782 ἀποχρην.
582 5708 741 5782 Basili.
768 5711 860 5765 Gr.
899 5713 939 5741 ¹²
976 5710 1029 5763 In
1054 5710 1236 5764 codice
1272 5709 1385 5762 Pini
1424 5708 1508 5761 hic
1543 5709 1730 5775 incipit
1770 5723 1818 5758 c.
1862 5708 1939 5759 I7.
1980 5708 2021 5737 ’³
2049 5711 2193 5776 παγῇ
2239 5709 2399 5763 Basil.
2436 5709 2527 5763 Gr.
2562 5711 2605 5741 "'
2632 5711 2778 5781 ὠμόν
2806 5728 2878 5764 τι.
2912 5711 3029 5764 Pini
3054 5708 3244 5775 cedes,
3279 5713 3429 5782 ὠμὸν

235 5786 295 5839 ὁέ
323 5801 374 5836 τι
407 5780 633 5852 Niceplt.
670 5780 755 5834 XII
780 5824 793 5846 ,
834 5782 919 5835 40.
