4218 6456
766 415 899 480 1231

1748 411 2233 473 TIIEODORETI
2262 408 2603 471 EPISCOPI
2622 407 2991 468 CYRENSIS

3888 400 4030 465 123?.

769 525 1154 581 immmieratio
1186 524 1407 577 crudele
1436 538 1501 576 ac
1530 523 1780 593 iniquum
1816 523 2033 577 facinus
2074 521 2342 591 patravit,
2371 526 2416 582 Α

2458 516 2604 569 τοῦτο
2632 518 2731 587 τῆς
2753 517 2862 569 τῶν
2888 514 3287 583 ἐντευξομένων
3312 512 3576 583 ὠφελείας
3598 514 3779 567 ἕνεκα.
3806 511 3885 566 Οὑ
3917 516 4032 581 γὰρ

768 616 915 684 quod
979 616 1272 685 legentium
1325 616 1584 670 utilitatis
1647 617 1823 686 gratia
1875 612 2343 669 commemorabo.

2453 607 2613 676 μόνον
2654 605 2989 674 κατηγορίαν
3042 604 3154 673 ἔχει
3206 602 3301 655 τοῦ
3359 602 3675 672 θαυμαστοῦ
3734 601 4030 671 βασιλέως,

768 709 884 761 Non
928 709 1071 760 enim
1112 715 1323 759 tantum
1351 707 1841 776 reprehensionem
1874 706 2220 761 admirabilis
2248 706 2348 758 im-

2458 694 2583 750 ὶλλὰ
2612 696 2706 750 καὶ
2735 695 3010 765 εὐφημίαν
3034 696 3255 764 μνήμης
3281 694 3609 764 ἀξιωτάτην.

770 799 1041 868 peratoris
1072 800 1353 865 continet,
1413 799 1511 855 scd
1567 809 1623 854 et
1670 797 1886 853 laudem
1926 796 2046 866 ejus
2078 795 2345 851 memoria

768 890 1178 960 dignissimam.

1069 983 1227 1037 CAP.
1268 981 1428 1036 XVII.
1468 980 1553 1052 [Β.
1585 980 1666 1035 St.
1699 981 1765 1035 V.
1799 981 1899 1035 Ch.
1938 979 2050 1050 l7.]

804 1071 885 1127 De
918 1074 1059 1128 cwde
1093 1074 1583 1135 Thessalonicensi,
1610 1082 1659 1126 et
1687 1072 1750 1125 de
1778 1071 2047 1123 Ambrosii
2076 1069 2308 1139 episcom'

1069 1145 1333 1210 libertate,
1382 1159 1445 1196 ac
1469 1145 1672 1212 pietate
1702 1142 2061 1210 imperatoris.

841 1298 1235 1352 Thessalonica
1270 1298 1403 1354 urbs
1432 1305 1517 1355 est
1551 1298 1789 1353 maxima
1820 1305 1875 1352 et
1900 1296 2162 1367 populosa
2185 1336 2198 1359 ,
2233 1294 2344 1349 Ma-

771 1392 1041 1444 cedonum
1077 1390 1299 1460 quidem
1340 1392 1393 1444 in
1436 1399 1598 1461 gente
1630 1391 1807 1459 posita
1834 1429 1849 1452 ,
1897 1388 1992 1443 sed
2029 1402 2150 1456 quae
2180 1395 2347 1455 caput

770 1491 854 1537 est
890 1490 1003 1534 tum
1031 1480 1336 1537 Thessalia:
1377 1492 1432 1536 et
1464 1480 1711 1544 Achaire,
1750 1488 1864 1533 tum
1916 1479 2149 1532 aliarum
2193 1494 2345 1532 com-

771 1574 1013 1643 plurium
1050 1573 1455 1643 provinciarum
1479 1610 1493 1633 ,
1536 1586 1656 1640 quae
1708 1580 1985 1641 reguntur
2022 1587 2053 1624 a
2090 1571 2349 1641 prmfecto

773 1666 1033 1732 praetorio
1079 1663 1304 1731 Illyrici.
1360 1662 1415 1715 In
1452 1665 1555 1715 hac
1586 1677 1711 1715 eum
1763 1670 1887 1715 orta
1938 1669 2086 1717 esset
2117 1663 2347 1725 seditio,

774 1758 1133 1827 magistratus
1178 1752 1403 1823 quidam
1432 1752 1659 1821 Iapidati
1694 1761 1750 1808 et
1801 1754 1985 1807 vexati
2015 1752 2189 1808 fuere.
2230 1757 2349 1819 Quo

774 1848 1028 1900 nuntiato
1078 1859 1348 1899 accensus
1402 1845 1700 1913 imperator
1758 1846 1854 1899 ira:
1915 1846 2178 1915 impetum
2239 1860 2347 1899 non
2383 1852 2424 1908 Β

773 1936 932 1995 tulit,
985 1949 1087 1987 nec
1116 1932 1273 1988 freno
1310 1933 1543 1987 rationis
1580 1933 1794 2004 1046
1828 1934 1934 1987 vim
1966 1935 2088 2002 ejus
2128 1950 2348 2003 repres-

774 2028 879 2091 sit,
915 2026 1010 2081 sed
1045 2026 1301 2080 vindictae
1336 2026 1625 2078 arbitrium
1669 2027 1743 2078 illi
1782 2027 2049 2094 permisit.
2090 2026 2185 2080 Illa
2220 2040 2351 2080 vero

776 2119 879 2173 hac
915 2124 1188 2188 potestate
1234 2126 1459 2185 accepta
1484 2157 1499 2179 ,
1540 2117 1689 2171 velut
1723 2117 1867 2186 juris
1904 2118 1988 2172 sui
2040 2126 2309 2187 tyrannus
2334 2157 2349 2183 ,

776 2211 953 2280 ruptis
989 2209 1215 2263 habenis
1250 2210 1494 2279 jugoque
1536 2211 1769 2265 rationis
1802 2225 2071 2273 excusso,
2109 2210 2351 2278 injustos

772 2302 987 2371 gladios
1036 2301 1089 2353 in
1146 2314 1339 2354 omnes
1381 2301 1695 2363 distrinxit,
1738 2309 1793 2354 et
1838 2302 2087 2355 insontes
2144 2300 2353 2369 pariter

774 2410 903 2448 cum
952 2391 1553 2449 sontibnstrucidavil.
1599 2393 1819 2463 Septem
1871 2394 2018 2447 enim
2070 2393 2351 2446 hominum

774 2485 948 2539 millia
983 2483 1277 2539 interfecta
1324 2485 1711 2554 perhibentur,
1746 2500 1853 2539 non
1895 2493 2176 2555 praeeunte
2204 2483 2354 2553 judi-

773 2578 892 2643 cio,
935 2587 991 2631 et
1022 2576 1404 2632 condemnatis
1438 2577 1507 2630 iis
1539 2578 1633 2645 qui
1666 2578 1785 2631 dira
1825 2578 1917 2631 illa
1951 2578 2071 2631 ausi
2100 2576 2350 2639 fuerant,

777 2668 874 2724 sed
904 2669 1049 2723 sicut
1080 2670 1135 2722 in
1170 2682 1350 2723 messe
1387 2669 1652 2724 omnibus
1686 2669 1851 2724 simul
1884 2669 2162 2737 spicarum
2200 2683 2355 2723 more

775 2758 1036 2815 desectis.

855 2908 940 2983 [Β.
981 2909 1063 2964 St.
1106 2907 1171 2964 V.
1212 2910 1323 2983 18.]
1363 2910 1476 2965 llac
1516 2910 1699 2965 audita
1745 2910 2087 2982 lacrymabili
2125 2910 2356 2965 calami-

779 3010 927 3067 tate,
966 3002 1298 3057 Amhrosius
1332 3004 1454 3068 ille,
1508 3019 1669 3071 quem
1703 3019 1847 3073 smpe
1879 3004 2217 3069 memoravi,
2251 3005 2356 3056 im-

780 3096 1017 3166 peratori
1045 3137 1059 3161 ,
1098 3110 1224 3150 cum
1258 3095 1629 3149 Mediolanum
1662 3096 1902 3150 venisset
1931 3136 1945 3159 ,
1977 3106 2143 3165 atque
2176 3097 2229 3149 in
2266 3110 2357 3151 sa-

3034 959 3285 1011 ΚΕΦᾹΛ.
3339 958 3435 1012 lZ'.

2448 1052 2587 1120 Περὶ
2633 1049 2751 1113 τῶν
2800 1050 2871 1103 ἐν
2913 1050 3333 1114 Θεσσαλονίκῃ
3359 1049 3400 1079 ¹⁸
3445 1046 3716 1120 σφαγῶν,
3763 1044 3863 1120 καί
3898 1044 4031 1120 περί

2520 1116 2631 1188 τῆς
2661 1120 2766 1173 τοῦ
2788 1120 3127 1171 ἐπισκόπου
3164 1120 3508 1185 Ἀμϐροσίου
3538 1118 3903 1184 παρῤησιάς,
3932 1116 4029 1167 καὶ

2519 1191 2629 1258 τῆς
2668 1190 2774 1243 τοῦ
2796 1189 3103 1253 ,ϐασιλέως
3128 1189 3455 1251 εὐσεϐείας.

2520 1280 2888 1348 Θεσσαλονίκη
2942 1278 3095 1340 πόλις
3124 1279 3240 1330 ἐστὶ
3278 1277 3507 1348 μεγίστη
3542 1277 3635 1328 καὶ
3671 1273 4032 1344 πολυάνθρω-

2450 1389 2573 1434 πος,
2607 1374 2686 1433 εἰς
2715 1371 2812 1440 μὲν
2841 1370 2900 1422 τὸ
2935 1368 3263 1422 Μακεδόνων
3292 1367 3441 1428 ἔθνος
3471 1365 3715 1428 τελοῦσα,
3750 1364 4030 1433 ἡγουμένη

2449 1462 2505 1515 δὲ
2528 1460 2624 1514 καὶ
2653 1459 2946 1523 Θετταλίας
2971 1460 3063 1512 καὶ
3113 1459 3356 1528 Ἀχαΐας,
3393 1458 3486 1509 καὶ
3521 1458 3703 1526 μέντοι
3733 1457 3828 1508 καὶ
3857 1454 4034 1506 ἄλλων

2452 1550 2783 1621 παμπόλλων
2818 1548 3008 1609 ἐθνῶν,
3058 1547 3157 1599 ὅσα
3200 1546 3306 1597 τῶν
3349 1546 3621 1615 Ἰλλυριῶν
3658 1546 3751 1596 τὸν
3786 1544 4034 1613 ὕπαρχον

2452 1642 2751 1712 ἡγούμενον
2778 1638 2910 1708 ἔχει.
2951 1640 3039 1691 Ἐν
3066 1637 3235 1708 ταύτῃ
3268 1638 3506 1700 στάτεως
3538 1636 3843 1704 γενομένης
3866 1635 4031 1697 τινὸς·

2454 1729 2889 1796 κατελεύσθησαν
2922 1744 2981 1778 τε
3031 1728 3124 1779 καὶ
3180 1725 3562 1795 κατεσύρησαν
3600 1724 3708 1775 τῶν
3754 1725 4036 1795 ἀρχόντων

2452 1823 2617 1885 τινές.
2672 1821 2730 1873 '0
2766 1820 2820 1872 δὲ
2856 1818 3107 1889 βασιλεὺς
3158 1816 3406 1884 ἐξαφθεὶς
3436 1816 3601 1868 ὑπὸ¹⁶
3634 1814 4032 1882 ἀγγελθέντων,

2451 1916 2549 1967 οὑκ
2581 1914 2781 1985 ἤνεγκε
2832 1909 2926 1963 τοῦ
2976 1908 3145 1979 θυμοῦ
3177 1907 3275 1978 τὴν
3320 1907 3517 1978 ὁρμὴν,
3569 1907 3688 1958 οὑδὲ
3720 1905 3798 1975 τῷ
3830 1903 4036 1974 χαλινῷ

2449 2005 2543 2058 τοῦ
2600 2000 2862 2073 λογισμοῦ
2919 2001 3020 2070 τὴν
3068 1998 3260 2051 τούτου
3308 1997 3487 2068 ῥύμην
3536 1996 3843 2048 ἐκώλυσενο
3901 1995 4037 2047 ἀλλὰ

2450 2097 2623 2166 τούτῳ
2657 2095 2755 2165 τὴν
2785 2094 2961 2163 ψῆφον
2986 2091 3290 2158 ἐξενεγκεῖν
3317 2090 3415 2158 τῆς
3445 2088 3709 2158 τιμωρίας
3742 2087 4034 2159 ἐπέτρεψε.

2453 2188 2670 2258 Ταύτην
2701 2186 2758 2239 δὲ
2788 2187 2886 2256 τὴν
2912 2183 3159 2248 ἐξουσίαν
3193 2185 3399 2243 ἐκεῖνος
3442 2180 3645 2245 λαϐὼν,
3674 2174 3764 2232 οἶα
3788 2180 3853 2247 δὴ
3879 2180 4037 2231 αὑτό-

2453 2280 2616 2349 νομός
2638 2295 2697 2330 τε
2729 2277 2822 2330 καὶ
2843 2276 3122 2347 τύραννος,
3154 2274 3244 2326 τὸν
3264 2274 3458 2341 δεσμὸν
3486 2272 3805 2344 ἀπορρήξας
3823 2273 3919 2323 καὶ
3943 2270 4035 2323 τοῦ

2451 2368 2713 2439 λογισμοῦ
2730 2365 3006 2435 διαφυγὼν
3024 2366 3115 2417 τὸν
3134 2362 3317 2430 ζυγὸν,
3333 2364 3491 2418 ἄδικα
3511 2363 3639 2433 ξίφη
3657 2362 3799 2415 κατὰ
3819 2364 4036 2414 πάντων

2451 2463 2757 2533 ἐγύμνωσε,
2783 2459 3023 2521 καὶτοὺς
3054 2458 3263 2521 ἁθῶους
3290 2458 3426 2526 μετὰ
3447 2456 3553 2509 τῶν
3572 2454 3887 2508 ὑπευθύνων
3906 2470 4039 2506 κατ-

2453 2556 2709 2609 έκτεινεν.
2753 2552 2925 2605 Ἑπτὰ
2953 2550 3095 2620 γὰρ,
3141 2550 3215 2614 ὣς
3245 2567 3427 2616 φασιν.
3470 2549 3817 2620 ἀνῃρέθησαν
3860 2548 4039 2618 χιλια-

2452 2646 2561 2708 δες,
2590 2645 2648 2697 οὑ
2664 2644 2900 2714 κρίσεως
2928 2643 3302 2714 ήγησαμὲνης,
3327 2642 3421 2694 καί
3446 2642 3556 2693 τῶν
3577 2642 3643 2693 τὰ
3675 2640 3824 2693 δεινὰ
3853 2640 4039 2691 ἐκεῖνα

2452 2734 2862 2805 τετολμηκότων
2910 2732 3371 2805 κατακριθέντων,
3427 2731 3542 2785 ἀλλ’
3604 2729 3679 2793 ὡς
3728 2732 3785 2783 ἐν
3842 2730 4041 2799 ἀμήτῳ

2457 2829 2672 2882 πάντων
2698 2825 2833 2895 ὁμοῦ
2857 2825 3014 2896 δίκην
3041 2824 3326 2893 ἀσταχύων
3360 2820 3839 2892 κατατμηθέντων.

2529 2915 2680 2989 [220]
2713 2916 2929 2986 Ταύτην
2956 2914 3141 2985 μαθὼν
3172 2916 3270 2985 τὴν
3300 2913 3551 2983 ὀδυρμῶν
3588 2914 3867 2983 γέμουσαν
3898 2928 4044 2980 συμ-

2457 3009 2629 3081 φορὰν
2681 3006 3005 3077 ’Δμὸρόσιος
3036 3008 3263 3069 ἐκεῖνος,
3312 3000 3373 3059 οὑ
3422 3004 3685 3068 πολλάκις
3737 3003 4042 3074 ἐμνήσθην,

2458 3100 2787 3170 ἀφικόμενον
2808 3101 2887 3161 είς
2911 3098 3235 3151 Μεδιόλανον
3264 3099 3355 3150 τὸν
3387 3097 3629 3167 βασιλέα,
3667 3097 3761 3150 καὶ
3793 3096 4045 3165 συνήθως

780 3202 935 3239 crum
968 3187 1236 3255 templum
1296 3186 1363 3240 de
1416 3201 1567 3239 more
1618 3186 1829 3257 ingredi
1888 3187 2082 3250 vellet,
2138 3187 2427 3246 obviamc

2459 3194 2538 3255 είς
2563 3192 2654 3243 τὸν
2690 3190 2829 3243 θεῖον
2862 3188 3122 3241 εἰσελθεῖν
3156 3189 3486 3259 βουληθέντα
3515 3189 3673 3252 νεὼν,
3722 3189 4047 3257 ὑπαντήσας

782 3277 1088 3347 procedens
1128 3286 1282 3331 extra
1320 3279 1691 3340 vestibulum,
1734 3279 1910 3332 sacris
1959 3278 2109 3331 illum
2149 3278 2356 3331 limini-

783 3371 887 3425 bus
916 3368 1104 3439 pedem
1140 3367 1343 3422 inferre
1372 3370 1467 3421 tali
1502 3374 1758 3422 oratione
1787 3370 1959 3423 vetuit
1992 3383 2004 3418 :
2046 3385 2063 3418 ι
2098 3368 2359 3437 lgnorare

783 3460 989 3513 videris
1009 3500 1022 3522 ,
1053 3473 1086 3513 o
1112 3459 1429 3529 imperator,
1459 3470 1683 3529 patratae
1707 3474 1736 3513 a
1769 3470 1819 3515 te
1850 3459 2017 3514 caedis
2045 3469 2253 3529 quanta
2288 3458 2360 3513 sit

784 3550 1145 3621 magnitudo,
1188 3565 1365 3617 neque
1411 3550 1591 3603 adhuc
1630 3560 1755 3620 post
1794 3550 2038 3605 sedatam
2083 3550 2216 3602 iram
2264 3548 2361 3602 ad-

787 3642 1018 3695 missum
1080 3640 1297 3694 facinus
1349 3641 1490 3694 ratio
1551 3640 1808 3709 pervidit.
1861 3637 1979 3693 Non
2032 3638 2166 3694 sinit
2215 3640 2359 3692 enim

788 3731 1024 3787 fortasse
1047 3731 1400 3801 imperatoria
1422 3739 1668 3800 potestas
1691 3739 1975 3801 peccatum
1999 3745 2358 3799 cognoscere,

788 3824 1100 3892 rationique
1131 3824 1392 3877 tenebras
1421 3823 1658 3877 offundit
1689 3824 2051 3892 principatus.
2085 3824 2153 3874 At
2178 3831 2361 3876 tamen

790 3925 1043 3968 naturam
1079 3923 1131 3967 te
1175 3929 1340 3968 nosse
1373 3928 1471 3983 par
1508 3923 1630 3979 est,
1665 3930 1832 3983 quam
1867 3914 2081 3982 fragilis
2116 3922 2169 3968 et
2216 3912 2361 3967 fluxa

789 4008 893 4071 sit,
930 4006 1245 4074 avitumque
1276 4005 1554 4074 pulverem
1579 4020 1647 4059 ex
1680 4019 1790 4074 quo
1817 4005 1922 4059 orti
1955 4019 2182 4070 sumus,
2222 4013 2276 4059 et
2308 4005 2362 4057 in

789 4114 953 4167 quem
984 4102 1000 4118 ‘
1037 4097 1385 4151 dilabimur:
1441 4113 1541 4151 nec
1599 4114 1856 4167 purpura:
1901 4097 2115 4166 fulgore
2164 4096 2364 4165 decep-

790 4196 929 4247 tum,
953 4186 1203 4255 corporis
1231 4186 1378 4256 quod
1400 4187 1491 4240 illa
1516 4188 1719 4253 tegitur
1746 4187 2180 4240 imbecillitatem
2207 4186 2363 4255 igno-

791 4292 939 4330 rare.
977 4275 1183 4329 Natura
1212 4276 1527 4344 conjunctis
1562 4276 1819 4345 princeps
1867 4277 2108 4344 imperas
2132 4315 2146 4337 ,
2200 4285 2366 4345 atque

792 4366 933 4418 adeo
958 4366 1266 4419 conservis.
1295 4363 1448 4418 Unus
1478 4366 1624 4418 enim
1658 4370 1909 4418 omnium
1945 4364 2062 4418 Rex
2090 4373 2144 4418 et
2176 4362 2365 4418 Domi-

794 4472 936 4515 nus,
968 4454 1237 4510 Conditor
1268 4455 1676 4508 universorum.
1723 4452 1940 4518 Quibus
1976 4454 2144 4523 igitur
2185 4453 2364 4508 oculis

794 4548 1105 4601 communis
1128 4544 1343 4599 Domini
1364 4546 1627 4614 templum
1660 4546 1937 4615 aspicies?
1971 4519 2176 4615 quibus
2210 4544 2360 4614 pedi-
2396 4519 2443 4575 D

795 4638 899 4692 bus
929 4651 1144 4691 sacrum
1182 4636 1315 4690 illud
1345 4637 1522 4690 solum
1558 4636 1799 4691 calcabis
1820 4637 1842 4689 ’ί
1863 4637 2141 4705 quomodo
2170 4650 2367 4691 manus

796 4728 1062 4783 extendes
1096 4726 1314 4797 injustas
1344 4728 1508 4783 caedis
1543 4728 1809 4798 sanguine
1840 4728 2020 4782 adhuc
2058 4727 2370 4783 stillantes?

798 4817 1071 4887 quomodo
1124 4818 1332 4889 1047
1392 4818 1707 4887 huiusmodi
1760 4819 2019 4873 manibus
2069 4833 2368 4873 sacrosan-

799 4918 947 4963 ctum
984 4907 1195 4961 Domini
1225 4923 1427 4978 corpus
1453 4910 1728 4979 accipies?
1753 4909 2030 4978 quomodo
2064 4910 2365 4978 pretiosum

800 4999 881 5052 ori
916 4999 1237 5069 sanguinem
1275 4998 1629 5064 admovebis,
1668 5001 1761 5069 qui
1806 4998 1993 5054 furore
2038 5009 2197 5054 actus
2247 5008 2368 5053 tan-

802 5098 914 5142 tum
948 5090 1233 5159 sanguinis
1264 5089 1475 5145 nefarie
1513 5090 1851 5160 prol‘udisti?
1906 5090 2120 5146 Recede
2172 5091 2364 5161 igitur,

800 5188 856 5233 et
895 5194 1028 5233 cave
1058 5181 1212 5249 prius
1242 5181 1454 5236 crimen
1502 5185 1675 5237 altero
1701 5183 1934 5236 crimine
1965 5197 2167 5251 augere
2199 5197 2368 5236 cone-

803 5271 881 5325 ris
935 5290 947 5324 :
1000 5272 1097 5325 sed
1133 5273 1412 5327 vinculum
1464 5273 1731 5340 admitte,
1766 5290 1875 5344 quo
1923 5283 1976 5329 te
2029 5276 2182 5345 ligari
2227 5275 2370 5330 Deus

801 5362 1043 5416 omnium
1077 5361 1342 5420 Dominus
1392 5380 1616 5421 sursum
1667 5367 1887 5435 probat.
1934 5366 2262 5422 Medicinam
2317 5366 2373 5419 id

2459 3283 2564 3348 ἔξω
2593 3282 2701 3333 τῶν
2732 3281 3042 3351 προθύρων,
3090 3281 3344 3351 ἐπιϐῆναι
3368 3280 3473 3332 τῶν
3500 3282 3659 3350 ἱερῶν
3688 3280 4045 3350 προπυλαίων

2456 3374 2636 3427 τοιάδε
2682 3372 2857 3441 λέγων
2903 3371 3203 3424 ἐκώλυσενο
3258 3392 3275 3423 ι
3314 3372 3426 3424 Οὑκ
3469 3367 3645 3436 οἶσθα,
3697 3372 3771 3435 ὠς
3802 3372 3971 3432 ἔοικε,
3999 3363 4046 3423 ὦ

2462 3464 2703 3537 βασιλεῦ.
2749 3464 2840 3532 τῆς
2891 3465 3263 3534 εἰργασμένης
3323 3465 3639 3533 μιαιφονίας
3682 3464 3740 3516 τὸ
3789 3464 4043 3533 μέγεθος,

2459 3562 2579 3613 οὑδὲ
2613 3561 2751 3630 μετὰ
2776 3560 2873 3630 τὴν
2901 3559 2995 3611 τοῦ
3026 3557 3200 3627 θυμοῦ
3232 3556 3445 3609 παῦλαν
3474 3558 3501 3607 6
3534 3555 3793 3622 λογισμὸς
3826 3557 4047 3621 ἐπέγνω

2459 3652 2522 3705 τὸ
2561 3650 2851 3720 τολμηθὲν.
2887 3650 3001 3703 Οὑκ
3024 3650 3089 3718 ἐᾷ
3122 3648 3227 3718 γὰρ
3268 3648 3394 3708 ἴσως
3428 3646 3524 3715 τῆς
3557 3644 3836 3713 βασιλείας
3886 3647 3918 3714 ή
3950 3643 4044 3696 δύ-

2462 3744 2686 3813 ναμις⁸⁷
2736 3742 3034 3810 ἐπιγνῶναι
3086 3741 3185 3809 τὴν
3228 3740 3525 3808 ἁμαρτίαν,
3570 3736 3685 3788 ἀλλ’
3719 3736 4049 3805 ἐπιπροσθεῖ

2464 3837 2495 3906 ἡ
2528 3833 2746 3898 ἐξουσία
2771 3833 2847 3904 τῷ
2877 3832 3140 3902 λογισμῷ.
3178 3830 3299 3901 Χρὴ
3350 3830 3528 3899 μέντοι
3575 3828 3770 3881 εἰδέναι
3794 3828 3892 3896 τὴν
3944 3826 4048 3895 φύ-

2465 3943 2571 3989 σιν,
2601 3924 2695 3977 καὶ
2739 3924 2800 3977 τὸ
2841 3924 3042 3993 ταύτης
3078 3922 3272 3990 θνητόν
3303 3938 3361 3973 τε
3392 3921 3488 3973 καὶ
3517 3919 3788 3990 διαρρέον.
3822 3920 3917 3971 καὶ
3952 3918 4046 3969 τίον

2462 4018 2727 4088 πρόγονον
2760 4015 2888 4084 χοῦν
2932 4016 2989 4079 ἐξ
3018 4009 3077 4067 οὑ
3124 4014 3448 4081 γεγόναμεν,
3507 4012 3597 4063 καί
3651 4012 3730 4072 είς
3779 4009 3837 4061 ὃν
3866 4010 4049 4080 ἀπορ-

2465 4103 2682 4173 ρέομεν,
2715 4102 2808 4153 καὶ
2852 4102 2927 4171 μὴ
2956 4101 3035 4170 τῷ
3064 4101 3213 4154 ἄνθει
3248 4100 3347 4169 τῆς
3394 4098 3705 4168 ἁλουργῖδος
3737 4097 4046 4150 ἀποϐουκοο

2465 4193 2725 4261 λούμενον
2754 4192 2816 4257 ¹⁶,
2851 4193 3062 4259 ἀγνοεῖν
3088 4190 3181 4243 τοῦ
3224 4189 3634 4259 καλυπτομένου
3662 4186 3913 4256 σώματος
3945 4188 4046 4257 τὴν

2463 4283 2768 4337 ἀσθένειαν.
2808 4280 3095 4351 Ὀμοφυῶν
3124 4282 3334 4351 ἄρχεις,
3364 4273 3410 4332 ὧ
3443 4278 3682 4348 βασιλεῦ,
3708 4280 3803 4331 καὶ
3845 4279 3946 4347 μὲν
3977 4279 4043 4349 δὴ

2463 4374 2557 4426 καὶ
2588 4372 2891 4444 ὁμοδούλων
2916 4386 2928 4400 ⁸
2975 4367 3055 4433 εἷς
3084 4372 3193 4442 γὰρ
3237 4372 3489 4425 ἁπάντων
3537 4370 3811 4437 Δεσπότης
3864 4371 3962 4422 καὶ
4016 4369 4047 4419 6

2466 4464 2750 4526 Βασιλεὺς,
2785 4463 2941 4515 ὁτῶν
2970 4461 3106 4515 ὅλων
3140 4460 3503 4529 Δημιουργός.
3537 4460 3715 4520 Ποίοις
3758 4459 3941 4510 τοίνυν
3992 4457 4049 4509 6-

2470 4555 2737 4624 φθαλμοῖς
2770 4553 2890 4621 ὄψει
2922 4552 3012 4604 τὸν
3045 4550 3137 4603 τοῦ
3178 4551 3354 4604 κοινοῦ
3387 4550 3655 4602 Δεσπότου
3675 4546 3841 4611 νεῶνς
3870 4549 4047 4609 ποίοις

2463 4646 2520 4699 δὲ
2550 4646 2677 4699 ποσὶ
2698 4645 2759 4697 τὸ
2778 4644 3003 4697 δάπεδον
3026 4645 3199 4696 ἐκεῖνο
3233 4645 3493 4711 πατήσεις
3522 4642 3581 4694 τὸ
3613 4641 3768 4708 ἅγιον
3793 4657 3808 4703 ;
3845 4641 3965 4701 πῶς
3989 4640 4047 4691 δὲ

2464 4737 2563 4800 τὰς
2608 4740 2797 4807 χεῖρας
2852 4737 3087 4798 ἐκτενεῖς
3133 4733 3549 4797 ἀποσταξούσας
3589 4732 3668 4784 ἔτι
3716 4731 3811 4783 τοῦ
3851 4732 4046 4783 ἀδίκου

2465 4828 2631 4897 φόνου
2658 4828 2718 4879 τὸ
2761 4822 2934 4896 stipa;
2960 4826 3077 4889 πῶς
3102 4827 3157 4878 δὲ
3189 4824 3469 4887 τοιαύταις
3496 4823 3728 4893 ὑποδέξῃ
3756 4822 3918 4893 χερσὶ
3950 4821 4048 4874 τοῦ

2468 4919 2738 4971 Δεσπότου
2788 4917 2851 4969 τὸ
2883 4917 3146 4984 πανὰγιον
3198 4916 3389 4982 σῶμα;
3439 4915 3554 4977 πῶς
3593 4914 3648 4967 δὲ
3684 4914 3762 4982 τῷ
3812 4914 4049 4983 στόματι

2468 5009 2780 5079 προσοίσεις
2810 5007 2872 5059 τὸ
2895 5002 3032 5077 αἷμα
3061 5007 3122 5059 τὸ
3161 5008 3361 5075 τίμιον,
3390 5005 3640 5058 τοσοῦτον
3674 5003 3763 5056 διὰ
3808 5003 3903 5056 τὸν
3953 5003 4051 5056 τοῦ

2469 5098 2643 5168 θυμοῦ
2665 5098 2821 5166 λόγον
2845 5099 3038 5168 ἐκχέας
3062 5097 3394 5167 παρανόμως
3423 5091 3594 5165 alia;
3622 5093 3812 5147 ’Δπιθι
3837 5095 4052 5158 τοίνυν,

2470 5190 2565 5242 καὶ
2606 5190 2679 5259 μὴ
2727 5189 2901 5259 πειρῶ
2941 5193 3053 5251 τοῖς
3101 5189 3371 5257 δευτέροις
3413 5189 3511 5258 τὴν
3547 5185 3819 5257 προτέραν
3858 5184 4055 5247 αὑξειν

2472 5280 2842 5350 παρανομίαν,
2882 5281 2976 5334 καὶ
3005 5280 3159 5350 δέχου
3202 5280 3291 5332 τὸν
3338 5278 3534 5348 δεσμὸν
3564 5270 3609 5344 ᾧ
3634 5280 3661 5330 6
3685 5276 3817 5338 Θεὸς
3860 5278 3892 5328 6
3938 5277 4060 5327 τῶν

2471 5374 2610 5426 ὅλων
2631 5374 2908 5442 Δεσπότης
2954 5372 3158 5427 ἄνωθεν
3187 5373 3398 5440 γίνεται
3428 5369 3733 5441 σύμψηφος.
3784 5365 4061 5434 Ἰατρικὸς

2115 5525 2351 5579 VARIAE
2387 5526 2773 5584 LECTIONES

874 5617 917 5692 ‘_‘
941 5620 1323 5692 γεγενημένων
1368 5619 1577 5692 addunt
1607 5628 1819 5676 caetera:
1865 5621 2024 5692 editt.
2060 5618 2135 5674 Ea
2164 5636 2287 5689 qua:
2332 5631 2640 5690 sequuntur
2682 5641 2695 5675 :
2739 5624 2833 5676 καὶ
2873 5622 3021 5692 περί.
3054 5629 3164 5675 etc.
3212 5638 3355 5692 novo
3391 5620 3573 5692 capiti
3616 5620 3775 5689 paulo
3815 5618 4064 5692 inferius

803 5686 1056 5761 inchoato
1088 5686 1740 5761 ascriptajeperiuntur.
1798 5692 1840 5721 ¹⁶
1875 5690 1982 5743 τῶν
2008 5692 2156 5745 addit
2183 5686 2355 5746 Basil.
2397 5686 2491 5745 Gr.
2529 5694 2568 5722 "
2604 5694 2636 5761 ἡ
2667 5686 2973 5757 δυναστεία,
3010 5692 3174 5745 Basil.
3221 5690 3341 5756 Gr.,
3389 5686 3629 5761 Niceph;
3659 5692 3693 5744 I.
3722 5706 3771 5743 c.
3828 5690 3870 5722 ¹⁸
3914 5690 4065 5743 ἁπο-

802 5755 1087 5827 ῦουκολόμ.
1128 5755 1290 5813 Bssil.
1322 5758 1417 5813 Gr.
