4218 6456
208 408 345 472 ῙΞῙΠ

1228 400 1819 463 ECCLESIASTICE
1878 397 2261 459 HISTORIE
2314 399 2461 458 LIB.
2510 399 2579 459 V.

3322 388 3453 458 191R

202 519 259 571 δὲ
293 513 465 580 οὗτος,
511 513 605 570 καὶ
655 514 905 585 πρόξενος
950 514 1177 583 ὑγιεὲας.
1224 535 1242 565 ι
1279 516 1497 579 Τούτοις
1547 515 1695 579 είξας
1748 516 1776 566 6
1806 518 1850 573 Α

1806 518 1850 573 Α
1882 514 2080 578 I‘aeiet,
2128 514 2535 579 sanitatemque
2585 508 2862 563 restituet.
2925 528 2953 560 re
2996 506 3092 563 His
3141 506 3325 561 verbis
3376 508 3453 559 in-

205 608 459 679 βασιλεὺς
507 609 620 668 τοῖς
655 606 854 673 λόγοις,
899 608 1010 669 τοῖς
1042 605 1151 676 γὰρ
1181 605 1343 668 θείοις
1391 606 1589 673 λογίοις
1628 607 1777 657 ἐντε-

204 699 518 769 θραμμένος
545 698 658 768 ᾔδει
690 696 875 764 σαφῶς
906 695 1023 749 τίνα
1061 696 1158 765 μὲν
1190 696 1295 749 τῶν
1330 697 1541 766 ἱερέων,
1572 695 1691 749 τίνα
1721 697 1777 749 δὲ

200 790 313 842 τῶν
370 789 634 858 βασιλέων
680 788 807 849 ἴδια,
838 788 1037 841 στένων
1066 788 1161 839 καὶ
1193 788 1444 857 δακρύων
1476 787 1777 856 ἐπανῆλθεν

204 883 283 943 εἰς
324 880 394 932 τὰ
426 879 688 947 βασίλεια.
724 879 931 947 Χρόνου
956 878 1013 930 δὲ
1050 878 1244 947 συχνοῦ
1292 878 1607 941 διελθόντος,
1636 879 1778 931 ὀκτὼ

203 972 314 1041 γὰρ
351 969 710 1039 ἀναλώθησαν
758 970 944 1038 μῆνες,
992 968 1290 1021 κατέλαϐεν
1332 970 1365 1038 ή
1399 968 1492 1021 τοῦ
1529 969 1779 1038 Σωτῆρος

201 1061 366 1129 ἡμῶν
402 1061 669 1127 γενέθλιος
706 1061 865 1127 ἑορτή
889 1077 900 1090 ·
956 1060 983 1110 6
1013 1058 1069 1110 δὲ
1102 1058 1353 1127 βασιλεὺς
1386 1061 1444 1110 ὲν
1470 1061 1582 1121 τοῖς
1623 1058 1778 1127 βασι-

202 1151 372 1214 λείοις
388 1153 431 1182 ¹⁹
454 1152 715 1219 καθῆστο,
737 1150 832 1219 τὴν
850 1148 956 1201 τῶν
972 1149 1220 1218 δακρύων
1242 1150 1547 1203 ἀναλίσκων
1564 1151 1775 1204 λιϐάδα.

204 1244 379 1297 Τοῦτο
400 1243 729 1311 θεασάμενος
767 1242 1062 1309 Ῥουφῖνος,
1087 1242 1385 1312 μάγιστρος
1408 1242 1461 1295 δὲ
1484 1243 1782 1313 τηνικαῦτα

202 1333 292 1407 ἦν,
322 1339 414 1389 καὶ
445 1336 640 1406 πολλῆς
675 1342 887 1407 μετεῖχε
905 1339 950 1370 ³ο
983 1337 1309 1408 παρρησίας,
1343 1338 1437 1391 ἆτε
1460 1338 1523 1408 δὴ
1558 1337 1782 1407 συνηθέ-

208 1445 297 1481 στε
309 1446 401 1499 ρος
424 1428 518 1493 ῶν,
554 1428 866 1506 προσελθὼν
898 1430 1062 1499 ἤρετο
1092 1430 1196 1480 τῶν
1224 1428 1473 1498 δακρύων
1495 1430 1555 1481 τὸ
1585 1431 1779 1483 αἴτιον.

214 1522 277 1574 Ὀ
332 1522 387 1573 δὲ
441 1518 651 1588 πικρῶς
692 1518 841 1590 [ﬁl]
895 1518 1220 1588 ἀνοιμώξας,
1281 1520 1373 1575 καὶ
1422 1520 1782 1590 σιξοδρότερον

205 1612 448 1682 προχέας
481 1612 542 1663 τὸ
568 1611 827 1678 δάκρυον·
879 1630 896 1661 ι
934 1612 1004 1662 Σὺ
1031 1612 1148 1679 μὲν,
1181 1613 1305 1681 ἔψη,
1357 1611 1620 1679 Ῥουερῖ-ιε,
1661 1612 1784 1665 παί-

202 1702 343 1766 ζεις,
377 1703 487 1754 τῶν
517 1702 623 1770 γὰρ
653 1701 801 1770 ὲμῶν
839 1703 938 1753 οὐκ
968 1702 1270 1771 ὲπαισθάνῃ
1328 1702 1541 1754 κακῶν·
1576 1702 1686 1769 ἐγὼ
1727 1702 1784 1755 δὲ

204 1794 379 1846 στένω
412 1795 505 1845 καὶ
536 1792 867 1862 ὀλοφύρομαι
897 1793 995 1861 τὴν
1027 1792 1265 1863 ἐμαυτοῦ
1306 1793 1591 1863 συμφορὰν
1634 1794 1782 1861 λογι-

200 1886 455 1953 ξάμενος,
489 1884 562 1947 ὡς
592 1886 705 1946 τοῖς
757 1885 855 1953 μὲν
887 1884 1124 1945 οἰκέταις
1174 1884 1264 1935 καὶ
1302 1887 1415 1946 τοῖς
1458 1884 1778 1954 προσαίταις

200 1976 393 2036 ἄνετος
425 1976 453 2026 6
481 1973 621 2037 θεῖος
652 1974 808 2036 νεὼς,
841 1977 933 2027 καὶ
965 1976 1193 2027 εἰσίασιν
1236 1975 1425 2038 ἀδεῶς,
1453 1976 1548 2027 καὶ
1576 1974 1666 2027 τὸν
1700 1977 1776 2027 οί-

201 2068 352 2117 κείον
383 2064 749 2119 ἀντιϐολοῦσιν
776 2066 1069 2135 Δεσπότην,
1105 2068 1226 2134 ἐμοὶ
1258 2066 1313 2118 δὲ
1345 2067 1438 2119 καὶ
1464 2062 1615 2129 οὗτος
1645 2066 1773 2120 ἀϐα-

198 2174 315 2219 τος,
360 2160 453 2209 καὶ
487 2158 625 2227 πρὸς
655 2157 827 2225 τούτῳ
865 2175 955 2227 μοι
1004 2159 1032 2210 6
1075 2158 1298 2228 οὐρανὸς
1336 2158 1774 2211 ἀποκέκλεισται.

198 2247 506 2316 Μέμνημαι
539 2247 645 2315 γὰρ
676 2248 772 2317 τῆς
814 2248 1147 2315 Δεσποτικῆς
1178 2248 1379 2317 φωνῆς,
1412 2249 1445 2317 ἡ
1480 2248 1777 2317 διαρρήδην

200 2340 371 2407 φησίν
395 2356 409 2368 ·
461 2357 479 2389 ι
520 2341 585 2391 '0
615 2339 708 2391 ἐὰν
742 2340 934 2410 δήσητε
970 2340 1062 2391 ἐπὶ
1091 2341 1188 2409 τῆς
1221 2342 1341 2410 γῆς,
1374 2339 1525 2392 ἔσται
1562 2339 1779 2407 δεδεμέ-

200 2447 291 2482 νον
327 2432 385 2481 ὲν
412 2433 522 2492 τοῖς
556 2432 823 2500 οὐρανοῖς.
866 2450 883 2480 ι
924 2431 983 2483 Ὀ
1011 2430 1095 2482 δέ·
1136 2449 1153 2480 ι
1199 2429 1543 2500 Δραμοῦμαι,
1578 2428 1703 2498 ἔφη,
1731 2428 1785 2480 εἴ

201 2538 285 2575 σοι
319 2522 484 2583 δοκεῖ,
525 2522 619 2574 καὶ
654 2523 742 2574 τὸν
772 2522 1032 2593 ἀρχιερέα
1086 2522 1258 2575 πείσω
1285 2522 1593 2592 λιπαρήσας
1621 2520 1778 2573 λῦσαί

201 2631 297 2667 σου
328 2617 376 2645 ’³
407 2615 474 2667 τὰ
520 2614 711 2683 δεσμά.
779 2632 797 2666 ι
858 2634 875 2666 ι
903 2616 976 2667 Οὐ
1009 2615 1276 2678 πείσεται,
1309 2613 1411 2684 ἔφη
1439 2615 1467 2667 6
1506 2612 1775 2683 βασιλεύς.

200 2700 337 2758 Οἶδα
380 2706 487 2776 γάρ
529 2705 641 2774 ἐγὼ
692 2706 791 2776 τῆς
852 2705 1176 2776 Ἀμϐροσίου
1226 2706 1406 2774 ψήφου
1451 2705 1512 2758 τὸ
1550 2705 1777 2770 δίκαιον,

198 2798 325 2850 οὐδὲ
360 2797 624 2861 αἰδεσθεὶς
673 2800 767 2867 τῆς
801 2797 1076 2867 βασιλείας
1113 2797 1213 2868 τὴν
1252 2798 1498 2862 ἐξουσίαν
1520 2799 1610 2851 τὸν
1640 2798 1781 2851 θεῖον

202 2889 588 2958 παραϐήσεται
612 2888 792 2958 νόμον.
828 2907 845 2939 ι
884 2888 1101 2959 Ἐπειδὴ
1123 2888 1178 2942 δὲ
1206 2889 1410 2942 πλείοσι
1439 2890 1783 2960 χρησάμενος

200 2980 230 3031 ὁ
270 2978 552 3045 Ῥουςῖνος
587 2979 762 3046 λόγοις
789 2980 993 3033 πείθειν
1026 2980 1289 3048 ὑπέσχετο
1315 2980 1405 3033 τὸν
1438 2982 1779 3051 Ἀμϐρόσιον,

203 3068 464 3122 ἀπελθεῖν
507 3070 667 3123 αὐτὸν
712 3073 740 3123 6
792 3070 1043 3139 βασιλεὺς
1086 3072 1227 3123 κατά
1271 3072 1437 3140 τάχος
1494 3073 1777 3124 ἐκέλευσε·

202 3162 300 3213 καὶ
333 3161 497 3223 αὐτὸς
524 3160 600 3224 δὲ,
635 3161 740 3214 ὑπὸ
784 3161 884 3231 τῆς
918 3162 1130 3223 ἐλπίδος
1157 3162 1522 3233 βουκοληϐεὶς,
1557 3163 1781 3230 ἠκολού-

206 3252 342 3321 θησε
405 3253 541 3314 μετὰ
597 3252 790 3321 βραχὺ,
830 3256 947 3316 ταῖς
986 3255 1312 3323 ὑποσχέσεσι
1360 3254 1455 3307 τοῦ
1500 3255 1783 3324 Ῥουφίνου

205 3340 455 3404 πεισθείς
475 3342 540 3394 ³³.
594 3342 800 3393 Αὐτίκα
847 3342 903 3393 δὲ
958 3343 1047 3394 τὸν
1116 3345 1394 3411 Ῥουφῖνον
1428 3345 1548 3396 ἰδὼν
1578 3349 1604 3398 6
1644 3346 1785 3409 θεῖος

218 3431 575 3501 ’Λμϐρόσιοςο
612 3450 630 3483 ι
668 3433 776 3499 Τὴν
806 3433 914 3486 τῶν
942 3433 1119 3485 κυνῶν
1148 3435 1446 3496 ἀναίδειαν,
1467 3436 1591 3505 ἔφη,
1631 3437 1784 3489 Ῥου-

203 3524 348 3587 φῖνε,
396 3523 594 3590 ζηλοῖς.
640 3522 922 3592 Τοσαύτης
966 3526 1073 3595 γὰρ
1129 3527 1438 3595 μιαιφονίας
1497 3529 1785 3599 γενόμενος

205 3612 535 3682 σύμϐουλος,
583 3614 681 3682 τὴν
730 3613 862 3665 αίδὼ
893 3614 1000 3666 τῶν
1051 3614 1317 3684 μετώπων
1359 3618 1657 3681 ἀπέξυσας,
1693 3622 1784 3670 καὶ

204 3700 330 3754 οὔτε
362 3702 639 3771 ἐρυθριᾷς,
669 3702 791 3755 οὔτε
823 3702 1021 3766 δέδιας,
1053 3704 1307 3758 τοσοῦτον
1342 3707 1481 3758 κατὰ.
1509 3708 1603 3776 τῆς
1635 3707 1785 3770 θείας

206 3790 479 3860 λυττήσας
519 3794 743 3855 εἰκόνος.
784 3813 801 3841 ι
844 3794 1058 3861 Ἐπειδὴ
1095 3795 1151 3847 δὲ
1198 3798 1225 3848 6
1270 3797 1544 3863 Ῥουφῖνος
1572 3800 1782 3867 ἠντιϐό-

203 3882 309 3939 λει.
335 3885 428 3935 καὶ
452 3885 543 3935 τὸν
566 3882 787 3952 βασιλέα
812 3883 991 3950 ἔλεγεν
1012 3886 1185 3954 ἥξειν,
1211 3888 1314 3939 ὑπὸ
1335 3887 1427 3939 τοῦ
1454 3888 1596 3940 θείου
1621 3889 1783 3959 ζήλου

207 3975 583 4042 πυρποληθεὶς
656 3975 978 4043 ’Δμϐρὸσιος
1037 3978 1065 4028 6
1121 3977 1437 4040 θεσπέσιος·
1510 3998 1527 4029 ι
1611 3980 1782 4047 Ἐγὼ,

205 4064 313 4133 ἔφη
331 4064 398 4124 ’⁸,
428 4060 472 4117 ὦ
526 4066 793 4131 Ῥουφῖνε,
847 4066 1095 4135 προλέγω
1122 4068 1195 4129 ὡς
1227 4069 1454 4121 κωλύσω
1481 4070 1589 4121 τῶν
1620 4071 1782 4140 ἱερῶν

203 4158 368 4208 αὑτὸν
396 4157 649 4225 ἐπιϐῆναι
673 4160 715 4188 ’⁸
751 4157 1053 4229 προθὺρων.
1086 4159 1146 4210 Εἰ
1177 4159 1231 4211 δὲ
1263 4162 1340 4223 εἰς
1369 4162 1655 4230 τυραννίδα
1685 4162 1782 4231 τὴν

211 4248 492 4319 βασιλείαν
536 4250 842 4317 μεθίστησι,
872 4250 1093 4320 δέξομαι
1124 4252 1280 4318 κάγὼ
1316 4252 1431 4319 μεθ’
1462 4254 1653 4323 ἡδονῆς
1684 4255 1782 4324 τὴν

210 4341 450 4408 σφαγήν.
487 4360 504 4390 ι
539 4340 754 4391 Τούτων
777 4344 804 4392 6
845 4342 1120 4409 Ῥουςρϊνος
1148 4341 1404 4405 ἀκούσας,
1434 4346 1668 4413 ἐμήνυσε
1696 4345 1784 4399 διά

204 4446 350 4493 τινος
385 4430 462 4500 τῷ
516 4430 721 4498 βασιλεῖ
756 4432 845 4482 τὸν
882 4432 977 4486 τοῦ
1012 4435 1440 4503 ἀρχιεπισκὸπου
1463 4435 1508 4466 ’⁸
1559 4438 1778 4501 σκοπὸν,

1879 602 2052 656 ﬂexus
2100 602 2400 671 imperator
2458 598 2535 663 (in
2564 596 2769 653 divinis
2822 600 2968 652 enim
3029 598 3269 669 eloquiis
3320 597 3456 652 edu-

1877 700 2035 745 catus
2064 693 2310 762 apprime
2348 697 2525 753 norat,
2556 701 2805 758 quaenam
2853 691 3204 745 sacerdotum
3264 696 3455 742 essent

1878 791 2104 849 partes,
2165 792 2218 834 et
2273 795 2524 850 quamam
2582 779 3038 849 imperatorum),
3075 795 3202 833 cum
3250 778 3455 849 gemitu

1877 883 1931 926 et
1997 874 2253 943 lacrymis
2339 870 2500 923 rediit
2566 871 2619 923 in
2681 871 2961 938 palatium.
3024 869 3211 939 Longo
3271 878 3453 923 autem

1878 972 2002 1033 post
2055 974 2333 1031 tempore,
2394 970 2520 1014 octo
2578 962 2861 1017 mensibus
2912 962 3266 1031 interlapsis,
3322 960 3453 1015 Ser-

1879 1054 2083 1107 vatoris
2121 1053 2292 1106 nostri
2332 1052 2530 1105 natalis
2584 1051 2703 1105 dies
2733 1051 3065 1119 advenerat,
3105 1061 3160 1107 et
3218 1052 3457 1120 impera-

1880 1152 1963 1195 tor
2016 1144 2067 1195 iu
2123 1143 2327 1211 palatio
2379 1142 2654 1195 residebat
2710 1157 2961 1209 magnam
3012 1144 3121 1196 vim
3165 1142 3457 1197 ell'undens

1882 1235 2270 1305 Iacrymarum.
2315 1234 2471 1297 Quod
2507 1248 2631 1287 cum
2668 1232 3151 1289 animadvertisset
3185 1233 3456 1297 Rulinus,

1880 1332 1971 1399 qui
2000 1333 2263 1399 magister
2294 1330 2598 1385 ciliciorum
2642 1341 2771 1385 tunc
2794 1340 2938 1397 erat,
2969 1340 3023 1387 et
3048 1346 3260 1386 summa
3288 1332 3455 1385 liber-

1881 1432 1993 1476 tate
2052 1433 2110 1477 ut
2173 1424 2641 1482 familiarissimus
2697 1431 2980 1492 utebatur,
3037 1430 3215 1498 ipsum
3268 1427 3459 1483 adiens

1883 1531 2107 1569 causam
2138 1516 2293 1571 lletns
2328 1526 2705 1587 percontetur.
2746 1523 2815 1574 At
2850 1522 2940 1576 ille
2963 1520 3344 1575 vehementius
3376 1519 3459 1572 in-

1884 1609 2228 1678 gemiscens,
2285 1619 2337 1662 et
2369 1611 2654 1666 uberiores
2690 1611 2744 1665 in
2797 1612 3067 1682 lacrymas
3116 1624 3410 1679 erumpens
3444 1628 3456 1661 :

1889 1719 1907 1751 c
1954 1701 2157 1765 Ludis,
2190 1702 2403 1771 inquit,
2441 1712 2497 1756 tu
2524 1743 2537 1765 ,
2575 1702 2805 1766 Ruﬁne,
2842 1717 2957 1757 mea
2987 1703 3133 1757 enim
3169 1700 3311 1754 mala
3352 1714 3461 1753 non

1886 1796 2060 1848 Sentis
2107 1811 2119 1847 :
2160 1809 2260 1863 ego
2292 1812 2420 1849 vero
2460 1811 2619 1865 gemo
2662 1805 2716 1849 et
2757 1797 2950 1863 lugeo,
2996 1810 3171 1849 meam
3209 1793 3461 1849 conside-

1886 1899 2015 1937 rans
2049 1885 2450 1947 calamitatem,
2484 1886 2630 1954 quod
2666 1888 2843 1939 servis
2868 1895 2922 1939 et
2970 1886 3239 1940 mendicis
3278 1885 3344 1937 ad
3378 1884 3461 1937 di-

1888 1975 2071 2026 vinum
2105 1976 2367 2042 templum
2416 1984 2597 2043 pateat
2629 1976 2815 2030 aditus
2838 2015 2852 2037 ,
2890 1976 3208 2046 intrentque
3240 1975 3458 2039 securi,

1885 2074 1937 2118 et
1970 2065 2202 2118 Domino
2249 2081 2351 2121 suo
2396 2067 2707 2135 supplicent
2741 2086 2753 2120 :
2793 2068 2924 2121 mihi
2973 2082 3100 2121 vero
3129 2079 3183 2121 et
3217 2067 3463 2120 inacccs-

1886 2172 2007 2210 sum
2036 2158 2167 2210 illud
2194 2158 2299 2220 sit,
2333 2165 2387 2211 et
2417 2160 2614 2211 coelum
2644 2160 2870 2227 insuper
2897 2158 3198 2213 occlusum.
3241 2157 3459 2212 Memini

1885 2250 2029 2303 enim
2083 2249 2419 2304 Dominicam
2469 2253 2843 2305 sententiam:
2902 2252 3280 2321 Quodcunque
3329 2249 3461 2318 liga-

1887 2342 2076 2395 veritis
2128 2357 2293 2411 super
2345 2350 2587 2407 terram,
2637 2343 2742 2395 erit
2772 2341 2997 2413 ligatum
3034 2353 3082 2395 et
3113 2344 3167 2393 in
3221 2340 3393 2396 cmlis.
3436 2359 3455 2391 ι

1886 2432 1983 2485 Cui
2020 2432 2289 2489 Ruﬁnus:
2327 2453 2345 2483 σ
2376 2435 2636 2498 Curram,
2672 2434 2715 2487 si
2749 2435 2955 2502 placet,
2992 2434 3055 2486 ad
3094 2432 3306 2504 1048
3328 2447 3463 2501 pon-

1886 2528 2121 2591 tiﬁcem,
2173 2539 2227 2580 et
2262 2527 2521 2595 precibus
2569 2526 2839 2580 adducam
2897 2534 2951 2579 ut
3009 2532 3187 2581 solvat
3236 2524 3453 2578 vincula

1886 2615 2263 2672 tuan—«Non
2301 2618 2569 2681 ﬂectetur,
2610 2618 3022 2688 aitimperator.
3057 2617 3192 2670 Nota
3219 2624 3305 2674 est
3330 2616 3459 2669 mihi

1886 2709 2119 2777 aequitas
2152 2711 2439 2763 sentcntiae
2463 2709 2739 2763 Ambrosii
2767 2749 2781 2771 ,
2824 2724 3003 2777 neque
3034 2708 3123 2762 ille
3156 2707 3460 2761 reverentia

1889 2802 2254 2869 imperatoriae
2290 2800 2579 2868 potestatis
2618 2799 2859 2854 divinam
2902 2812 3351 2867 transgressurus
3379 2809 3463 2853 est

1888 2891 2083 2959 legem.
2129 2909 2147 2941 ι
2192 2888 2297 2944 Sed
2332 2892 2573 2944 instante
2612 2890 2800 2944 multis
2852 2890 3034 2944 verbis
3058 2889 3291 2952 Ruﬁno,
3342 2893 3357 2911 ‘
3408 2897 3461 2942 et

1888 2984 2195 3051 Spondcute
2256 2998 2313 3035 se
2373 2997 2771 3052 persuasurum
2836 2982 3169 3046 Ambrosio,
3231 2995 3463 3049 pr0pere

1889 3075 2039 3127 abire
2072 3075 2221 3127 illum
2251 3074 2407 3143 jubet
2443 3076 2766 3143 imperator,
2796 3085 2959 3144 atque
2991 3075 3140 3141 ipse,
3194 3072 3329 3127 falsa
3370 3088 3464 3140 spe

1890 3164 2177 3225 inductus,
2225 3165 2389 3233 paulo
2422 3174 2545 3234 pust
2575 3174 2802 3219 secutus
2841 3173 2959 3227 est,
3001 3161 3185 3217 Ruﬁni
3229 3163 3463 3233 promis-

1889 3254 1968 3309 sis
2000 3256 2263 3308 conﬁsus.
2302 3253 2479 3308 Simul
2511 3266 2694 3308 autern
2750 3264 2808 3309 ut
2844 3254 3101 3308 Ruﬁnum
3143 3253 3283 3307 vidit
3326 3254 3464 3306 divi-

1890 3360 1993 3397 nus
2028 3346 2401 3400 Ambrosius:
2445 3362 2463 3395 ι
2507 3345 2748 3410 Canum,
2809 3345 3025 3413 inquit,
3069 3343 3461 3412 impudentiam

1887 3434 2165 3487 aemularis
2188 3474 2201 3495 ,
2235 3432 2451 3487 Ruﬁne.
2483 3432 2675 3486 Tanta:
2718 3434 2866 3498 enim
2915 3432 3081 3486 caedis
3110 3430 3464 3485 consiliarius

1888 3527 2151 3594 pudorem
2183 3526 2251 3579 de
2277 3524 2453 3578 fronte
2480 3523 2792 3579 abstersisti
2821 3563 2835 3587 ,
2862 3532 2915 3579 ct
2947 3538 3124 3593 neque
3153 3522 3461 3585 erubescis,

1886 3634 2066 3687 neque
2090 3617 2354 3671 formidas
2381 3623 2503 3686 post
2526 3623 2733 3669 tantam
2761 3616 3031 3669 adversus
3050 3614 3296 3666 divinam
3328 3613 3462 3665 ima-

1887 3709 2064 3775 ginem
2107 3705 2400 3759 admissam
2436 3704 2666 3758 rabiem.
2707 3721 2725 3754 ι
2763 3702 3012 3769 Cumque
3053 3714 3246 3769 preces
3302 3697 3462 3753 adhi—

1887 3798 2038 3851 beret
2080 3794 2345 3857 Ruﬁnus,
2381 3801 2433 3847 et
2488 3794 2872 3861 imperatorem
2937 3788 3089 3843 brevi
3144 3787 3461 3841 adfuturum

1886 3887 2132 3946 diceret,
2156 3884 2274 3938 zelo
2300 3883 2488 3935 divino
2516 3896 2823 3935 succensus
2849 3887 3077 3934 sanctus
3105 3877 3458 3931 Ambrosius:

1892 3997 1910 4029 ι
1960 3980 2028 4030 At
2059 3992 2195 4047 ego,
2244 3975 2461 4044 inquit,
2498 3974 2730 4037 Ruﬁne,
2782 3973 3021 4041 pra-dico
3054 3970 3459 4041 prohibiturum

1887 4086 1971 4125 nte
2012 4070 2161 4122 illum
2191 4082 2475 4121 sacrorum
2504 4067 2752 4119 liminum
2786 4068 3066 4133 ingressu.
3102 4061 3256 4128 Quod
3286 4063 3329 4115 si
3363 4061 3459 4113 itn-

1886 4163 2096 4232 perium
2133 4159 2355 4212 mutarit
2392 4158 2445 4210 in
2490 4155 2875 4228 tyrannidem,
2921 4170 3044 4207 cuin
3092 4154 3379 4222 voluptate.
3408 4159 3461 4204 et

1883 4270 1983 4322 ego
2012 4251 2213 4305 caedem
2244 4251 2537 4319 excipiam.
2569 4269 2588 4299 ›
2620 4248 2717 4302 llis
2769 4247 3009 4309 auditis,
3047 4245 3281 4299 Ruﬁnus
3324 4260 3462 4314 pon-

1886 4345 2048 4397 tilicis
2090 4342 2384 4395 consilium
2429 4340 2745 4408 imperatori
2792 4353 2885 4407 pcr
2927 4337 3326 4389 internuntium
3381 4333 3459 4387 si-

1885 4434 2182 4505 gniﬁcavit,
2205 4434 2488 4499 suasitque
2512 4441 2566 4482 ut
2604 4433 2747 4483 intra
2766 4431 3027 4498 palatium
3051 4444 3109 4481 se
3130 4427 3458 4480 contineret.

204 4523 304 4573 καὶ
341 4521 524 4589 μένειν
555 4520 686 4572 εἴσω
713 4521 820 4573 τῶν
845 4521 1130 4590 βασιλείων
1159 4526 1482 4595 παρῄνεσεν.
1520 4528 1576 4578 '0
1601 4527 1655 4578 δὲ
1687 4528 1781 4596 βα·
1814 4537 1857 4591 D

1814 4537 1857 4591 ο
1889 4523 1990 4574 Sed
2018 4523 2329 4591 imperator,
2361 4535 2484 4572 cum
2526 4519 2639 4573 haec
2681 4520 2862 4572 medio
2900 4520 2952 4570 in
2982 4518 3099 4570 foro
3140 4517 3453 4569 didit-isset:

206 4612 417 4673 σιλεὺς.
474 4613 614 4663 κατά
678 4613 850 4682 μέσην
894 4614 995 4682 τὴν
1046 4616 1253 4685 ἀγορὰν
1326 4617 1497 4669 ταῦτα
1554 4620 1781 4687 μαθών·

214 4720 235 4754 ι
276 4705 527 4771 ’Ᾱπειμι,
572 4703 698 4769 ἔφη,
730 4705 825 4755 καὶ
853 4705 893 4735 ³⁷
943 4707 1040 4765 τὰς
1081 4708 1292 4771 δικαίας
1329 4710 1547 4779 δέξομαι
1594 4728 1783 4777 παροι-

206 4791 353 4855 νίας.
396 4810 415 4841 ι
459 4793 677 4862 Ἐπειδὴ
724 4794 781 4845 δὲ
826 4796 951 4858 τοὺς
980 4798 1157 4866 ἱεροὺς
1188 4799 1505 4868 περιϐόλους
1553 4802 1783 4853 κατέλα-

208 4886 326 4944 ϐεν,
356 4887 436 4941 εἰς
483 4885 582 4954 μὲν
612 4886 700 4937 τδν
728 4886 870 4939 θεῖον
909 4890 1008 4941 οὐκ
1036 4890 1347 4960 εἰσελήλυθε
1377 4894 1421 4922 ³⁸
1452 4892 1585 4944 νεών
1606 4910 1617 4921 ·
1650 4893 1784 4962 πρὸς

206 4975 268 5030 δὲ
317 4976 411 5028 τὸν
463 4977 723 5048 ἀρχιερέα
768 4981 1241 5050 παραγενόμενος,
1290 4984 1345 5034 ἐν
1384 4984 1439 5036 δὲ
1480 4984 1555 5053 τῷ
1606 4985 1784 5035 ἀσπα-

288 5149 528 5204 ὗόιειιιιι.
568 5168 721 5214 κνιιι,
754 5153 837 5205 l3.

1891 4636 1907 4666 ι
1943 4616 2067 4678 Ibo,
2125 4615 2337 4681 inquit,
2387 4624 2438 4666 et
2481 4614 2659 4680 justas
2702 4612 3068 4665 contunielias
3106 4608 3395 4679 perierant.
3436 4627 3453 4659 ι

1885 4709 2020 4759 Cum
2044 4717 2225 4760 autem
2256 4704 2321 4757 ad
2353 4720 2516 4759 sacra
2545 4714 2695 4773 septa
2726 4704 3097 4773 pervenisset,
3125 4702 3177 4754 in
3213 4700 3459 4753 divinum

1887 4802 2143 4866 templum
2177 4813 2283 4850 non
2328 4806 2412 4850 est
2443 4798 2724 4867 ingressus
2748 4836 2761 4858 ,
2804 4796 2895 4849 sed
2939 4793 3005 4845 ad
3050 4792 3358 4861 pontiﬁcem
3390 4791 3445 4843 in

1886 4889 2211 4944 Salutatorio
2231 4887 2557 4940 residentem
2582 4887 2869 4950 accedens,
2893 4892 2951 4937 ut
2973 4900 2991 4933 \
3008 4882 3461 4937 inculissolvere-

1893 4990 1980 5034 tur
2002 4979 2351 5035 obsecrabat.
2378 4977 2471 5032 Ille
2501 4994 2627 5032 vero
2654 4977 3002 5048 tyrannicum
3024 4976 3145 5044 ejus
3167 4974 3458 5028 adventum

1507 5270 1737 5325 \‘AerE
1774 5270 2168 5327 LECTIUNl-ZS.

284 5434 329 5465 "
366 5434 596 5502 ὀλοφυρό

604 5450 759 5503 μενος
800 5434 1007 5489 addunt
1047 5433 1212 5489 Basil.
1246 5432 1337 5487 Gr.
1374 5442 1427 5487 et
1459 5434 1795 5493 Stcoltanici.
1856 5436 2090 5501 itemque
2135 5432 2488 5500 Nicephorus.
2544 5432 2866 5503 Ὀλοςςύργετο
2908 5430 3000 5503 καὶ
3060 5430 3299 5499 καθῆστο
3337 5430 3455 5503 Pini

207 5502 403 5555 codex.
472 5500 865 5572 ’θ’μετείληχε.
912 5506 1027 5558 Puni
1073 5506 1228 5558 liber.
1280 5506 1320 5534 ²¹
1356 5504 1414 5555 ὃν
1450 5505 1514 5555 ἂν
1552 5507 1749 5572 δήσητε
1787 5513 1840 5557 et
1872 5500 2031 5571 paulo
2059 5513 2179 5572 post
2210 5504 2510 5571 δεδεμένος.
2548 5503 2711 5554 Basil.
2746 5502 2839 5553 Gr.
2874 5512 2925 5555 et
2960 5500 3145 5572 Steph.
3182 5500 3459 5554 Sit-mundi

208 5575 501 5626 lectionem
541 5571 710 5642 magis
731 5576 1020 5627 conﬁrmat
1055 5574 1411 5644 Niccpltorus.
1472 5577 1515 5605 ’⁸
1552 5571 1652 5625 σοι.
1692 5574 1853 5627 Iidem
1880 5574 2039 5625 rmlcl.
2063 5571 2144 5644 1"
2176 5573 2492 5635 πιστεύσας..
2526 5571 2814 5644 ΒιιειΙηΟΓ.
2875 5571 3056 5644 ’δῗέφη
3088 5581 3178 5644 est
3211 5574 3460 5623 (λιιτὶειὸ-

250 5644 403 5696 ltors.
455 5651 509 5695 cl.
544 5644 826 5711 Scaligct'i.
882 5644 1047 5699 llasil.
1089 5644 1182 5698 Gr.
1216 5651 1268 5697 et
1296 5644 1482 5709 Steph.
1519 5644 1718 5696 habent
1751 5663 1760 5695 :
1798 5646 1912 5712 μέν.

2000 5646 2043 5671 ’θ
2076 5642 2165 5697 Sic
2194 5645 2535 5711 illurn-town,
2576 5642 2777 5711 Scalig.
2814 5653 2864 5691 et
2904 5641 3212 5695 Casaubon.
3248 5644 3349 5694 Sed
3406 5645 3457 5694 in

236 5713 378 5764 tasil.
409 5712 504 5764 Gr.
536 5723 588 5767 et
618 5716 805 5781 Steph.
839 5725 923 5767 cst
950 5714 1236 5782 προϐῆναι.
1307 5717 1351 5744 ὐ
1388 5714 1709 5782 ἀρχιερέως.
1753 5715 1913 5768 llasil.
1948 5714 2042 5770 Gr.
2067 5725 2117 5769 ct
2151 5715 2362 5783 Stcplt.,
2398 5713 2541 5782 quod
2578 5712 2928 5781 sequentibus
2968 5712 3139 5781 magis
3166 5714 3458 5767 consentit.

211 5783 252 5812 ³⁷
298 5784 391 5834 καί
440 5784 593 5838 abest
632 5801 664 5837 at
694 5785 952 5852 Stephan.
1026 5785 1068 5815 "
1093 5783 1447 5855 εἰσεληλύθει.
1487 5784 1646 5837 ιιλεδιι.
1695 5784 1789 5837 Cr.
