4218 6456
780 369 916 434 1235

1724 367 2211 429 THEODORETI
2237 367 2570 429 EPISCOPI
2604 372 2962 433 CYRENSIS

3874 378 4017 442 1236

787 486 999 558 1049
1028 486 1349 556 appellabat,
1380 485 1508 539 etin
1537 484 1702 539 Deum
1750 485 1932 539 furere
1979 486 2343 540 Theodosium
2378 488 2413 540 A

2451 487 2618 557 στικῷ
2657 485 2809 553 οὗτος
2854 493 2986 561 οἴκῳ
3029 490 3285 561 καθῆστο,
3337 493 3583 563 ἐλιπάρει
3635 494 3857 565 λυθῆναι
3904 499 4015 551 τῶν

782 578 981 639 aiebat,
1012 579 1239 644 ejusque
1268 577 1411 645 leges
1459 578 1805 630 conculcare.
1862 576 1962 628 Cui
2009 578 2338 645 imperator:

787 687 806 717 ι
848 668 1083 731 Minime,
1119 669 1214 730 ait,
1241 676 1431 722 contra
1465 669 1609 737 leges
1645 668 1783 721 latas
1825 666 1955 719 mihi
1998 682 2212 737 arrogo,
2247 682 2345 721 nec

782 774 938 813 sacra
981 761 1247 814 vestibula
1310 776 1405 830 per
1438 760 1592 813 nefas
1652 759 1859 829 ingredi
1921 760 2124 826 cupio:
2160 761 2253 813 Sed
2289 768 2345 811 ut

779 849 997 903 vincula
1023 866 1143 904 mea
1177 852 1362 905 solvas
1391 865 1509 913 oro,
1544 851 1968 917 communisque
1992 848 2202 902 Domini
2238 852 2345 903 cle-

780 941 997 993 mentia:
1044 942 1371 1002 recorderis,
1433 954 1536 993 nec
1573 940 1703 993 mihi
1758 939 2020 993 occludas
2072 939 2342 1006 januam,

778 1045 943 1099 quam
998 1031 1256 1085 Dominus
1310 1032 1687 1100 pcenitentiam
1754 1030 2044 1099 agentibus
2090 1030 2345 1085 omnibus

780 1122 1057 1191 patefecit.
1114 1143 1129 1169 ι
1184 1122 1249 1174 Ει
1295 1123 1580 1191 pontifex:
1618 1140 1635 1172 ο
1661 1121 1967 1185 Quamnam
2001 1129 2079 1185 tu,
2132 1122 2343 1188 inquit,

778 1212 1158 1283 ptenitentiam
1192 1222 1315 1282 post
1342 1223 1450 1267 tam
1488 1213 1735 1281 iniquum
1771 1211 1981 1265 facinus
2016 1210 2349 1265 ostendisti?

778 1320 1017 1378 autquae
1046 1309 1440 1363 medicamenta
1499 1308 1841 1377 gravissimis
1896 1307 2217 1360 vulneribus
2256 1320 2345 1358 sa-

778 1402 977 1455 nandis
1000 1401 1297 1455 adhibuisti
1325 1400 1349 1451 ί
1382 1421 1399 1451 ι
1436 1399 1611 1453 Tuum
1637 1408 1741 1461 est,
1775 1400 1849 1452 ait
1887 1400 2204 1467 imperator,
2242 1413 2345 1452 me—

780 1490 1089 1545 dicamenta
1122 1491 1413 1544 ostendere
1438 1498 1489 1544 et
1516 1500 1838 1557 temperare,
1862 1504 2041 1542 meum
2072 1503 2201 1541 vero
2223 1502 2345 1556 qua:

778 1580 1186 1635 adhibebuntur
1220 1583 1489 1649 accipere.
1518 1600 1535 1633 ›
1562 1582 1696 1633 Tum
1729 1580 1948 1635 divinus
1980 1580 2339 1635 Ambrosius:

783 1690 801 1721 ‹
842 1672 1107 1737 Quoniam
1133 1683 1213 1733 tu,
1249 1673 1449 1741 inquit,
1478 1673 1745 1738 judicium
1789 1672 2086 1725 iracundiae
2121 1671 2347 1740 permit-

777 1762 871 1823 tis,
923 1771 1120 1817 etnon
1159 1763 1322 1827 ratio,
1385 1761 1481 1816 sed
1531 1761 1684 1815 furor
1732 1762 1941 1830 profert
1990 1762 2339 1823 sententiam,

778 1853 957 1907 scribe
1018 1853 1210 1923 legem,
1262 1868 1383 1922 quae
1442 1852 1738 1906 iracundia:
1788 1852 2091 1905 sententias
2157 1852 2342 1906 irritas

776 1942 966 1995 reddat
1005 1949 1057 1996 et
1111 1943 1302 1996 inanes
1350 1959 1363 1995 :
1405 1942 1705 2010 diebusque
1749 1942 1973 2010 triginta
2027 1942 2343 2010 perscripta:

778 2036 1035 2081 maneant
1070 2029 1136 2082 de
1162 2028 1308 2083 caede
1340 2031 1419 2083 vel
1460 2029 1835 2099 publicatione
1872 2031 1993 2083 lata-
2034 2032 2339 2093 sententiae,

777 2121 1007 2174 rationis
1030 2120 1295 2188 judicium
1328 2130 1726 2189 exspectantes.
1752 2121 1948 2173 Diebus
1966 2130 2142 2175 autem
2171 2128 2343 2174 trans-

779 2210 936 2272 actis,
964 2212 1054 2279 qui
1096 2210 1340 2279 judicata
1382 2212 1653 2280 scripsere
1706 2211 1969 2279 imperata
2029 2210 2340 2272 exhibeant,

778 2315 842 2356 ac
876 2309 991 2354 tum
1034 2303 1111 2354 ira
1146 2302 1329 2355 sedata
1364 2304 1379 2321 ‘
1411 2303 1551 2355 ratio
1590 2302 1733 2371 apud
1772 2318 1830 2357 se
1881 2301 2198 2370 dijudieans
2245 2319 2339 2357 cx-

774 2394 974 2464 pendet
1002 2409 1122 2464 quae
1143 2395 1361 2449 decreta
1387 2402 1537 2460 sunt,
1562 2394 1947 2465 dispicictque,
1967 2394 2189 2463 justane
2210 2396 2339 2459 sint,

778 2500 843 2540 an
887 2486 1090 2556 injusta
1117 2505 1131 2541 :
1162 2495 1213 2541 et
1241 2487 1286 2542 si
1328 2487 1547 2557 quidem
1597 2486 1797 2555 iujusta
1832 2502 1955 2541 esse
1995 2486 2340 2556 compererit,

776 2576 980 2645 scripta
1012 2577 1200 2646 utique
1225 2576 1587 2641 conscindet;
1623 2576 1708 2630 sin
1745 2590 1875 2629 vero
1912 2576 2082 2645 justa,
2142 2575 2342 2628 confir-

775 2664 968 2727 mabit,
1002 2673 1255 2734 recteque
1312 2664 1576 2734 judicatis
1621 2664 1833 2717 dierum
1876 2680 2138 2720 numerus
2178 2666 2343 2719 haud-

773 2772 1046 2825 quaquam
1079 2756 1295 2809 ofﬁciet.
1342 2778 1359 2807 ο
1397 2755 1702 2809 Consilium
1729 2754 1830 2807 hoc
1870 2755 2200 2823 amplectens
2243 2757 2343 2808 im-

776 2857 1014 2918 perator,
1048 2846 1305 2915 factuque
1338 2847 1604 2916 optimum
1638 2845 1985 2909 existimans,
2028 2846 2196 2912 legem
2230 2854 2341 2898 sta-

775 2938 871 2989 tim
917 2937 1186 2989 conscribi
1224 2937 1412 3005 jussit,
1468 2944 1520 2988 et
1560 2949 1758 2988 manus
1805 2950 1915 2988 suae
1952 2934 2163 3003 1050
2212 2935 2342 2988 sub-

775 3026 1070 3094 scriptione
1109 3026 1367 3078 firmavit.
1404 3025 1523 3090 Quo
1560 3025 1726 3089 facto,
1759 3024 1978 3078 divinus
2019 3026 2343 3079 Ambrosius

776 3118 1051 3172 vinculum
1119 3118 1371 3170 exsolvit.
1435 3115 1509 3168 ita
1565 3116 1781 3170 demum
1826 3118 2031 3171 intrare
2089 3118 2413 3202 templuan

778 3224 945 3263 ausus
980 3209 1327 3262 ﬁdelissimus
1365 3210 1685 3279 imperator,
1717 3224 1821 3262 non
1854 3219 2026 3275 stans,
2067 3226 2165 3263 tier
2197 3212 2338 3277 geni-

776 3296 879 3349 bus
912 3296 1065 3348 llexis
1098 3297 1259 3349 lleum
1301 3308 1554 3365 precatus
1608 3307 1710 3362 est,
1770 3299 1861 3351 sed
1914 3313 2121 3366 pronus
2185 3300 2333 3352 humi

775 3396 983 3441 stratus
1013 3388 1063 3441 iu
1090 3387 1405 3441 Davidicam
1439 3404 1627 3439 vorem
1655 3390 1835 3455 erupit
1873 3407 1883 3441 :
1920 3408 1937 3438 c
1972 3389 2207 3441 Adltzrsit
2243 3405 2340 3457 pa-

774 3479 1017 3531 vimento
1044 3480 1223 3531 animo
1250 3497 1388 3539 mea,
1422 3481 1633 3533 vivilira
1677 3496 1760 3531 tm-
1784 3481 2087 3531 secuiidttsu
2116 3482 2337 3534 verbum

776 3575 927 3619 tuum
959 3568 1003 3621 ἱ.
1038 3586 1054 3618 ι
1088 3566 1151 3619 Et
1186 3569 1437 3621 manibus
1471 3568 1727 3637 capillum
1758 3569 1983 3626 vellens.
2010 3580 2060 3621 et
2104 3568 2338 3621 frontem

775 3660 1110 3725 percutiens,
1145 3667 1197 3710 et
1238 3659 1408 3727 guttis
1454 3660 1819 3728 Iacryaiarum
1865 3660 2237 3726 pavimentum
2276 3660 2341 3711 ri-

775 3759 933 3811 gans,
997 3746 1210 3797 veniam
1267 3746 1368 3799 silli
1431 3748 1543 3798 dari
1608 3748 1941 3815 postulabat.
2003 3745 2103 3801 Ubi
2159 3759 2339 3801 autem

774 3846 989 3905 tempus
1022 3836 1262 3901 advenit,
1298 3854 1407 3907 quo
1437 3840 1574 3891 dona
1610 3854 1780 3893 sacrae
1839 3855 2042 3893 mensa:
2096 3840 2339 3905 otl‘errot,

775 3941 1008 3993 surgens
1038 3926 1264 3993 paribus
1315 3942 1434 3979 cum
1490 3928 1747 3999 lacrymis
1785 3931 2161 3983 sanctuarium
2218 3946 2343 3984 con-

776 4016 1009 4079 scendit,
1039 4018 1306 4085 donisque
1337 4019 1537 4072 oblatis
1564 4020 1711 4075 intus
1738 4021 1803 4073 ad
1832 4022 2109 4075 cancellos
2141 4022 2341 4076 subsi-

776 4107 863 4168 tit,
921 4115 978 4157 ut
1027 4106 1257 4159 solebat.
1300 4105 1497 4161 Verum
1536 4110 1622 4163 hic
1682 4125 1875 4165 rursus
1909 4128 2017 4164 non
2076 4113 2342 4165 conticuit

777 4210 1008 4264 magnus
1041 4196 1384 4257 Ambrosius,
1435 4198 1527 4252 sed
1581 4200 1824 4254 locorum
1855 4201 2175 4257 discrimina
2221 4206 2341 4259 cdo-

777 4284 911 4337 cuit.
940 4284 1289 4355 Primumque
1342 4290 1585 4359 nunquid
1631 4292 1785 4345 vellet
1823 4295 2053 4362 rogavit.
2115 4304 2168 4350 et
2218 4312 2340 4351 cum

777 4377 1075 4445 imperator
1133 4379 1442 4434 divinorum
1493 4384 1879 4452 mysteriorum
1935 4390 2335 4456 perceptionem

2447 579 2680 650 δεσμῶν.
2739 580 2800 636 Ὀ
2852 582 2911 636 δέ
2967 583 3289 653 τυραννικὴν
3316 585 3498 638 ἐκάλει
3543 586 3639 655 τὴν
3688 590 4011 656 παρουσίαν,

2449 673 2541 723 καὶ
2625 674 2764 726 κατὰ
2849 674 2941 726 τοῦ
3000 673 3133 727 Θεοῦ
3219 677 3519 745 μεμηνέναι
3587 679 3678 731 τὸν
3735 678 4017 734 Θεοδόσιον

2446 761 2597 829 ἔλεγε
2625 801 2637 823 ,
2682 763 2776 816 καὶ
2806 764 3167 826 τους-ἐκείνου
3198 766 3391 835 νόμους
3420 770 3628 821 πατεῖν.
3682 769 3739 820 Ὀ
3770 770 3826 821 δέ
3861 771 4015 839 βασι-

2445 851 2603 912 λευςο
2652 870 2668 901 1
2708 852 2779 904 Ού
2822 852 3179 923 θρασύνομαι,
3214 854 3339 923 ἔφη,
3395 856 3537 907 κατὰ
3580 856 3686 907 τῶν
3747 860 4015 927 κειμένων

2447 943 2644 1011 νόμων,
2679 946 2798 997 οὐδὲ
2832 946 3165 1015 παρανόμως
3199 947 3452 1016 ἐπιϐῆναι
3482 948 3589 999 τῶν
3626 950 3785 1015 ἱερῶν
3818 950 4019 1019 προθύο

2449 1050 2556 1101 ρων
2588 1033 2808 1102 ἐφίεμαι
2836 1050 2847 1062 ·
2880 1034 3016 1086 άλλά
3044 1052 3099 1085 σε
3133 1034 3289 1087 λῦσαί
3324 1052 3411 1104 μοι
3434 1038 3476 1067 ²⁹
3510 1036 3599 1088 τὸν
3629 1036 3823 1105 δεσμὸν
3853 1038 4016 1101 ἀξιῶ,

2447 1124 2539 1176 καὶ
2589 1126 2687 1192 τὴν
2735 1124 2828 1177 τοῦ
2874 1125 3050 1178 κοινοῦ
3093 1127 3358 1178 Δεσπότου
3401 1125 3555 1197 [σεε]
3606 1128 4019 1197 φιλανθρωπίαν

2446 1212 2783 1281 λογίσασθαι,
2828 1216 2920 1269 καὶ
2956 1216 3029 1286 μὴ
3055 1216 3261 1269 κλεῖσαί
3297 1234 3385 1286 μοι
3421 1218 3607 1288 θύραν,
3644 1220 3710 1285 ἦν
3736 1222 3870 1272 πᾶσι
3898 1222 4016 1281 τοῖς

2449 1305 2778 1375 μεταμελείᾳ
2828 1306 3175 1375 χρωμένοιςό
3219 1308 3490 1375 Δεσπότης
3532 1308 3817 1379 ἀνέῳξεν.)
3866 1311 3925 1362 Ὀ
3959 1311 4017 1363 δὲ

2446 1396 2734 1465 ἀρχιερεὺς
2784 1395 2922 1466 ἔφη·
2968 1415 2986 1447 ι
3035 1398 3201 1450 Ποίαν
3247 1394 3337 1451 οὖν
3388 1401 3753 1469 μεταμέλειαν
3804 1400 4021 1465 ἔδειξας

2450 1486 2584 1554 μετὰ
2615 1484 2882 1555 τοσαύτην
2912 1490 3289 1557 παρανομίαν;
3323 1489 3491 1552 ποίοις
3517 1490 3573 1542 δὲ
3597 1492 3912 1559 φαρμάκοις
3948 1493 4017 1544 τὰ

2443 1576 2670 1629 δυσίατα
2710 1576 3086 1647 ἐθεράπευσας
3125 1579 3448 1647 τραύματα;
3492 1600 3509 1631 ι
3554 1581 3611 1633 '0
3640 1582 3695 1633 δὲ
3729 1581 4015 1649 βασιλεύς·

2450 1685 2467 1717 ι
2494 1666 2590 1718 Σδν
2633 1666 2811 1736 ἔργον,
2850 1669 3001 1736 φησὶ,
3028 1668 3087 1720 τὸ
3115 1671 3207 1721 καὶ
3247 1669 3414 1733 δεῖξαι
3437 1672 3482 1702 ³ο
3532 1672 3626 1724 καὶ
3680 1673 3913 1741 κεράσαι
3945 1673 4013 1725 τά

2449 1755 2713 1825 φάρμακα
2738 1756 2779 1786 ⁸¹
2804 1772 2815 1784 ·
2844 1757 2975 1824 ἐμὸν
2990 1756 3044 1808 δὲ
3062 1758 3121 1809 τὸ
3154 1757 3404 1822 δέξασθαι
3426 1760 3491 1812 τά
3523 1763 3964 1831 προσφερόμενα.
3994 1784 4013 1813 ι

2376 1827 2415 1880 Β
2448 1848 2578 1899 Τότε
2617 1849 2645 1900 6
2689 1846 2827 1910 θεῖος
2870 1847 3192 1918 ’Δμϐρόσιος
3217 1865 3229 1878 ο
3261 1866 3277 1896 σ
3316 1848 3533 1919 Ἐπειδὴ
3687 1827 4015 1921 Mutinam.

2444 1938 2503 1989 τὸ
2539 1936 2778 2001 δικάζειν
2807 1940 3140 2007 ἐπιτρέπεις,
3166 1940 3260 1991 καὶ
3289 1941 3385 2008 οὐχ
3416 1940 3443 1991 6
3462 1940 3721 2010 λογισμὸς
3752 1942 3851 2011 τὴν
3878 1943 4022 2009 γνῶ-

2447 2047 2549 2090 σιν,
2583 2029 2695 2081 ἀλλ’
2717 2032 2744 2082 6
2782 2029 2950 2099 θυμὸς
2980 2030 3222 2099 ἐκφέρει,
3268 2032 3476 2100 γράψον
3509 2034 3671 2101 νόμον
3713 2032 3806 2085 τοῦ
3840 2031 4021 2101 θυμοῦ

2442 2121 2539 2183 τὰς
2565 2120 2775 2189 ψήφους
2802 2120 2973 2189 ἀργὰς
3005 2121 3257 2173 ποιοῦντα
3295 2123 3387 2174 καὶ
3421 2125 3700 2193 περιττὰς.
3734 2124 3829 2175 καὶ
3861 2124 4021 2190 τριά-

2445 2228 2607 2263 κοντα
2637 2211 2849 2281 ἡμέρας
2879 2213 2933 2263 αί
2961 2212 3276 2285 (pausa-cogat
3309 2213 3351 2243 ³²
3377 2213 3468 2266 καὶ
3488 2213 3821 2283 δημευτικαὶ
3846 2216 4014 2283 μενὲο

2444 2315 2623 2353 τωσαν
2672 2298 2900 2366 γνώσεις
2943 2300 3419 2369 ἐγγεγραμμέναι,
3473 2300 3569 2371 τὴν
3602 2301 3698 2353 τοῦ
3746 2300 4014 2370 λογισμοῦ

2446 2389 2872 2459 προσδεχόμεναι
2926 2390 3127 2459 κρίσιν.
3177 2390 3509 2443 Διελθουσῶν
3539 2392 3593 2445 δὲ
3614 2391 3724 2444 τῶν
3768 2392 4015 2462 ἡμερῶν.

2443 2483 2491 2533 οἱ
2534 2482 2601 2533 τά
2666 2480 2983 2551 ἐγνωσμένα
3047 2482 3387 2551 γεγραφότες
3443 2483 3509 2536 τὰ
3564 2482 4022 2553 προστεταγμένα

2444 2572 2808 2625 δεικνύτωσαν
2833 2588 2848 2601 ⁸
2889 2572 2983 2624 καὶ
3018 2571 3339 2640 τηνικαῦτα,
3390 2570 3483 2624 τοῦ
3525 2572 3696 2641 θυμοῦ
3732 2572 4022 2641 πεπαυμέ-

2444 2681 2556 2726 νου,
2614 2662 2737 2714 καθ’
2787 2662 2978 2713 ἐαυτὸν
3022 2662 3303 2724 δικάζωνδ
3337 2662 3614 2733 λογισμὸς,
3681 2663 3927 2727 ἐξετάσει
3950 2663 4021 2715 τά

2446 2755 2785 2823 ἐγνωσμένα,
2824 2753 2915 2806 καὶ
2944 2752 3131 2821 bal/atat
3164 2754 3272 2805 εἴτε
3314 2754 3492 2818 ἄδικα,
3534 2753 3641 2805 εἴτε
3681 2753 3864 2806 δίκαια
3893 2753 3981 2821 εἴη
4004 2769 4018 2781 ο

2447 2848 2541 2900 καὶ
2576 2848 2623 2899 εί
2662 2848 2760 2917 μὲν
2813 2846 2948 2919 εὕρῃ
2988 2846 3167 2905 ἄδικα.
3201 2846 3357 2915 δῆλον
3390 2847 3469 2899 ὅτι
3499 2846 3777 2917 διαρρᾗει
3826 2846 3895 2899 τὰ
3927 2863 4021 2911 γε·

2446 2938 2740 3009 γραμμένα
2769 2955 2784 2969 ο
2822 2940 2869 2989 εἰ
2904 2937 2960 2989 δέ
2994 2953 3056 3004 γε
3108 2936 3321 2999 δίκαια,
3360 2934 3666 3004 βεϐαιώσει,
3710 2936 3801 2988 καὶ
3830 2936 3858 2985 6
3909 2934 4023 2985 τῶν

2447 3030 2668 3101 ἡμερῶν
2700 3029 2927 3099 ἀριθμὸς
2958 3029 3017 3081 οὐ
3039 3028 3354 3096 λυμανεῖται
3384 3029 3494 3087 τοῖς
3525 3026 3701 3095 ὀρθῶς
3732 3028 4018 3094 ἐγνωσμέ-

2448 3139 2575 3183 νοις.
2604 3140 2621 3171 ι
2662 3121 2876 3187 Ταύτην
2906 3123 2932 3171 ὀ
2966 3118 3216 3186 βασιλεὺς
3249 3118 3537 3185 δεξάμενος
3582 3117 3679 3185 τὴν
3711 3117 3998 3183 εἰσήγησιν

2448 3219 2540 3269 καὶ
2570 3217 2763 3285 ἄριστα
2793 3213 2934 3281 ἔχειν
2979 3210 3282 3275 ὑπολαϐὼν,
3314 3210 3475 3285 εὐθὺς
3517 3209 3793 3279 γραφῆναί
3818 3225 3876 3259 τε
3929 3209 4023 3259 τὸν

2444 3309 2603 3377 νόμον
2655 3304 2940 3365 ἐκέλευσε,
2993 3304 3086 3353 καὶ
3130 3304 3239 3362 τοῖς
3298 3304 3395 3369 τῆς
3440 3300 3641 3359 οἰκείας
3675 3300 3851 3368 γειρδς
3895 3299 4020 3349 ἐϐε-

2452 3399 2653 3451 ϐαίωσε
2692 3394 3001 3465 γράμμασι.
3033 3392 3232 3444 Τούτου
3265 3391 3319 3443 δὲ
3349 3390 3635 3460 γενομένου
3656 3428 3670 3450 ,
3698 3389 3905 3441 διέλυσε
3927 3390 4021 3440 τὶν

2455 3489 2650 3558 δεσμὸν
2676 3491 2703 3540 6
2725 3487 2865 3548 θεῖος
2909 3484 3248 3553 ἰκμίῖρὸσιος.
3284 3482 3467 3543 Οὕτως
3502 3483 3527 3534 6
3559 3481 3880 3541 mat/nave
3920 3478 4021 3548 βα-

2446 3581 2625 3642 σιλεὺς
2656 3580 2786 3631 εἴσω
2822 3574 3076 3645 γενέσθαι
3119 3574 3398 3645 Θαρρήσας
3436 3572 3528 3623 τοῦ
3561 3571 3708 3623 θείου
3749 3570 3874 3632 νεὼ,
3920 3572 4019 3639 οὐχ

2444 3671 2614 3733 ἑστὼς
2640 3670 2727 3722 τὸν
2757 3667 3030 3736 Δεσπότην
3056 3667 3331 3717 ἱκέτευσεν
3352 3664 3416 3727 ³³,
3441 3662 3559 3714 οὐδὲ
3585 3662 3651 3715 τά
3671 3662 3872 3728 γόνατα
3904 3661 4023 3711 κλί-

2442 3780 2557 3826 νας,
2589 3761 2722 3814 ἀλλὰ
2763 3759 2973 3829 πρηνὴς
3031 3758 3120 3809 ἐπὶ
3166 3755 3261 3809 τοῦ
3324 3755 3550 3807 δαπέδου
3612 3755 3868 3821 κείμενος
3913 3754 4017 3821 τὴν

2444 3852 2735 3919 Δαυῖτικὴν
2781 3848 2957 3917 ἀφῆκε
3017 3848 3203 3917 φωνήν
3232 3864 3244 3875 ·
3283 3865 3298 3894 ι
3337 3843 3631 3914 Ἐκολλήθη
3660 3842 3737 3913 τῷ
3771 3842 3955 3910 ἐδάφει
3986 3843 4022 3912 ἡ

2441 3944 2584 4013 ψυχή
2620 3959 2741 4011 μου,
2772 3941 2934 4009 ζῆσόν
2972 3956 3036 4008 με
3070 3938 3211 3990 κατὰ
3242 3935 3332 3989 τὸν
3359 3935 3517 4003 λόγον
3545 3953 3659 3988 σου.
3698 3954 3716 3986 ι
3761 3936 3867 3987 Καὶ
3894 3936 4024 3996 ταῖς

2444 4032 2628 4103 χερσὶν
2679 4030 2977 4084 άποτίλλων
3032 4028 3129 4089 τὰς
3174 4025 3385 4096 τρίχας,
3423 4025 3514 4076 καὶ
3551 4024 3612 4076 τὸ
3643 4024 3893 4093 μέτωπον
3929 4023 4026 4074 τυ-

2445 4139 2614 4185 πτων,
2649 4120 2739 4173 καὶ
2769 4120 2886 4180 ταῖς
2936 4117 3043 4169 τῶν
3082 4114 3332 4184 δακρύων
3362 4112 3579 4179 σταγόσι
3627 4110 3891 4176 τοῦἰαφος
3919 4128 4021 4162 κα-

2444 4211 2770 4281 ταρῤαίνων,
2825 4207 3155 4276 συγγνώμης
3202 4204 3473 4273 ἠντιϐόλει
3527 4203 3728 4270 τυχεῖν.
3789 4200 4014 4269 Ἐπειδὴ

2444 4302 2497 4355 δὲ
2522 4303 2549 4353 6
2581 4302 2768 4372 καιρὸς
2810 4299 2991 4351 ἐκάλει
3029 4300 3091 4367 τῇ
3128 4297 3245 4366 ἱερᾷ
3272 4293 3520 4365 τραπέζῃ
3542 4292 3610 4344 τά
3638 4291 3789 4361 δῶρα
3848 4306 4021 4360 προσ-

2446 4396 2705 4462 ενεγκεῖν,
2737 4390 2973 4452 ἀναστάς
3001 4388 3137 4458 μετά
3175 4387 3280 4439 τῶν
3307 4387 3435 4438 ῐσων
3458 4382 3709 4453 δακρύων
3739 4381 3851 4433 τῶν
3882 4382 4020 4433 ἀνα-

776 4476 1095 4536 exspectare
1140 4486 1197 4522 se
1246 4470 1470 4536 diceret,
1534 4490 1629 4542 per
1685 4474 1919 4544 primum
1979 4476 2338 4532 diaeooorum
2373 4468 2413 4522 Ι)

2444 4486 2652 4555 κτόρων
2681 4482 2848 4552 ἐπέϐη
2882 4498 2895 4511 ·
2927 4475 3309 4549 προσενεγκὼν
3338 4476 3414 4536 δέ,
3446 4474 3636 4541 ὥσπερ
3680 4469 3893 4535 εἰώθει,
3928 4470 4019 4520 ἐν-

778 4558 892 4613 Ιιειες
917 4559 962 4612 ei
991 4560 1311 4629 significavit
1340 4583 1351 4617 :
1395 4586 1411 4613 ι
1444 4565 1521 4617 Ad
1553 4567 1668 4619 loca
1700 4567 1988 4631 interiora,
2016 4570 2337 4639 imperator,

779 4651 959 4705 aditus
989 4654 1121 4707 solis
1166 4655 1543 4710 sacerdotibus
1579 4666 1766 4725 patet:
1816 4661 2028 4714 cmtcris
2084 4664 2340 4719 omnibus

778 4743 923 4795 invia
952 4752 1077 4795 sunt
1108 4754 1160 4797 et
1191 4746 1390 4799 intacta
1441 4766 1453 4800 :
1523 4749 1751 4816 proinde
1785 4750 1893 4811 exi,
1925 4760 1977 4804 et
2036 4766 2161 4805 cum
2219 4754 2340 4809 aliis

778 4835 1056 4895 consiste;
1091 4851 1208 4888 nam
1240 4853 1478 4906 purpura
1507 4840 1866 4907 imperatores
1904 4840 2056 4905 facit,
2101 4858 2208 4896 non
2244 4860 2336 4898 sa-

777 4923 1047 4977 cerdotes.
1112 4944 1130 4976 i
1203 4928 1374 4992 Quam
1442 4929 1626 4982 itidem
1693 4930 2118 4985 admonitionem
2180 4948 2338 5003 aequo

780 5015 962 5067 animo
999 5016 1274 5085 accipiens
1308 5019 1655 5074 fidelissimus
1687 5021 2002 5090 imperator,
2035 5027 2339 5081 renuntiari

776 5103 960 5171 jussit,
984 5120 1041 5159 se
1070 5121 1174 5159 non
1205 5108 1371 5161 animi
1399 5111 1711 5179 arrogantia
1743 5111 2008 5165 mansisse
2051 5110 2191 5166 intra
2211 5128 2341 5167 can-

781 5195 971 5257 cellos,
999 5196 1090 5250 Sed
1123 5199 1246 5266 quia
1279 5200 1755 5270 Constantinopoli
1790 5202 1936 5256 hunc
1985 5218 2188 5258 morem
2219 5221 2338 5261 esse

854 5326 867 5375 ἱ
908 5326 1051 5380 Psal.
1080 5342 1268 5391 cxvm,
1308 5328 1397 5381 25.

2440 4578 2528 4629 δον
2560 4574 2712 4645 παρὰ
2754 4572 2850 4633 τὰς
2888 4568 3172 4636 κιγκλίδας
3233 4566 3560 4637 μεμένηκεν.
3613 4561 3772 4614 Ἀλλά
3805 4562 3971 4613 πάλιν
3994 4563 4024 4612 6

2445 4666 2612 4735 μέγας
2649 4660 2965 4731 ’Δμϐρόσιος
3014 4658 3113 4709 οὐκ
3166 4656 3460 4725 ἐσίγησεν,
3507 4653 3620 4706 ἀλλ’
3668 4652 4021 4716 ἐξεπαίδευσέ

2440 4757 2537 4824 τὴν
2564 4753 2671 4804 τῶν
2700 4751 2877 4802 τόπων
2902 4747 3182 4815 διαφοράν.
3221 4746 3331 4798 Kal.
3371 4743 3583 4814 πρῶτον
3630 4743 3728 4813 μὲν
3773 4743 3941 4811 ἦρετο
3974 4743 4026 4793 εί

2438 4861 2580 4907 τινος
2612 4842 2782 4895 δέοιτο
2806 4857 2819 4870 ·
2867 4838 2962 4891 τοῦ
3002 4838 3059 4890 δὲ
3096 4836 3359 4906 βασιλέως
3389 4836 3693 4906 εἰρηκότος,
3723 4833 3799 4895 ὡς
3831 4849 4011 4900 προσ-

2442 4936 2588 5006 μένει
2607 4934 2705 5005 τὴν
2727 4931 2833 4985 τῶν
2856 4930 3014 4982 θείων
3034 4928 3348 4997 μυστηρίων
3375 4925 3691 4997 μετάληψιν,
3718 4923 4018 4993 ἐδήλωσεν,

2440 5022 2698 5094 ὑπουργῷ
2727 5020 2805 5091 τῷ
2854 5018 2961 5071 τῶν
3006 5018 3267 5071 διακόνων
3308 5016 3598 5086 ἡγουμένῳ
3641 5015 4015 5085 χρησάμενος,

2435 5115 2516 5168 ὅτι
2542 5131 2559 5163 ι
2578 5112 2658 5163 Τὰ
2672 5109 2836 5171 ἔνδον,
2859 5101 2903 5159 ὧ
2930 5105 3169 5175 βασιλεῦ,
3199 5105 3539 5173 μόνοιςέστὶν
3563 5104 3765 5175 ἱερεῦσι
3792 5102 3984 5171 pati“
4003 5120 4015 5133 ’

2435 5205 2546 5265 τοῖς
2575 5201 2632 5253 δέ
2659 5199 2837 5259 ἄλλοις
2866 5196 3091 5261 ἅπασιν,
3119 5194 3291 5247 άῗυτά
3321 5212 3378 5247 τε
3412 5195 3507 5247 καλ⁵
3546 5194 3797 5261 ἄψαυστα
3822 5209 3834 5220 ·
3877 5191 3939 5255 ἐξ
3967 5194 4019 5241 fit

2145 5450 2379 5504 VARIAZ
2412 5444 2814 5503 LECTIONES.

879 5601 920 5628 ⁵³
959 5601 1043 5664 μέ.
1100 5602 1264 5655 Idem.

1336 5602 1511 5675 ³⁰ίέφη
1548 5602 1616 5675 ,τὸ
1660 5601 1787 5669 δεῖξ.
1841 5605 1985 5658 ldem
2031 5621 2153 5659 cum
2193 5606 2381 5675 Steph.

2457 5608 2497 5640 "
2540 5608 2703 5661 iidem
2748 5604 2951 5657 addunt
2980 5621 2989 5653 :
3016 5603 3105 5654 καὶ
3145 5601 3210 5651 τά
3241 5599 3465 5651 δυσίατα
3499 5593 3846 5666 θεραπεῦσαι.
3881 5596 4020 5659 Qure

784 5682 903 5720 cum
945 5670 1185 5745 ahsin_t_a_
1217 5666 1666 5745 Pinisaviliique
1702 5666 1999 5739 codicibus,
2036 5666 2387 5745 itemque-ab
2419 5677 2721 5745 Epiphanio
2749 5674 2937 5741 (addo,
2985 5686 3053 5745 et_
3090 5668 3441 5745 Nit'cpltor‘u‘),
3477 5666 4017 5745 Tetigaﬁtfﬂlotulo

784 5750 1049 5806 carpunt-ta
1086 5742 1216 5794 dicit
1258 5741 1525 5797 Valesius.

1620 5744 1661 5775 ⁸³
1693 5745 1927 5812 φονικαί.
1966 5735 2127 5800 llasil.
2161 5735 2253 5799 Gr.
2318 5747 2360 5777 ³³
2397 5735 2656 5800 ἱκέτευεν.
2694 5735 2835 5798 ldcm
2868 5758 2988 5797 cum
3024 5735 3285 5809 Steph.“
3345 5738 3567 5805 βάσιμα.
3595 5735 3706 5789 Pint
3748 5736 3903 5787 liber.
