4218 6456
791 413 923 477 1239
1763 423 2251 489 THEODORETI
2290 431 2631 492 EPISCOPI
2668 434 3032 495 CYRENSIS
3881 436 4032 497 1240

864 528 989 599 [CIL
1022 530 1131 602 19.]
1180 533 1318 587 Ante
1372 532 1551 587 virum
1590 534 1679 588 illa
1726 538 1944 607 quidem
1997 540 2112 598 fato
2169 542 2357 599 {tincta
2388 548 2435 605 Α

2388 548 2435 605 Α
2535 545 2785 615 Προτέρα
2808 547 2853 578 ⁸⁸
2926 546 3109 616 μέντοι
3160 545 3253 599 τοῦ
3302 545 3493 617 ἀνδρὸς
3550 547 3887 619 ἐτελεύτησε,
3936 551 4028 599 καὶ

785 627 870 673 est
912 637 923 669 :
962 621 1243 690 aliquanto
1273 632 1455 678 autem
1493 635 1615 695 post
1660 641 1888 683 mortem
1936 633 2057 700 ejus
2111 641 2357 706 tempore

2464 635 2661 705 συνέϐη
2696 636 2833 705 μετὰ
2872 636 3063 707 χρόνον
3110 635 3234 688 τινὰ
3278 637 3377 707 τῆς
3430 636 3683 707 τελευτῆς
3736 637 3937 689 τοιόνδε
3970 654 4024 689 τι

785 712 1041 778 quiddam
1082 716 1333 784 contigit,
1370 719 1388 737 ‘
1438 719 1583 789 quod
1632 720 1979 791 imperatoris
2025 740 2154 797 erga
2209 728 2356 784 illam

2459 727 2711 796 γενέσθαι
2732 728 2762 781 δ
2781 730 2877 798 τήν
2895 728 2986 782 τοῦ
3006 728 3271 799 βασιλέως
3292 746 3357 781 πε
3365 729 3419 800 pi.
3446 729 3614 800 αὐτὴν
3645 729 4028 800 φιλοστοργίαν

784 816 1023 861 amorem
1049 806 1369 862 declaravit.

1257 921 1409 975 CAP.
1448 920 1587 978 Xlx.
1620 922 1710 997 [ν.
1747 926 1866 999 20.]

1128 1034 1205 1088 De
1224 1038 1481 1093 seditione
1511 1041 1659 1107 [acta
1692 1042 2012 1097 Antiochiet.

853 1142 1128 1199 Bellorum
1152 1149 1475 1206 assiduitate
1514 1162 1740 1209 coactus
1780 1158 2073 1227 imperator
2102 1170 2353 1216 extraor-

779 1231 1048 1290 dinariam
1071 1242 1364 1308 quamdam
1399 1244 1699 1300 illationem
1734 1247 2051 1305 civitatibus
2077 1252 2354 1322 imposue-

778 1336 884 1380 rat.

850 1417 934 1488 [8.
972 1421 1049 1475 St.
1084 1424 1196 1496 l9].
1246 1426 1454 1483 Civitas
1508 1430 1848 1487 Antiochena
1912 1443 2090 1489 autem
2146 1453 2347 1492 novum

777 1511 1039 1565 tributum
1062 1531 1219 1582 passa
1252 1533 1359 1572 non
1392 1528 1496 1573 est.
1522 1520 1626 1574 Sed
1657 1526 1910 1592 populus,
1933 1541 2056 1579 cum
2079 1529 2345 1597 suspendi

775 1616 871 1654 eos
931 1602 1136 1658 videret
1187 1622 1216 1660 a
1272 1611 1471 1676 quibus
1504 1614 1847 1682 exigebatur,
1902 1624 2015 1669 tum
2082 1618 2187 1669 alia
2236 1620 2348 1687 egit

774 1704 896 1753 quae
913 1691 1201 1748 St‘diliOIIiS
1224 1698 1569 1751 occasionem
1598 1710 1755 1753 nacta
1778 1711 1997 1769 patrare
2019 1704 2170 1772 plebs
2184 1706 2343 1769 solet,

775 1782 887 1827 tum
930 1778 1139 1849 1053
1161 1799 1362 1837 amcam
1403 1794 1640 1841 statuam
1677 1790 2068 1847 laudatissima:
2108 1796 2346 1850 Plaeilla:

2458 818 2761 892 ἐγύμνωσε.

3026 936 3277 990 ΚΕΦΔΔ.
3348 935 3449 989 ΙΘ’.

2526 1048 2667 1113 Περὶ
2698 1046 2806 1115 τῆς
2834 1047 2904 1100 ἐν
2935 1048 3264 1116 Ἀντιοχείᾳ
3308 1046 3623 1116 γεγονυίας
3655 1042 3951 1108 στάσεως.

2540 1162 2674 1214 Ὑπὸ
2738 1163 2850 1216 τῶν
2906 1161 3115 1233 συχνῶν
3182 1161 3438 1230 πολέμων
3508 1157 3946 1226 ἀναγκαζόμενος
3996 1155 4028 1206 ὁ

2456 1252 2708 1324 βασιλεὺς
2744 1254 3003 1324 εἰσφοράν
3048 1269 3173 1307 τινα
3221 1252 3377 1323 ξένην
3428 1253 3547 1314 ταῖς
3589 1250 3805 1302 πόλεσιν
3840 1245 4025 1299 ἐπιτέ-

2453 1345 2654 1401 θεικεν.

2535 1439 2598 1491 'll
2639 1438 2694 1490 δὲ
2744 1438 3019 1507 Ἀντιόχου
3049 1438 3204 1502 πόλις
3232 1437 3294 1489 τὸ
3324 1435 3513 1489 καινὸν
3542 1434 3692 1496 τέλος
3730 1432 3830 1485 οὐκ
3860 1432 4025 1503 ἧνεγ-

2451 1546 2566 1582 κεν.
2610 1529 2749 1581 Ἀλλ’
2770 1530 2911 1601 δρῶν
2934 1532 2961 1582 ὁ
2986 1530 3158 1600 δῆμος
3180 1531 3305 1591 τοὺς
3340 1526 3834 1596 εἰσπραττομένους
3896 1540 4027 1592 κρε-

2458 1622 2848 1692 μαννυμένους,
2891 1621 3024 1674 ἄλλα
3065 1639 3125 1673 τε
3185 1620 3428 1688 ἔδρασεν,
3479 1618 3652 1669 ποιεῖν
3692 1615 3834 1683 φιλεῖ
3868 1614 4026 1683 όχλος

2450 1713 2722 1783 πρόφασιν
2786 1715 2866 1775 είς
2908 1712 3136 1778 ἀταξίαν
3174 1710 3487 1780 λαμϐάνων,
3530 1709 3624 1760 καὶ
3668 1707 3764 1775 τὴν
3815 1707 4024 1775 χαλκῆν

2450 1806 2635 1860 είκόνα
2684 1806 2783 1875 τῆς
2836 1806 3202 1874 πανευφήμου
3248 1799 3760 1870 [Ιλακίλλης,,τοῦτο
3815 1799 3924 1869 γὰρ
3953 1793 4025 1866 ἦν

774 1867 897 1933 (hoe
927 1872 1072 1923 cnim
1123 1874 1457 1943 imperatrici
1506 1894 1703 1934 nomen
1749 1884 1891 1949 erat)
1938 1883 2221 1953 disjectam
2249 1904 2345 1957 per
2376 1888 2416 1941 Β

2376 1888 2416 1941 Β
2445 1894 2614 1963 ὄνομα
2645 1898 2711 1965 τῇ
2739 1867 2986 1964 βασιλίδι,
3029 1867 3345 1963 ’κατήνεγκέ
3379 1909 3439 1944 τε
3473 1867 3567 1943 καὶ
3602 1889 3693 1942 ἐπὶ
3739 1888 3875 1941 πολὺ
3897 1867 4022 1956 ⁷τῖὴς

773 1974 1020 2027 magnam
1049 1963 1199 2019 urbis
1236 1976 1441 2035 partem
1495 1973 1680 2025 traxit.
1734 1971 1946 2038 Quibus
1986 1976 2213 2043 auditis,
2243 1981 2344 2033 im-

771 2060 990 2116 perator
1020 2056 1287 2123 graviter,
1322 2069 1382 2113 ut
1414 2076 1511 2129 par
1558 2071 1697 2130 erat,
1728 2064 2065 2136 indignatus,
2096 2079 2145 2123 et
2178 2072 2344 2140 privi-

769 2138 905 2209 legia
942 2144 1060 2197 urbi
1095 2147 1319 2213 ademit,
1363 2158 1416 2203 et
1448 2152 1640 2207 vicina:
1688 2155 1808 2209 urbi
1860 2159 2148 2224 primatum
2178 2138 2347 2215 attri-

767 2230 904 2298 buit,
937 2239 1219 2304 tegerrime
1250 2240 1301 2292 id
1332 2242 1540 2297 laturos
1569 2245 1865 2301 arbitratus
1893 2266 1905 2299 :
1930 2250 2122 2303 mmula
2143 2252 2343 2322 quippe

763 2323 1090 2394 jampridem
1130 2341 1249 2385 erat
1278 2331 1544 2389 Laodicea
1573 2337 1893 2393 Antiochiae.
1927 2342 2125 2397 Adhaec
2158 2346 2342 2399 incen-

767 2429 956 2469 surum
987 2421 1173 2485 eliam,
1200 2433 1252 2477 et
1285 2440 1606 2481 eversurum
1649 2432 1858 2498 urbem,
1891 2442 2052 2503 atque
2076 2438 2127 2490 in
2160 2439 2337 2494 vicum

765 2518 884 2558 eam
944 2509 1303 2567 redacturum
1356 2516 1693 2574 minabatur.
1764 2520 2118 2591 Magistratus
2176 2543 2339 2596 porro

765 2596 1031 2666 quosdam
1093 2602 1149 2656 in
1215 2605 1334 2672 ipso
1403 2624 1539 2662 ausu
1601 2611 1976 2680 deprehensos
2035 2626 2335 2681 necarant,

764 2690 1081 2760 priusquam
1113 2695 1179 2749 ad
1208 2697 1557 2766 imperatoris
1582 2716 1745 2758 aures
1776 2706 2042 2775 tragoedia
2076 2708 2339 2777 perferre.

764 2790 872 2834 tur.

831 2870 914 2942 [Β.
950 2872 1031 2928 St.
1064 2875 1181 2947 20.]
1217 2877 1336 2933 llaec
1368 2889 1549 2934 autem
1575 2884 1757 2936 omnia
1786 2884 2081 2953 imperator
2112 2888 2331 2957 quidem

761 2966 1134 3034 praecipiebat:
1165 2968 1257 3021 sed
1298 2986 1365 3022 ne
1393 2972 1582 3025 tierent
1607 2974 1858 3029 obstabat
1888 2977 1968 3030 lex
2001 2980 2178 3047 magni
2208 2982 2335 3031 Am-

759 3055 928 3111 brosii
963 3059 1177 3114 hortatu
1220 3062 1348 3115 lata.
1380 3062 1517 3118 Cum
1562 3066 1727 3136 igitur
1758 3070 2033 3124 venissent
2062 3074 2152 3139 qui
2188 3073 2332 3127 illius

759 3149 937 3204 minas
970 3148 1235 3215 ferebant,
1274 3152 1597 3220 Elehechus,
1635 3165 1764 3211 tunc
1782 3161 2039 3227 magister
2075 3164 2329 3228 militum,

2444 1983 2650 2046 πόλεως
2696 1982 2964 2054 κατέσυρε
3012 1983 3197 2054 μέρος.
3236 1982 3421 2036 Ταῦτα
3455 1980 3804 2051 πυθόμενοςό
3859 1979 4020 2048 βασι-

2441 2073 2586 2136 λεὺς,
2619 2075 2711 2125 καὶ
2757 2074 3067 2144 χαλεπήνας
3096 2074 3283 2145 ὥσπερ
3312 2074 3459 2136 εἰκὸς
3486 2068 3571 2141 ἦν,
3597 2072 3667 2125 τά
3689 2088 3749 2123 τε
3792 2070 3894 2139 τῆς
3918 2070 4019 2122 πό-

2442 2161 2575 2225 λεως
2606 2162 2859 2231 ἀφείλετο
2889 2165 3183 2233 προνόμια,
3216 2165 3307 2217 καὶ
3352 2166 3418 2233 τῇ
3445 2161 3825 2231 γειτονευούσῃ
3857 2160 4013 2212 πόλει

2442 2255 2538 2324 τὴν
2577 2256 2871 2325 ἡγεμονίαν
2915 2256 3116 2309 δέδωκε
3142 2255 3209 2319 δ’,
3260 2254 3432 2326 ταύτῃ
3491 2252 3724 2323 μάλιστα
3778 2250 4019 2319 νομίζων

2439 2344 2680 2397 ἀνιάσειν
2708 2360 2721 2371 ο
2770 2344 3091 2412 ἐζηλοτύπει
3129 2343 3237 2413 γὰρ
3269 2346 3302 2413 ή
3354 2342 3640 2397 Λαοδίκεια
3686 2343 3783 2411 τὴν
3816 2341 4020 2393 Ἀντιό-

2440 2452 2588 2505 χειαν
2605 2434 2828 2488 ἄνωθεν.
2866 2436 3018 2489 Μετᾶ
3052 2435 3107 2488 δὲ
3132 2436 3303 2489 ταῦτα
3326 2435 3421 2489 καὶ
3450 2435 3757 2505 ἐμπρήσειν
3777 2434 4017 2503 ἠπείλει,

2439 2527 2532 2578 καὶ
2562 2524 2907 2588 καταλύσειν,
2940 2526 3030 2578 καὶ
3069 2527 3148 2587 είς
3182 2526 3374 2596 κώμην
3408 2525 3469 2579 τὺ
3493 2525 3629 2578 ἂστυ
3666 2526 4013 2595 μετασκευά-

2439 2630 2569 2666 σειν.
2611 2614 2674 2665 Οί
2716 2613 2771 2665 δέ
2812 2630 2874 2680 γε
2930 2615 3189 2683 ἄρχοντες
3242 2615 3335 2667 καὶ
3383 2614 3598 2668 ἀνεῖλόν
3645 2631 3826 2677 τινας,
3879 2615 4019 2686 παρ’

2437 2702 2568 2756 αὐτὸ
2597 2702 2951 2766 συλλαϐόντες
2972 2704 3035 2756 τὸ
3063 2704 3341 2774 τόλμημα,
3366 2705 3496 2774 πρὶν
3519 2705 3720 2773 γνῶναι
3743 2705 3833 2758 τὸν
3854 2704 4015 2774 βασι-

2434 2793 2529 2846 λέα
2550 2794 2647 2863 τὴν
2682 2794 3010 2864 τραγῳδίαν.

2506 2885 2688 2939 Ταῦτα
2726 2884 2781 2938 δὲ
2819 2884 3043 2938 πάνταό
3074 2883 3327 2955 βασιλεὺς
3372 2886 3701 2955 προσέταττε
3765 2886 3883 2954 μὲν,
3912 2885 4016 2939 ούκ

2434 2977 2652 3045 ἐγένετο
2698 2978 2775 3043 δὲ,
2818 2977 2913 3030 τοῦ
2964 2976 3128 3045 νόμου
3187 2976 3488 3039 κωλύοντος
3528 2977 3587 3029 δν
3626 2976 3950 3045 Ἀμϐρόσιος
3983 2978 4014 3029 δ

2436 3067 2609 3135 μέγας
2650 3066 2873 3136 τεθῆναι.
2932 3068 3257 3137 παρῄνεσεν.
3298 3066 3517 3137 Ἐπειδὴ
3566 3065 3623 3119 δὲ
3663 3067 3919 3135 ἀφίκοντο
3961 3065 4015 3118 οἱ

2431 3157 2528 3220 τὰς
2545 3158 2774 3221 ἀπειλὰς
2790 3158 3000 3211 ἐκείνου
3016 3159 3059 3190 ⁵⁸
3086 3158 3422 3227 κομίζοντες,
3450 3156 3737 3227 Ἐλεϐἦχός
3761 3174 3819 3209 τε
3847 3173 4015 3227 στρα-

757 3249 810 3294 et
842 3238 1115 3296 Caesarius
1146 3243 1330 3311 palatii
1359 3244 1670 3313 prasl'ectus,
1704 3265 1863 3317 quem
1893 3253 2212 3320 magistrum
2248 3253 2331 3307 of—
2360 3234 2403 3291 C

2360 3234 2403 3291 C
2450 3246 2615 3315 τηγδς
2638 3246 2939 3317 τηνικαῦτα
2961 3246 3056 3310 ὢν,
3080 3247 3171 3299 καὶ
3198 3248 3497 3318 Καισὰριος
3521 3249 3563 3280 ⁸¹
3597 3247 3705 3299 τῶν
3724 3247 4016 3316 βασιλείων

757 3332 1004 3385 ﬁciorum
1068 3333 1293 3388 ltotuani
1350 3346 1567 3404 vocant,
1621 3354 1812 3394 omnes
1864 3342 2028 3397 minis
2086 3345 2333 3398 exterriti

760 3418 956 3494 magno
991 3426 1044 3479 in
1095 3436 1239 3481 metu
1272 3429 1653 3486 versabantur.
1714 3433 1782 3485 At
1840 3434 2061 3489 virtutis
2094 3436 2329 3501 athletm,

759 3513 851 3582 qui
880 3514 945 3567 ad
981 3516 1183 3570 montis
1211 3516 1421 3571 radices
1446 3520 1765 3574 habitabant
1786 3520 1961 3590 (multi
1988 3533 2169 3579 autem
2206 3535 2333 3580 tunc

757 3615 915 3659 erant
948 3616 1001 3661 et
1032 3610 1268 3678 optimi),
1298 3610 1483 3665 multis
1511 3611 1652 3681 apud
1688 3614 1833 3667 viros
1868 3613 1987 3666 illos
2016 3616 2237 3669 monitis
2267 3632 2331 3671 ac

756 3699 1007 3767 precibus
1058 3700 1142 3754 usi
1185 3713 1332 3756 sunt.
1370 3701 1726 3758 Macedonius
1758 3721 1887 3760 vero
1922 3706 2326 3772 divinissimus,

757 3804 939 3842 rerum
969 3789 1134 3858 hujus
1168 3793 1289 3845 vitae
1320 3792 1453 3845 nihil
1502 3795 1709 3859 sciens,
1742 3810 1805 3849 ac
1847 3796 2157 3850 divinorum
2196 3815 2329 3868 quo-

753 3896 862 3952 que
894 3882 1155 3936 librorum
1197 3900 1424 3953 prorsus
1454 3886 1701 3954 ignarus,
1728 3886 1781 3940 in
1811 3888 2075 3941 montium
2110 3890 2328 3943 vertici-

756 3982 858 4024 bus
888 3973 1055 4025 vitam
1087 3987 1276 4039 agens,
1306 3982 1360 4027 et
1401 3974 1520 4030 dies
1565 3986 1863 4046 noctesque
1903 3977 2077 4032 Soteri
2114 3981 2329 4035 univer-

756 4076 943 4115 sorum
991 4078 1157 4130 puras
1199 4080 1387 4132 preces
1417 4066 1671 4131 olIerens,
1702 4084 1802 4122 nec
1833 4069 2180 4138 imperatoris
2227 4072 2328 4125 im-

756 4160 879 4219 petu
940 4154 1245 4219 perculsus,
1297 4168 1399 4207 nec
1456 4155 1525 4209 ab
1557 4171 1623 4211 eo
1658 4160 1950 4211 missorum
2004 4167 2324 4229 potestatem

754 4242 1132 4308 considerans,
1185 4246 1362 4299 media
1412 4247 1464 4300 in
1516 4248 1649 4302 urbe
1709 4249 1933 4303 alterius
1983 4250 2323 4323 chlamydem

757 4336 969 4407 1054
1000 4339 1375 4406 apprehendit,
1408 4348 1461 4393 et
1490 4356 1553 4395 ex
1580 4342 1739 4410 equis
1770 4342 1959 4397 ambos
1990 4342 2325 4401 descendere

751 4427 937 4494 jussit.
972 4427 1050 4480 Illi
1084 4429 1275 4497 exigua
1307 4438 1513 4486 statura
1543 4431 1868 4498 seniculum,
1901 4432 2101 4487 vilibus
2130 4437 2325 4502 pannis

756 4520 1013 4572 amictum
1048 4524 1065 4541 '
1119 4530 1425 4585 cernentes,
1470 4523 1741 4593 principio
1794 4524 2012 4593 quidem
2054 4526 2320 4596 indignati

2437 3338 2755 3408 ἡγούμενος,
2777 3339 3075 3409 μὰγιστρον
3092 3338 3147 3391 δὲ
3164 3340 3213 3390 οἱ
3237 3339 3498 3405 Ῥωμαῖοι
3512 3338 3735 3392 καλοῦσι
3754 3336 3904 3408 [2251
3919 3339 4014 3391 τὸν

2434 3427 2636 3496 ταύτην
2670 3427 2859 3497 ἔχοντα
2889 3426 2987 3498 τήν
3018 3428 3193 3498 ἀρχήν
3212 3428 3301 3480 ’ἐν
3320 3428 3428 3482 δέει
3452 3430 3550 3498 μὲν
3573 3425 3713 3498 ἦσαν
3748 3429 4009 3491 ἅπαντες,

2433 3518 2530 3581 τὰς
2567 3518 2794 3582 ἀπειλὰς
2840 3520 3194 3588 πεφρικότες.
3221 3522 3281 3572 Οἱ
3312 3520 3368 3572 δὲ
3399 3521 3497 3590 τήν
3554 3520 3833 3590 ὑπώρειαν
3852 3521 3898 3551 ⁵³
3931 3523 4010 3573 oi-

2433 3608 2657 3671 κοῦντες
2698 3608 2799 3677 τῆς
2850 3608 3054 3679 ἀρετῆς
3108 3610 3361 3678 ἀθληταὶ,
3396 3609 3580 3663 πολλοὶ
3598 3610 3655 3662 δέ
3698 3605 3838 3678 ἦσαν
3859 3626 4010 3676 τηνιο

2433 3699 2608 3753 καῦτα
2670 3700 2765 3753 καὶ
2818 3699 3069 3770 ἄριστοι,
3128 3700 3327 3763 πολλὰς
3367 3700 3462 3752 καὶ
3520 3699 3871 3768 παραινέσεις
3913 3700 4009 3753 καὶ

2433 3795 2808 3867 παρακλήσεις
2849 3798 2961 3858 τοῖς
3008 3795 3265 3865 ἀνδράσιν
3325 3794 3552 3855 ἐκείνοις
3601 3795 3985 3863 προσήνεγκαν

2431 3887 2756 3947 Μακεδόνως
2790 3888 2846 3941 δὲ
2883 3889 2909 3940 ό
2935 3888 3228 3949 θειότατος,
3254 3887 3405 3939 οὐδὲν
3457 3885 3555 3954 μὲν
3604 3885 3713 3936 τῶν
3750 3885 3887 3937 κατὰ
3913 3886 4012 3941 τὸν

2431 3980 2544 4050 βίον
2574 3980 2955 4049 ἐπιστάμενος,
2991 3980 3084 4033 καὶ
3115 3979 3223 4031 τῶν
3260 3978 3420 4031 Θείων
3443 3978 3499 4031 δὲ
3525 3977 3720 4045 λογίων
3770 3977 4003 4045 πάμπαν

2431 4072 2659 4141 ἄπειρος
2683 4069 2780 4135 ὢν,
2812 4072 2869 4121 ἐν
2894 4070 2951 4122 δέ
2982 4072 3105 4132 ταῖς
3144 4070 3251 4121 τῶν
3292 4068 3435 4138 όρῶν
3486 4068 3751 4137 κορυφαῖς
3794 4063 4014 4119 διαιτὼο

2432 4178 2612 4230 μενος,
2645 4162 2738 4213 καὶ
2772 4160 2989 4229 νύκτωρ
3012 4162 3107 4213 καὶ
3136 4160 3254 4228 μεθ’
3302 4160 3514 4231 ἡμέραν
3548 4160 3624 4229 τῷ
3651 4159 3865 4229 Σωτῆρι
3895 4159 4009 4212 τῶν

2428 4252 2563 4304 ὅλων
2618 4250 2863 4321 καθαρὰς
2910 4251 3233 4322 προσφέρων
3261 4250 3446 4319 εὐχὰς,
3479 4250 3540 4302 οὐ
3581 4248 3675 4302 τοῦ
3736 4250 4006 4319 βασιλέως

2428 4344 2801 4411 καταπλαγεὶς
2839 4344 2936 4414 τὴν
2960 4344 3137 4413 ὁρμὴν
3155 4344 3221 4406 ⁸³,
3253 4342 3312 4396 οὗ
3324 4361 3376 4396 τε
3408 4346 3515 4411 μὴν
3529 4342 3637 4394 τῶν
3660 4343 4001 4395 ἀποσταλέν-

2426 4453 2534 4489 των
2554 4437 2653 4507 τὴν
2678 4437 2927 4495 ἐξουσίαν
2955 4439 3034 4500 είς
3063 4436 3187 4489 νοῦν
3208 4436 3408 4498 λαὸὼν,
3431 4438 3487 4488 ἐν
3521 4436 3669 4505 μέσῳ
3718 4434 3795 4503 τῷ
3822 4435 4002 4496 ἄστει,

2428 4526 2529 4595 τῆς
2562 4526 2802 4597 χλανίδος
2836 4526 3063 4596 θατέρου
3098 4525 3414 4595 λαὸόμενος,
3439 4525 3777 4594 ἀμφοτέρους
3802 4526 3869 4576 ἐκ
3894 4524 4006 4575 τῶν

756 4619 921 4666 sunt:
958 4612 1049 4665 sed
1103 4614 1191 4666 ubi
1236 4615 1454 4680 quidam
1491 4614 1911 4685 praecedentium
1944 4616 2180 4672 hominis
2213 4619 2323 4671 vir-
2357 4596 2399 4649 D

2357 4596 2399 4649 D
2433 4596 2617 4673 ἵππων
2657 4619 2960 4688 καταόἧναι
3012 4617 3243 4671 κελεύει.
3274 4618 3337 4669 Ui
3364 4617 3421 4669 δέ
3460 4616 3653 4686 μικρδν
3700 4616 4002 4683 γερόντιον,

756 4710 925 4754 tutem
959 4702 1379 4771 signiﬁcassent,
1406 4714 1459 4758 et
1493 4719 1559 4758 ex
1589 4706 1744 4773 equis
1770 4704 2111 4771 desilierunt,
2150 4716 2205 4761 et
2236 4724 2328 4778 ge-.

754 4808 861 4845 nua
914 4793 1059 4846 illius
1092 4794 1324 4863 amplexi
1354 4796 1569 4848 veniam
1605 4803 1890 4864 rogarunt.
1933 4795 2069 4850 Tum
2103 4799 2210 4861 ille,
2246 4798 2329 4851 di-

751 4887 876 4939 vina
911 4885 1145 4939 refertus
1177 4888 1465 4954 sapientia,
1497 4888 1577 4942 sic
1609 4889 1733 4941 illos
1760 4888 1956 4944 allatus
1979 4898 2099 4944 est:
2131 4910 2149 4941 ι
2178 4890 2325 4956 iiaac,

754 4976 938 5038 amici,
956 4977 1263 5030 renuntiate
1286 4978 1601 5045 imperatori
1628 4996 1640 5031 :
1663 4992 1769 5031 non
1794 4978 2092 5047 imperator
2112 4987 2322 5034 tantum

752 5081 831 5126 es.
863 5082 1050 5119 verum
1083 5068 1244 5121 etiam
1279 5068 1461 5121 homo.
1493 5068 1672 5133 Quare
1697 5084 1765 5124 ne
1794 5071 1968 5123 solum
2013 5081 2197 5141 specta
2220 5074 2321 5125 im-

756 5157 988 5225 perium,
1026 5157 1121 5211 sed
1184 5166 1436 5211 naturam
1468 5174 1685 5228 quoque
1717 5159 2026 5213 considera.
2057 5158 2192 5215 Nam
2226 5162 2319 5230 qui

755 5252 916 5303 homo
976 5265 1067 5315 es,
1123 5260 1316 5303 natura
1361 5250 1668 5319 conjunctis
1716 5250 1953 5319 imperas
2000 5270 2011 5304 :
2060 5249 2126 5304 ad
2187 5253 2320 5305 ima-

755 5342 933 5410 ginem
970 5349 1146 5395 autem
1181 5350 1235 5395 et
1271 5340 1685 5396 similitudinem
1736 5340 1977 5394 divinam
2036 5341 2319 5396 hominum

2425 4709 2614 4778 εὐτελῆ
2670 4708 2812 4778 ῥάκη
2838 4708 2884 4739 ⁸⁸
2916 4708 3377 4777 περισεϐλημένον
3424 4706 3641 4767 ίδόντες,
3691 4704 3751 4756 τὸ
3782 4704 4005 4773 πρῶτον

2426 4800 2523 4868 μὲν
2547 4798 2887 4867 ἐχαλέπηναν
2920 4815 2932 4826 ·
2964 4799 3085 4850 ἐπεὶ
3101 4799 3147 4830 ⁵⁸
3170 4798 3227 4851 δέ
3258 4814 3405 4857 τινες
3430 4796 3537 4847 τῶν
3562 4795 3882 4864 ἡγουμένων
3906 4795 4005 4861 τὴν

2421 4889 2516 4943 τοῦ
2561 4890 2752 4959 ἀνδρὸς
2784 4890 3059 4958 ἐδήλωσαν
3104 4890 3333 4959 ἀρετήν,
3383 4885 3765 4955 κατεπήδησαν
3803 4900 3864 4935 τε
3894 4885 4006 4936 ἀπὸ

2421 4981 2530 5035 τῶν
2556 4982 2758 5045 ἵππων,
2802 4983 2896 5033 καὶ
2925 4981 3033 5033 τῶν
3082 4982 3290 5034 ἐκείνου
3319 4980 3559 5046 γονάτων
3609 4977 4004 5043 ἐπιλαϐόμενοι

2429 5071 2756 5139 συγγνώμην
2789 5071 3015 5140 ἐζήτουν
3033 5072 3101 5123 ⁸⁸.
3148 5070 3205 5123 Ὀ
3235 5070 3291 5121 δὲ
3321 5071 3419 5138 τῆς
3468 5068 3616 5131 Θείας
3667 5066 3859 5132 σοςρξας
3899 5068 4005 5134 ἐμ.-

2430 5160 2724 5229 φορηοεὶς,
2765 5161 2993 5213 τοιοῖσδε
3046 5160 3181 5230 πρὸς
3207 5160 3401 5221 αὐτοὺς
3445 5160 3713 5228 ἐχρήσατο
3772 5157 3992 5223 λόγοιςο

2434 5270 2451 5301 ι
2478 5252 2704 5314 Εἴπατε,
2735 5244 2779 5303 ὦ
2806 5252 2950 5319 φίλοι
2985 5251 3197 5321 ἄνδρες.
3225 5250 3303 5321 τῷ
3338 5250 3579 5319 βασιλεῖ’
3622 5248 3696 5302 Οὐ
3743 5247 4003 5314 βασιλεὺς

2430 5337 2480 5393 εἴ
2508 5342 2687 5411 μόνον,
2734 5343 2866 5396 ἀλλὰ
2898 5344 2991 5396 καὶ
3022 5343 3325 5413 ἄνθρωπος.
3362 5342 3452 5411 Μὴ
3484 5342 3663 5395 τοίνυν
3699 5342 3866 5412 μόνην
3896 5342 4002 5410 ὅρα

2037 5515 2267 5570 νΑΒΙίΕ
2310 5516 2710 5573 LECTIONES.

812 5665 857 5695 ⁸⁷
906 5678 1181 5760 πρωτέρα-
1197 5680 1402 5760 scribit
1434 5679 1622 5760 Steph.
1656 5680 1737 5760 __"'
1766 5680 2108 5760 Eoﬁuabesta
2143 5682 2307 5760 Basil.
2511 5681 2555 5712 δ’
2593 5681 2894 5760 παρέδωκε.
2938 5679 3099 5760 Basil.
3140 5680 3232 5760 ῦς.
3263 5686 3317 5733 et
3348 5678 3534 5760 διερῇ.
3571 5678 3818 5760 Iradidit
3866 5676 4002 5745 Epi-

754 5748 1113 5829 ρωπίας-ιχ)
1153 5750 1222 5829 5:}
1388 5748 1821 5829 ﬁxae/agitas“:
1855 5751 1985 5829 Gr.”
2009 5754 2111 5829 "_§
2145 5753 2294 5829 addit
2343 5753 2480 5829 idem
2520 5748 2685 5829 eum
2711 5752 2920 5829 διερῇ...
2964 5751 3007 5781 ⁸³
3041 5750 3316 5829 ὑπωρίαν..
3354 5748 3539 5829 ῐξξιειιη
3568 5748 3661 5803 Gr.
3725 5749 3773 5781 ⁸³
3797 5749 3995 5817 ὀργην·

762 5818 927 5870 ldcm.
1003 5818 1047 5849 ⁵³
1089 5818 1271 5889 ρακέα.
1306 5818 1446 5875 Idem
1477 5836 1598 5875 cum
1630 5820 1857 5891 Niceph.
1898 5820 2010 5886 .\'ll,
2044 5823 2131 5876 Η.
2201 5822 2245 5854 ³⁸
2280 5822 2487 5889 ἐπειδὴ.
2520 5822 2685 5876 idem.
2755 5817 3058 5889 ’δέξῄτουν
3089 5817 3323 5874 malebat
3370 5817 3612 5873 Valesius
