4218 6456
209 412 303 474 124
320 410 337 472 1

1234 400 1824 466 ΕΕΕΕΕΞΙΑΒΤΙΟΕ
1852 400 2232 461 HISTORIA!)
2259 400 2402 461 LIB.
2432 400 2498 460 V.

3302 390 3436 455 1242

204 524 303 589 τὴν
334 517 631 589 βασιλείαν,
663 516 796 569 ἀλλά
821 517 913 590 καὶ
945 516 1042 587 τὴν
1071 515 1229 583 φύσιν
1258 516 1493 581 λογίζου.
1527 514 1768 584 Ἀνθρω-
1799 518 1841 573 Α

1799 518 1841 573 Α
1872 520 2066 563 natura
2102 518 2281 562 creata
2325 518 2427 563 est.
2469 505 2547 561 Ne
2576 506 2740 576 igitur
2770 514 2881 561 tam
2920 503 3219 560 crudeliter
3251 504 3439 555 imma-

206 627 307 672 πος
347 608 455 679 γὰρ
497 606 594 669 ὣν,
644 606 900 677 ὁμοφυῶν
946 606 1269 675 βασιλεύεις.
1323 607 1458 659 Κατ’
1492 605 1678 658 εἰκόνα
1716 604 1773 656 δὲ.

208 700 359 752 θείαν
382 699 474 752 καὶ
506 697 761 769 ὁμοίωσιν
793 696 958 766 ἡτῶν
985 696 1285 768 ἀνθρώπων
1318 694 1775 766 δεδημιούργηται

208 790 389 859 φύσις.
423 789 513 859 Μὴ
538 789 714 841 τοίνυν
739 787 905 857 ὠμῶς
934 786 1107 850 οὕτως
1130 789 1224 841 καὶ
1260 787 1487 858 ἀπηνῶς
1519 786 1613 839 τοῦ
1641 785 1775 838 Θεοῦ

205 884 305 947 τὴν
341 881 518 933 εἰκόνα
543 882 961 950 κατασφαγῆναι
1000 880 1282 951 κελεύσῃς.
1309 879 1635 949 Παροξυνείς
1668 877 1777 947 γὰρ

206 971 297 1024 τὸν
333 970 667 1041 Δημιουργὸν
692 971 791 1041 τὴν
817 971 1026 1023 ἐκείνου
1065 971 1304 1034 κολάζων
1334 970 1536 1025 εἰκόνα.
1564 970 1776 1039 Σκόπη-

210 1078 303 1115 σον
334 1061 443 1130 γὰρ
470 1061 545 1124 ὼς
575 1062 668 1113 καὶ
710 1063 773 1115 σὺ
810 1061 1018 1131 χαλκῆς
1049 1062 1210 1114 ἕνεκα
1239 1062 1609 1131 δυσχεραίνων
1639 1060 1779 1112 εἰκό-

209 1169 299 1215 νος
338 1152 507 1205 ταῦτα
552 1155 742 1215 ποιεῖς.
778 1154 942 1205 Ὅσον
967 1152 1022 1205 δὲ
1067 1154 1163 1222 τῆς
1227 1152 1435 1223 ἀψύχου
1478 1152 1780 1222 διαφέρειῆ

210 1241 454 1312 ἔμψυχός
469 1259 525 1294 τε
562 1244 654 1296 καὶ
679 1241 827 1305 ζῶσα
862 1243 957 1295 καὶ
984 1242 1195 1313 λογικὴ,
1233 1242 1393 1311 δῆλον
1442 1241 1613 1295 ἅπασι
1670 1242 1782 1302 τοῖς

211 1350 274 1400 γε
296 1333 420 1384 νοῦν
452 1332 654 1403 έχουσι.
690 1332 834 1403 Πρὸς
862 1332 916 1385 δὲ
950 1332 1162 1396 τούτοις
1193 1332 1499 1400 λογισάσθω
1533 1333 1779 1395 κάκεῖνα,

210 1422 285 1485 ὡς
317 1424 450 1491 ἡμῖν
489 1423 584 1491 μὲν
633 1423 811 1493 ῥᾴδιον
839 1424 960 1475 ἀντὶ
1005 1423 1103 1492 τῆς
1145 1425 1271 1492 μιᾶς
1321 1423 1526 1485 εἰκόνος
1580 1422 1781 1485 πολλάς

211 1497 615 1579 δημιουργῆσαι
671 1509 915 1579 χαλκὶς⁹
960 1509 1109 1579 αὐτῷ
1149 1510 1208 1561 δὲ
1263 1509 1495 1583 πάμπαν
1520 1509 1778 1562 ἀδύνατον

217 1603 349 1669 μίαν
395 1601 523 1667 γοῦν
554 1600 660 1652 τῶν
689 1600 1081 1671 ἀναιρεθέντων
1112 1593 1509 1670 δημιουργῆσαι
1542 1600 1721 1671 τρίχα.
1760 1621 1778 1652 ο

214 1692 402 1745 Ταῦτα
440 1692 764 1755 ἀκούσαντες
804 1694 852 1744 οἰ
901 1692 1203 1762 θαυμαστοὶ
1243 1693 1431 1763 ἄνδρες
1458 1694 1673 1755 ἐκεῖνοι,
1709 1692 1788 1745 δι-

215 1781 599 1853 επόρθμευσαν
643 1781 710 1835 τά
756 1783 1021 1854 εἰρημένα
1054 1782 1133 1852 τῷ
1162 1781 1386 1851 βασιλεῖ,
1437 1783 1530 1836 καὶ
1569 1783 1668 1853 τὴν
1693 1764 1807 1835 τοῦ·

216 1875 393 1944 θυμοῦ
450 1876 783 1929 κατέσϐεσαν
836 1877 1030 1944 φλόγα,
1082 1876 1176 1929 καὶ
1230 1876 1349 1928 ἀντι
1387 1877 1495 1928 τῶν
1545 1875 1784 1928 ἀπειλῶν
1827 1854 1865 1907 Β

216 1967 444 2019 ἐκείνων
468 1967 757 2034 ἀπολογίαν
790 1966 1017 2037 ἔγραψε,
1052 1968 1146 2020 καὶ
1168 1967 1266 2036 τῆς
1292 1968 1460 2037 ὀργῆς
1484 1968 1581 2037 τὴν
1608 1969 1789 2021 αἰτίαν

218 2058 505 2128 ἐδήλωσεν.
546 2077 565 2109 t
590 2060 702 2111 Οὐκ
742 2059 846 2112 ἔδει
876 2059 1003 2128 γὰρ,
1030 2058 1156 2129 ἔφη,
1186 2058 1319 2127 ἐμοῦ
1362 2059 1789 2129 πλημμελήσαν-

216 2166 329 2212 τος,
366 2153 596 2217 γυναῖκα
644 2151 822 2218 πάσης
861 2149 1135 2220 εὐφημίας
1188 2149 1493 2219 ἀξιωτάτην
1524 2151 1788 2219 τοσαύτην

222 2241 363 2309 μετά
425 2241 679 2312 τελευτὴν
732 2240 984 2305 δέξασθαι
1034 2241 1321 2311 παροινίαν
1351 2258 1362 2270 ·
1400 2242 1518 2295 κατ’
1553 2232 1685 2310 ἐμοῦ
1732 2243 1788 2294 δὲ

219 2330 393 2398 ἐχρῆν
449 2331 537 2383 τὸν
590 2332 757 2400 θυμὸν
804 2331 929 2395 τοὺς
986 2330 1428 2398 ἀγανακτοῦντας
1485 2332 1722 2384 ὁπλίσαι.
1765 2349 1783 2381 ι

219 2420 586 2489 Προστὲθεικε
615 2421 671 2474 δὲ
698 2422 771 2484 ὡς
802 2421 951 2475 ἀλύει
983 2424 1078 2473 καὶ
1106 2424 1344 2479 ἀνιᾶται.
1374 2421 1524 2483 τινὰς
1547 2421 1649 2473 ὑπὸ
1683 2422 1791 2474 τῶν

218 2512 500 2583 ἀρχόντων
523 2513 824 2585 ἀνῃρῆσθαι
859 2512 1063 2583 μαθών.
1096 2512 1402 2585 Ἐγὼβὲϐ]
1420 2514 1475 2566 δὲ
1512 2514 1683 2566 ταῦτα
1714 2513 1792 2565 δι-

1876 602 2129 669 niterque
2161 599 2252 652 Dei
2285 600 2572 668 imaginem
2601 598 2835 668 jugulari
2862 598 3165 669 praecipias.
3199 593 3441 650 lrritabis

1877 692 2020 746 enim
2053 688 2388 753 Creatorem,
2424 690 2477 742 in
2511 690 2631 757 ejus
2686 690 2916 744 sazviens
2966 689 3279 757 imaginem.
3313 685 3442 741 Per-

1878 781 2052 852 pende
2085 781 2225 834 enim
2260 790 2310 833 te
2350 788 2571 849 pr0pter
2623 794 2827 833 teneam
2882 787 3115 833 statuam
3175 777 3441 833 oll‘ensum

1880 876 1993 928 haec
2024 887 2200 940 agere.
2230 869 2443 935 Quanto
2474 880 2653 923 autem
2681 870 2935 923 inanima:
2965 878 3180 937 praestet
3205 873 3444 922 animata

1878 976 1931 1021 et
1968 967 2157 1020 vivens
2193 980 2256 1017 ac
2290 964 2502 1017 ratione
2534 965 2782 1033 praedita,
2818 964 3073 1019 omnibus
3103 965 3192 1031 qui
3225 978 3443 1015 sensum

1881 1056 2081 1108 habent
2119 1062 2200 1109 est
2231 1054 2605 1123 perSpicuum.
2639 1052 2770 1105 Illud
2818 1061 3079 1120 praeterea
3115 1051 3445 1115 consideret,

1881 1147 2041 1197 nobis
2066 1142 2282 1211 quidem
2318 1143 2476 1196 facile
2505 1158 2627 1197 esse
2658 1157 2755 1211 pro
2780 1142 2951 1211 eiligie
2984 1158 3090 1196 una
3119 1157 3293 1195 aereas
3321 1141 3451 1193 oml-

1882 1241 1967 1288 tas
2019 1234 2271 1287 fabricari
2308 1251 2319 1286 :
2352 1235 2527 1305 ipsum
2561 1250 2690 1289 vero
2725 1235 2806 1287 vel
2840 1250 3004 1287 unum
3036 1233 3448 1287 interfectorum

1883 1327 2137 1394 capillum
2172 1342 2363 1380 creare
2416 1327 2565 1380 nullo
2616 1326 2779 1381 modo
2811 1341 2992 1396 posse.
3032 1345 3049 1378 ι
3092 1324 3216 1380 Ιιαξο
3248 1324 3447 1394 egregii

1885 1418 1960 1471 illi
2009 1418 2110 1471 viri
2147 1434 2269 1471 cum
2304 1419 2666 1481 audivissent,
2706 1419 2770 1470 ad
2817 1420 3199 1487 imperatorem
3236 1415 3452 1485 singula

1884 1512 2207 1574 retulerunt,
2240 1519 2291 1563 et
2317 1512 2410 1564 iraa
2440 1509 2711 1563 ﬂammam
2741 1510 3143 1573 exstinxerunt,
3173 1510 3247 1561 ita
3276 1517 3333 1560 ut
3360 1520 3456 1577 pro

1886 1600 2052 1656 minis
2074 1603 2375 1672 apologiam
2400 1602 2689 1665 scriberet,
2715 1603 2917 1670 iraque
2946 1617 3171 1655 causam
3218 1612 3460 1668 expone-

1888 1701 1991 1746 ret.
2018 1711 2035 1743 t
2066 1694 2179 1747 Non
2202 1694 2505 1763 oportebat,
2531 1694 2725 1762 inquit,
2754 1708 2837 1746 me
2866 1701 3148 1762 peccante,
3175 1691 3458 1745 mulierem

1889 1786 2032 1837 omni
2060 1784 2221 1838 laude
2249 1785 2649 1853 dignissimam,
2679 1792 2802 1854 post
2832 1792 3062 1838 mortem
3089 1791 3295 1837 tantam
3327 1796 3463 1834 eon-

1894 1878 2172 1931 tumeliam
2216 1880 2528 1932 sustinere:
2560 1878 2653 1932 sed
2687 1879 2740 1931 in
2775 1893 2859 1932 me
2888 1892 3103 1932 armare
3133 1876 3359 1930 decebat
3388 1870 3463 1926 of-

1894 1968 2079 2023 feHSos
2116 1970 2537 2039 indignationem
2599 1984 2775 2024 suam.
2818 1987 2836 2020 ι
2874 1969 3113 2022 Addebat
3150 1979 3204 2022 et
3246 1963 3462 2035 1055

1895 2060 2080 2113 dolere
2128 2075 2186 2114 se
2221 2071 2384 2129 atque
2437 2062 2559 2129 angi
2596 2062 2799 2122 animo,
2835 2060 2979 2129 quod
3013 2060 3227 2127 aliquos
3258 2072 3286 2111 a
3320 2055 3466 2124 judi-

1894 2151 2051 2205 cibus
2106 2161 2413 2221 peremptos
2470 2153 2790 2222 accepisset.
2842 2152 2951 2221 Ego
3008 2165 3137 2204 vero
3176 2155 3463 2218 propterea

1897 2244 2011 2296 haec
2044 2244 2487 2308 commemoravi,
2523 2244 2663 2313 quod
2715 2244 2960 2313 iniquum
3001 2243 3255 2297 ducerem
3285 2238 3468 2291 lauda-

1896 2334 2148 2389 bilissitni
2180 2337 2427 2390 monachi
2471 2337 2772 2390 libertatem
2802 2337 2857 2389 in
2891 2335 3218 2390 oblivionem
3255 2330 3463 2393 venire,

1899 2435 1954 2479 et
1979 2438 2032 2480 ut
2066 2428 2197 2497 legis
2225 2428 2406 2499 magni
2433 2428 2705 2483 Ambrosii
2733 2443 2900 2483 suasu
2938 2426 3155 2496 scriptae
3177 2423 3467 2478 utilitatem

1902 2518 2271 2575 ostenderem.

220 2601 467 2670 εξῆλθον,
497 2602 709 2655 καὶτοῦ
740 2603 1095 2671 πανευφήμου
1139 2604 1462 2672 μονάζοντος
1512 2603 1609 2673 τὴν
1632 2605 1946 2675 παρῤησίαν
1977 2610 2073 2679 οὐχ
2108 2611 2457 2680 ἡγησάμενος
2513 2610 2718 2663 δίκαιον
2779 2608 3114 2682 παραδοῦναι
3160 2605 3319 2678 λήθῃ,
3377 2602 3473 2659 καὶ

221 2691 314 2743 τὸν
356 2692 521 2761 νόμον
564 2694 771 2745 ἐκεῖνον
828 2692 1042 2755 δεικνὺς
1076 2693 1420 2763 ὀνησιφόρον,
1449 2693 1508 2744 ὃν
1538 2695 1565 2746 ὁ
1596 2694 1767 2764 μέγας
1819 2695 2151 2767 Ἀμϐρόσιος
2184 2702 2461 2770 γραφῆναι
2488 2702 2813 2773 παρῄνεσεν.

821 2784 1068 2837 ΚΕΦΑΛ.
1112 2785 1197 2837 K'.

223 2876 364 2942 Περί
396 2872 516 2927 τῶν·
554 2875 860 2943 πανταχοῦ
910 2875 1019 2944 γῆς
1063 2875 1519 2929 καταλυθέντων
1541 2875 1700 2929 ναῶν
1731 2876 1798 2932 ⁸⁷.

306 2967 367 3018 ὐ
401 2966 459 3019 δὲ
513 2967 825 3028 πιστότατος
877 2965 1125 3036 βασιλεὺς
1169 2965 1308 3019 κατά
1342 2965 1442 3034 τῆς
1485 2965 1803 3035 Ἑλληνικῆς

2273 2789 2425 2844 CAP.
2464 2788 2577 2844 xx.
2613 2788 2701 2860 iv.
2734 2786 2947 2843 anon.
2978 2784 3096 2858 9.0.]

1901 2876 1978 2931 De
2033 2880 2237 2947 templis
2304 2879 2569 2933 idolorum
2611 2878 2799 2947 ubique
2858 2887 3124 2931 terrarum
3166 2872 3472 2927 destructis.

1970 2970 2353 3025 Fidelissimus
2408 2986 2573 3038 porro
2639 2970 2936 3036 imperator
2998 2966 3239 3021 studium
3312 2979 3473 3018 suum

225 3058 440 3127 πλάνης
499 3058 764 3129 μετέθηκε
812 3058 911 3128 τὴν
956 3058 1212 3128 σπουδὴν,
1238 3059 1332 3110 καὶ
1365 3059 1563 3127 νόμους
1600 3058 1800 3127 ἔγραψε
1829 3076 1871 3133 C

1829 3076 1871 3133 ε
1905 3061 2168 3114 adversus
2220 3061 2506 3130 gentilium
2560 3074 2801 3115 errorem
2867 3057 3171 3120 convertit,
3224 3057 3478 3126 legesque

225 3152 295 3204 τά
350 3149 463 3204 τῶν
521 3148 753 3202 εἰδώλων
794 3149 998 3219 τεμένη
1050 3147 1419 3219 καταλυθῆναι
1456 3150 1501 3180 ⁸⁸
1544 3150 1801 3204 κελεύων.

227 3240 639 3301 Κωνσταντῖνος
688 3240 785 3308 μὲν
815 3241 923 3307 γάρ
954 3240 982 3291 ὁ
1027 3238 1218 3308 μέγας,
1249 3237 1278 3289 ὁ
1309 3237 1487 3307 πάσης
1511 3237 1807 3301 ἀξιώτατος

229 3328 530 3395 εὐφημίας,
549 3326 762 3396 πρῶτος
791 3325 1040 3397 εὐσεϐείᾳ
1059 3326 1156 3397 τὴν
1196 3325 1468 3396 βασιλείαν
1503 3329 1806 3397 κοσμήσας,

230 3420 447 3489 καίτὴν
467 3420 790 3490 οἰκουμένην
833 3418 912 3471 ἔτι
946 3422 1249 3489 μεμηνυίαν
1287 3420 1449 3489 ὀρῶν,
1482 3421 1541 3473 τὸ
1573 3421 1669 3490 μὲν
1699 3422 1808 3484 τοῖς

232 3514 455 3584 δαίμοσι
488 3512 636 3566 θύειν
668 3514 1009 3565 παντάπασιν
1049 3513 1386 3583 ἀπηγόρευεο
1423 3515 1549 3575 τοὺς
1600 3513 1655 3565 δὲ
1690 3512 1811 3565 τού-

233 3624 343 3659 των
370 3608 531 3669 ναοὺς
557 3606 617 3658 οὐ
666 3605 981 3670 κατέλυσεν,
1015 3604 1129 3657 ἀλλ’
1177 3604 1411 3665 ἀϐάτους
1460 3600 1597 3656 εἷναι
1643 3621 1811 3671 προσ-

236 3702 419 3767 έταξε.
447 3700 555 3752 Καὶ
580 3699 761 3769 μέντοι
779 3700 872 3753 καὶ
892 3699 941 3753 oi
966 3699 1156 3751 τούτου
1184 3700 1371 3763 παῖδες
1401 3702 1512 3763 τοῖς
1544 3697 1813 3769 πατρῴοις

235 3790 611 3860 ⁴ἰγκολούθησαν
662 3790 883 3860 ἴχνεσιν.
928 3789 1211 3851 Ἰουλιανὸς
1240 3789 1298 3841 δὲ
1342 3789 1674 3842 ἀνενεώσατο
1717 3788 1813 3858 τὴν

236 3880 522 3943 ἀσέϐειαν,
550 3880 767 3949 καὶτῆς
790 3878 1025 3941 παλαιᾶς
1058 3878 1330 3945 ἐξαπάτης
1357 3878 1520 3946 ὲξῆψε
1551 3879 1646 3946 τὴν
1685 3877 1812 3944 φλό-

236 3987 331 4036 γα.
378 3967 634 4030 ἰοϐιανδς
680 3968 737 4021 δὲ
798 3969 894 4039 τὴν
944 3966 1222 4037 βασιλείαν
1278 3967 1627 4037 παραλαϐὼν,
1656 3968 1815 4020 πάλιν

235 4064 337 4131 τὴν
362 4062 472 4112 τῶν
504 4059 736 4112 εἰδώλων
776 4058 1014 4111 ἐκώλυσε
1062 4057 1356 4127 θεραπείαν
1377 4074 1389 4085 '
1420 4056 1515 4109 καὶ
1564 4055 1815 4107 Βαλεντι-

238 4154 422 4213 νιανδς
450 4152 506 4204 δὲ
535 4153 562 4203 ό
590 4151 761 4220 μέγας
798 4150 1025 4202 τοιοῖσδε
1086 4148 1421 4218 κεχρημένος
1455 4149 1636 4216 νόμοις
1672 4146 1815 4198 ἴθυνε

237 4243 340 4311 τὴν
398 4240 689 4311 Εὐρώπην.
742 4241 801 4292 'O
829 4240 885 4293 δὲ
915 4239 1091 4309 Βάλης
1143 4242 1277 4292 πᾶσι
1333 4240 1430 4309 μὲν
1460 4241 1582 4308 ίτοίς
1637 4237 1815 4293 ἀλλοις

239 4334 510 4402 ἐπέτρεψε
571 4331 896 4403 θρησκεύειν
1023 4332 1293 4401 βούλοιντο
1321 4332 1386 4397 ⁵⁸,
1428 4332 1517 4383 καὶ
1554 4330 1621 4382 τὰ
1680 4329 1814 4399 θρη-

1910 3153 2035 3205 tulit
2092 3152 2295 3221 quibus
2352 3154 2620 3206 idolorum
2674 3151 2903 3205 delubra
2965 3149 3173 3204 destrui
3226 3146 3475 3216 iubebat.

1909 3245 2308 3299 Constantinus
2375 3245 2520 3300 enim
2576 3258 2836 3314 magnus,
2881 3240 3029 3297 omni
3090 3238 3481 3310 praedicatione

1910 3336 2284 3403 dignissimus,
2324 3338 2415 3406 qui
2454 3336 2698 3406 primus'
2727 3334 2973 3389 omnium
3009 3333 3214 3402 pietate
3264 3330 3481 3384 ornavit

1912 3427 2224 3497 imperium,
2256 3443 2381 3481 cum
2437 3427 2626 3482 orbem
2680 3433 2952 3481 terrarum
2992 3424 3173 3477 adhuc
3209 3423 3479 3477 furentem

1913 3522 2141 3583 videret,
2190 3522 2495 3576 daemonum
2550 3522 2771 3591 quidem
2819 3520 3088 3575 sacrificia
3124 3520 3342 3588 penitus
3400 3516 3482 3569 in-

1914 3615 2155 3675 terdixit,
2184 3613 2375 3666 horum
2400 3623 2578 3666 tatnen
2614 3611 2738 3664 fana
2774 3626 2879 3663 non
2908 3610 3123 3672 evertit,
3149 3608 3240 3662 sed
3266 3605 3482 3660 occludi

1915 3706 2190 3772 prteccpit.
2231 3701 2404 3769 llujus
2444 3716 2663 3769 quoque
2704 3699 2799 3752 lilii
2849 3710 3075 3767 paterna
3129 3696 3358 3763 vestigia
3393 3710 3481 3749 se-

1914 3793 2027 3847 cuti
2086 3799 2237 3846 sunt.
2294 3791 2363 3844 At
2409 3789 2663 3844 Julianus
2705 3789 3040 3856 impietatem
3104 3785 3376 3848 restituit,
3430 3790 3484 3837 et

1916 3882 2134 3953 pristini
2169 3881 2376 3936 erroris
2425 3880 2695 3934 ﬂammam
2748 3878 3019 3932 accendit.
3050 3876 3310 3930 Jovianus
3356 3889 3487 3929 vero

1917 3973 2200 4042 imperium
2222 3973 2536 4042 excipiens,
2573 3971 2843 4024 idolorum
2879 3984 3070 4022 rursus
3106 3969 3315 4021 cultum
3360 3980 3487 4033 pro-

1919 4068 2092 4121 hibuit
2127 4089 2139 4120 :
2172 4073 2226 4119 et
2269 4066 2688 4119 Valentinianus
2726 4078 2946 4133 quoque
3001 4076 3235 4130 magnus
3293 4059 3484 4112 iisdem

1920 4160 2129 4226 legibus
2175 4158 2316 4211 rexit
2364 4156 2662 4226 Europam.
2709 4158 2777 4207 At
2830 4151 3063 4215 Valens,
3109 4152 3229 4205 aliis
3266 4150 3485 4218 quidem

1918 4250 2176 4303 omnibus
2219 4248 2470 4317 permisit
2509 4246 2829 4315 religionem
2881 4244 3037 4313 sequi
3069 4258 3232 4311 quam
3266 4242 3484 4303 vellent,

1925 4353 1980 4396 et
2019 4344 2087 4397 iis
2124 4345 2331 4397 servire
2355 4354 2495 4409 quos
2530 4338 2800 4391 haberent
2837 4350 2935 4405 pro
2975 4335 3081 4389 diis
3115 4352 3126 4385 :
3172 4334 3320 4387 solos
3361 4346 3488 4385 vero

241 4424 551 4493 σκευόμενα
578 4422 897 4494 θεραπεύειν
931 4438 945 4452 ³
980 4423 1160 4492 μόνοις
1208 4423 1263 4475 δὲ
1304 4424 1553 4492 πολεμῶν
1591 4422 1816 4475 διετέλει
1850 4402 1892 4455 θ

1850 4402 1892 4455 D
1924 4439 2227 4491 insectatus
2267 4442 2351 4487 est
2373 4402 2500 4494 eos,
2533 4430 2626 4499 qui
2672 4402 2976 4498 apostolica
3007 4425 3261 4494 dogmata
3297 4422 3487 4477 defen-

238 4521 356 4579 τοῖς
386 4514 495 4567 τῶν
516 4515 889 4567 ἀποστολικῶν
916 4514 1291 4583 ὑπερμαχοῦσι
1320 4514 1621 4585 δογμάτων.
1639 4514 1822 4567 Πάντα

239 4607 375 4676 γοῦν
412 4607 503 4657 τὸν
532 4605 632 4674 τῆς
665 4605 871 4658 ἐκείνου
924 4605 1195 4675 βασιλείας
1229 4605 1438 4675 χρόνον,
1478 4605 1570 4657 καὶ
1612 4605 1671 4657 τὸ
1706 4606 1824 4655 ὲπι-

244 4699 458 4767 ϐὡμιον
484 4698 687 4767 ἥπτετο
722 4696 853 4767 πῦρ,
887 4697 979 4749 καὶ
1016 4698 1242 4759 σπονδὰς
1274 4699 1363 4749 καὶ
1392 4697 1578 4759 θυσίας
1614 4699 1724 4759 τοῖς
1747 4698 1824 4748 εἰ-

241 4792 435 4852 δώλοις
478 4790 833 4859 προσέφερον,
864 4789 958 4841 καὶ
994 4790 1092 4850 τὰς
1141 4788 1487 4858 δημοθοινίας
1534 4788 1673 4840 κατὰ
1726 4787 1823 4858 τὴν

244 4882 457 4954 ἀγορὰν
492 4882 801 4943 ἐπετέλουν,
837 4882 929 4933 καὶ
958 4883 1004 4933 οἱ
1027 4880 1121 4932 τοῦ
1151 4880 1403 4932 Διονύσου
1440 4880 1507 4931 τὰ
1536 4880 1693 4948 ὄργια
1734 4896 1822 4930 τε·

244 4972 583 5041 τελεσμένοι,
618 4972 756 5041 μετά
804 4972 911 5024 τῶν
967 4972 1186 5039 αἰγίδων
1229 4972 1466 5041 ἔτρεχον,
1508 4972 1632 5033 τοὺς
1657 4972 1825 5034 κύνας

249 5064 605 5127 διασπῶντες,
646 5064 739 5114 καὶ
786 5064 1112 5132 μεμηνότες,
1162 5065 1254 5115 καὶ
1308 5062 1687 5132 βακχεύοντες,
1734 5064 1826 5114 καὶ

246 5155 423 5207 τᾶλλα
444 5155 488 5185 ⁸⁸
516 5154 769 5223 δρῶντες,
795 5154 829 5206 ἃ
858 5155 955 5224 τὴν
1002 5154 1094 5207 τοῦ
1137 5153 1455 5207 διδασκάλου
1498 5155 1757 5225 πονηρίαν
1783 5155 1826 5185 ⁶¹

248 5247 419 5315 δηλοῖ.
477 5244 663 5298 Ταῦτα
697 5248 873 5300 πάντα
916 5245 1191 5308 Θεοδόσιος
1235 5245 1408 5317 εὑρὼν
1440 5248 1467 5297 ό
1513 5247 1828 5307 πιστότατος

253 5336 507 5406 βασιλεὺς
535 5376 550 5400 ,
582 5336 852 5407 πρόρριζά
903 5354 961 5390 τε
1015 5336 1285 5390 ἀνέσπασε
1311 5380 1325 5403 ,
1367 5338 1461 5390 καὶ
1502 5337 1639 5410 λήθῃ
1682 5355 1823 5407 παρ-

252 5429 444 5482 έὸωκε.

1921 4529 2138 4582 debant.
2174 4525 2359 4592 Itaque
2389 4530 2504 4574 toto
2523 4522 2642 4586 ejus
2670 4519 2884 4586 imperii
2918 4526 3184 4585 tempore,
3208 4525 3263 4568 et
3297 4514 3351 4566 in
3378 4514 3491 4567 aris

1922 4618 2147 4671 ardebat
2180 4616 2353 4684 ignis,
2404 4620 2457 4667 et
2508 4611 2799 4665 libationes
2852 4616 3016 4677 atque
3063 4606 3273 4660 hostias
3330 4605 3493 4658 idolis

1921 4711 2245 4770 ollerebaut,
2281 4714 2334 4759 et
2369 4704 2620 4775 publicas
2651 4702 2843 4771 epulas
2867 4701 2920 4753 in
2955 4699 3075 4752 foro
3111 4696 3491 4758 celebrabant,

1923 4811 1977 4855 et
2029 4798 2224 4852 Bacchi
2280 4797 2452 4864 orgiis
2512 4793 2713 4847 initiati
2763 4806 2888 4845 cmn
2956 4789 3190 4857 pellibus
3254 4785 3497 4854 caprinis

1930 4893 2245 4954 currebant,
2310 4887 2523 4957 1056
2572 4900 2737 4939 canes
2786 4882 3150 4946 dilaniantes,
3214 4878 3495 4942 furentes,

1932 4984 2286 5044 bacchantes,
2314 4988 2368 5033 et
2400 4979 2505 5030 alia
2532 4986 2755 5045 agentes
2792 4988 2913 5043 qua:
2943 4971 3186 5041 magistri
3230 4965 3497 5037 improbi-o

1933 5086 2098 5129 tatem
2130 5072 2451 5125 ostendunt.
2491 5068 2615 5122 Haec
2664 5067 2849 5121 omnia
2908 5073 3106 5117 nactus
3152 5059 3498 5114 Theodosius

1938 5162 2288 5217 ﬁdelissimus
2345 5159 2665 5227 imperator,
2727 5154 2996 5207 radicitus
3061 5148 3387 5220 exstirpavit
3445 5152 3502 5201 et

1937 5252 2211 5308 oblivione
2240 5256 2499 5320 perpetua
2531 5246 2829 5301 damnavit.

1553 5520 1784 5574 VARIAE
1827 5516 2115 5574 LECTION
2127 5516 2223 5570 ES.

323 5680 373 5715 ⁸⁷
413 5676 706 5730 εἱὸωλικῶν
743 5678 948 5733 addunt
993 5689 1222 5734 exterae.
1265 5679 1416 5733 editt.

331 5764 382 5799 m
410 5748 601 5799 Steph.
672 5748 711 5779 "
748 5748 820 5799 Ita
854 5749 1022 5799 codex
1075 5749 1189 5799 Pini
1234 5759 1284 5799 et
1331 5750 1407 5799 (lli

255 5762 382 5801 cum
410 5762 505 5801 ate

1501 5678 1547 5708 ⁸⁸
1578 5677 1894 5730 καταλῦσαι.
1928 5675 2089 5727 Basil.
2123 5674 2217 5725 Gr.
2284 5672 2329 5702 "

589 5728 711 5800 .ﬁv‘l
746 5728 1771 5816 l—twa‘codeshbini-etr—tili‘t-islopliors..7
1820 5747 2060 5810 itemque
2120 5728 2456 5816 Epiphanius
2483 5740 2546 5792 IX
2576 5780 2590 5798 .
2630 5739 2716 5816 ὅθ,
2772 5736 3034 5804 probante
3086 5732 3317 5787 Valt-‘S'IO-
3350 5728 3501 5796 Quod

2367 5670 2663 5739 βούλονται.
2696 5667 2883 5739 ἰόθιιιη
2957 5666 3001 5694 ⁸⁸⁸
3032 5662 3122 5739 τά-
3153 5659 3301 5739 ἀλλα.
3355 5658 3501 5739 idem

255 5762 382 5821 cum
410 5748 601 5870 Steph.
672 5748 711 5779 "
748 5748 820 5802 Ita
854 5749 1022 5803 codex
1075 5749 1189 5803 Pini
1234 5759 1284 5803 et
1331 5750 1763 5816 Christophors..
1820 5748 2060 5810 itemque
2120 5748 2546 5812 Epiphaniust
2576 5780 2590 5798 .
2630 5748 2716 5798 δυ,
2772 5753 2868 5804 pro

254 5829 311 5873 et
337 5817 509 5886 δεῖσεν
552 5857 566 5871 .
598 5816 689 5871 XII
716 5858 730 5883 ,
772 5818 865 5883 25,
897 5821 1223 5874 conlirmare
1256 5820 1486 5873 videtur.
1527 5820 1692 5873 Basil.
1729 5817 1823 5871 Gr.
1870 5825 1921 5869 et
1962 5816 2145 5885 Steph.
2189 5812 2462 5869 habebant
2502 5828 2513 5862 :
2553 5811 2873 5879 πανήγυριν.
