  <div class='ocr_page' id='page_1' title='image "/cluster/home/n/w/nwhite01/storage/ocr_20150623/82/nnc1.0046979700/668.png"; bbox 0 0 4206 6456; ppageno 0'>
   <div class='ocr_carea' id='block_1_1' title="bbox 194 364 332 427">
    <p class='ocr_par' dir='ltr' id='par_1_1' title="bbox 194 364 332 427">
     <span class='ocr_line' id='line_1_1' title="bbox 194 364 332 427; baseline -0.014 0"><span class='ocrx_word' id='word_1_1' title='bbox 194 364 332 427; x_wconf 72' lang='grc'><strong>1245</strong></span> 
     </span>
    </p>
   </div>
   <div class='ocr_carea' id='block_1_2' title="bbox 1196 358 2478 421">
    <p class='ocr_par' dir='ltr' id='par_1_2' title="bbox 1196 358 2478 421">
     <span class='ocr_line' id='line_1_2' title="bbox 1196 358 2478 421; baseline 0.003 -4"><span class='ocrx_word' id='word_1_2' title='bbox 1196 358 1785 419; x_wconf 66' lang='grc' dir='ltr'><strong>ΕΟΕΙΕΒΙΑΞΤΙΕΈ</strong></span> <span class='ocrx_word' id='word_1_3' title='bbox 1824 361 2203 420; x_wconf 74' lang='lat' dir='ltr'><strong>HlSTOIlI/E</strong></span> <span class='ocrx_word' id='word_1_4' title='bbox 2236 363 2379 421; x_wconf 85' lang='lat' dir='ltr'><strong>LIB.</strong></span> <span class='ocrx_word' id='word_1_5' title='bbox 2412 364 2478 421; x_wconf 75' lang='grc' dir='ltr'>ν.</span> 
     </span>
    </p>
   </div>
   <div class='ocr_carea' id='block_1_3' title="bbox 3300 359 3436 422">
    <p class='ocr_par' dir='ltr' id='par_1_3' title="bbox 3300 359 3436 422">
     <span class='ocr_line' id='line_1_3' title="bbox 3300 359 3436 422; baseline 0 0"><span class='ocrx_word' id='word_1_6' title='bbox 3300 359 3436 422; x_wconf 65' lang='grc'>1246</span> 
     </span>
    </p>
   </div>
   <div class='ocr_carea' id='block_1_4' title="bbox 186 470 1780 546">
    <p class='ocr_par' dir='ltr' id='par_1_4' title="bbox 186 470 1763 546">
     <span class='ocr_line' id='line_1_4' title="bbox 186 470 1763 546; baseline -0.003 -18"><span class='ocrx_word' id='word_1_7' title='bbox 186 472 464 546; x_wconf 72' lang='grc' dir='ltr'><strong>τυραννίδι</strong></span> <span class='ocrx_word' id='word_1_8' title='bbox 503 470 595 523; x_wconf 71' lang='grc' dir='ltr'>τοῦ</span> <span class='ocrx_word' id='word_1_9' title='bbox 621 470 895 540; x_wconf 85' lang='grc' dir='ltr'>δαίμονος,</span> <span class='ocrx_word' id='word_1_10' title='bbox 930 470 1066 523; x_wconf 84' lang='grc' dir='ltr'><strong>ἀλλά</strong></span> <span class='ocrx_word' id='word_1_11' title='bbox 1106 471 1200 522; x_wconf 72' lang='grc' dir='ltr'><strong>καὶ</strong></span> <span class='ocrx_word' id='word_1_12' title='bbox 1240 472 1337 539; x_wconf 79' lang='grc' dir='ltr'><strong>τὴν</strong></span> <span class='ocrx_word' id='word_1_13' title='bbox 1366 470 1645 523; x_wconf 83' lang='grc' dir='ltr'>ἀσθένειαν</span> <span class='ocrx_word' id='word_1_14' title='bbox 1666 472 1763 540; x_wconf 76' lang='grc' dir='ltr'>τὴν</span> 
     </span>
    </p>
   </div>
   <div class='ocr_carea' id='block_1_5' title="bbox 1885 470 3433 546">
    <p class='ocr_par' dir='ltr' id='par_1_5' title="bbox 1885 473 3433 543">
     <span class='ocr_line' id='line_1_5' title="bbox 1885 473 3433 543; baseline 0 -18"><span class='ocrx_word' id='word_1_15' title='bbox 1885 474 2091 543; x_wconf 81' lang='lat' dir='ltr'><strong>najoris</strong></span> <span class='ocrx_word' id='word_1_16' title='bbox 2120 476 2304 530; x_wconf 90' lang='lat' dir='ltr'><strong>damni</strong></span> <span class='ocrx_word' id='word_1_17' title='bbox 2337 477 2631 531; x_wconf 83' lang='lat' dir='ltr'><strong>incredulis</strong></span> <span class='ocrx_word' id='word_1_18' title='bbox 2666 476 2755 530; x_wconf 79' lang='lat' dir='ltr'><strong>fiat</strong></span> <span class='ocrx_word' id='word_1_19' title='bbox 2782 476 3019 531; x_wconf 87' lang='lat' dir='ltr'><strong>occasio.</strong></span> <span class='ocrx_word' id='word_1_20' title='bbox 3061 473 3158 528; x_wconf 88' lang='lat' dir='ltr'><strong>His</strong></span> <span class='ocrx_word' id='word_1_21' title='bbox 3190 480 3242 528; x_wconf 88' lang='lat' dir='ltr'><strong>et</strong></span> <span class='ocrx_word' id='word_1_22' title='bbox 3275 475 3433 526; x_wconf 77' lang='lat' dir='ltr'><strong>simi—</strong></span> 
     </span>
    </p>
   </div>
   <div class='ocr_carea' id='block_1_6' title="bbox 187 559 1762 630">
    <p class='ocr_par' dir='ltr' id='par_1_6' title="bbox 187 559 1762 630">
     <span class='ocr_line' id='line_1_6' title="bbox 187 559 1762 630; baseline -0.004 -13"><span class='ocrx_word' id='word_1_23' title='bbox 187 564 400 617; x_wconf 70' lang='grc' dir='ltr'>ἐκείνου</span> <span class='ocrx_word' id='word_1_24' title='bbox 417 559 723 630; x_wconf 80' lang='grc' dir='ltr'>γυμνῶσαι,</span> <span class='ocrx_word' id='word_1_25' title='bbox 742 560 835 611; x_wconf 72' lang='grc' dir='ltr'>καὶ</span> <span class='ocrx_word' id='word_1_26' title='bbox 864 560 960 629; x_wconf 81' lang='grc' dir='ltr'>τὴν</span> <span class='ocrx_word' id='word_1_27' title='bbox 987 560 1191 612; x_wconf 77' lang='grc' dir='ltr'>οἰκείαν</span> <span class='ocrx_word' id='word_1_28' title='bbox 1220 560 1446 629; x_wconf 81' lang='grc' dir='ltr'>δύναμιν</span> <span class='ocrx_word' id='word_1_29' title='bbox 1482 560 1762 623; x_wconf 73' lang='grc' dir='ltr'>ἐπιδεῖξαι,</span> 
     </span>
    </p>
   </div>
   <div class='ocr_carea' id='block_1_7' title="bbox 189 649 1767 721">
    <p class='ocr_par' dir='ltr' id='par_1_7' title="bbox 189 649 1767 721">
     <span class='ocr_line' id='line_1_7' title="bbox 189 649 1767 721; baseline -0.003 -15"><span class='ocrx_word' id='word_1_30' title='bbox 189 658 274 706; x_wconf 75' lang='grc' dir='ltr'>ἵνα</span> <span class='ocrx_word' id='word_1_31' title='bbox 310 654 386 721; x_wconf 79' lang='grc' dir='ltr'>μὴ</span> <span class='ocrx_word' id='word_1_32' title='bbox 416 653 685 721; x_wconf 60' lang='grc' dir='ltr'>πρόφασις</span> <span class='ocrx_word' id='word_1_33' title='bbox 714 649 961 702; x_wconf 80' lang='grc' dir='ltr'>ἐντεῦθεν</span> <span class='ocrx_word' id='word_1_34' title='bbox 995 653 1107 713; x_wconf 88' lang='grc' dir='ltr'>τοῖς</span> <span class='ocrx_word' id='word_1_35' title='bbox 1129 650 1377 713; x_wconf 74' lang='grc' dir='ltr'><strong>ἀπίστοις</strong></span> <span class='ocrx_word' id='word_1_36' title='bbox 1402 651 1644 719; x_wconf 78' lang='grc' dir='ltr'>μείζονος</span> <span class='ocrx_word' id='word_1_37' title='bbox 1674 650 1767 717; x_wconf 90' lang='grc' dir='ltr'>γέ-</span> 
     </span>
    </p>
   </div>
   <div class='ocr_carea' id='block_1_8' title="bbox 187 741 1767 814">
    <p class='ocr_par' dir='ltr' id='par_1_8' title="bbox 187 741 1767 814">
     <span class='ocr_line' id='line_1_8' title="bbox 187 741 1767 814; baseline -0.003 -17"><span class='ocrx_word' id='word_1_38' title='bbox 187 762 342 814; x_wconf 54' lang='grc' dir='ltr'>νηται</span> <span class='ocrx_word' id='word_1_39' title='bbox 400 744 622 812; x_wconf 75' lang='grc' dir='ltr'>βλάϐης.</span> <span class='ocrx_word' id='word_1_40' title='bbox 668 742 853 794; x_wconf 81' lang='grc' dir='ltr'>Ταῦτα</span> <span class='ocrx_word' id='word_1_41' title='bbox 886 741 1039 814; x_wconf 70' lang='lat'><strong>[228]</strong></span> <span class='ocrx_word' id='word_1_42' title='bbox 1064 741 1255 803; x_wconf 87' lang='grc' dir='ltr'>είπὼν,</span> <span class='ocrx_word' id='word_1_43' title='bbox 1290 742 1384 793; x_wconf 66' lang='grc' dir='ltr'>καὶ</span> <span class='ocrx_word' id='word_1_44' title='bbox 1421 743 1518 794; x_wconf 80' lang='grc' dir='ltr'>ὅσα</span> <span class='ocrx_word' id='word_1_45' title='bbox 1561 741 1767 802; x_wconf 84' lang='grc' dir='ltr'>τούτοις</span> 
     </span>
    </p>
   </div>
   <div class='ocr_carea' id='block_1_9' title="bbox 193 836 1769 907">
    <p class='ocr_par' dir='ltr' id='par_1_9' title="bbox 193 836 1769 907">
     <span class='ocr_line' id='line_1_9' title="bbox 193 836 1769 907; baseline -0.001 -18"><span class='ocrx_word' id='word_1_46' title='bbox 193 838 469 907; x_wconf 78' lang='grc' dir='ltr'>παρόμοια</span> <span class='ocrx_word' id='word_1_47' title='bbox 494 877 508 898; x_wconf 93' lang='grc'><strong>,</strong></span> <span class='ocrx_word' id='word_1_48' title='bbox 537 839 631 890; x_wconf 68' lang='grc' dir='ltr'>καὶ</span> <span class='ocrx_word' id='word_1_49' title='bbox 664 838 870 901; x_wconf 77' lang='grc' dir='ltr'>ἐπιθεὶς</span> <span class='ocrx_word' id='word_1_50' title='bbox 921 837 1015 890; x_wconf 81' lang='grc' dir='ltr'>τοῦ</span> <span class='ocrx_word' id='word_1_51' title='bbox 1074 836 1309 907; x_wconf 86' lang='grc' dir='ltr'>σταυροῦ</span> <span class='ocrx_word' id='word_1_52' title='bbox 1348 837 1439 889; x_wconf 76' lang='grc' dir='ltr'><strong>τδν</strong></span> <span class='ocrx_word' id='word_1_53' title='bbox 1483 837 1651 888; x_wconf 87' lang='grc' dir='ltr'>τύπον</span> <span class='ocrx_word' id='word_1_54' title='bbox 1694 836 1769 905; x_wconf 81' lang='grc' dir='ltr'>τῷ</span> 
     </span>
    </p>
   </div>
   <div class='ocr_carea' id='block_1_10' title="bbox 193 928 1768 996">
    <p class='ocr_par' dir='ltr' id='par_1_10' title="bbox 193 928 1768 996">
     <span class='ocr_line' id='line_1_10' title="bbox 193 928 1768 996; baseline -0.003 -12"><span class='ocrx_word' id='word_1_55' title='bbox 193 930 369 993; x_wconf 79' lang='grc' dir='ltr'>ὕδατι,</span> <span class='ocrx_word' id='word_1_56' title='bbox 416 930 660 983; x_wconf 79' lang='grc' dir='ltr'>Ἐκύτιόν</span> <span class='ocrx_word' id='word_1_57' title='bbox 684 930 726 959; x_wconf 84' lang='grc'><strong>⁷⁷</strong></span> <span class='ocrx_word' id='word_1_58' title='bbox 762 946 883 981; x_wconf 86' lang='grc' dir='ltr'>τινα</span> <span class='ocrx_word' id='word_1_59' title='bbox 929 929 1205 991; x_wconf 71' lang='grc' dir='ltr'><strong>διακονίας</strong></span> <span class='ocrx_word' id='word_1_60' title='bbox 1231 928 1558 996; x_wconf 71' lang='grc' dir='ltr'><strong>ἠξιωμένον,</strong></span> <span class='ocrx_word' id='word_1_61' title='bbox 1590 929 1768 979; x_wconf 86' lang='grc' dir='ltr'>πίστει</span> 
     </span>
    </p>
   </div>
   <div class='ocr_carea' id='block_1_11' title="bbox 193 1018 1769 1091">
    <p class='ocr_par' dir='ltr' id='par_1_11' title="bbox 193 1018 1769 1091">
     <span class='ocr_line' id='line_1_11' title="bbox 193 1018 1769 1091; baseline -0.003 -18"><span class='ocrx_word' id='word_1_62' title='bbox 193 1022 287 1074; x_wconf 74' lang='grc' dir='ltr'><strong>καὶ</strong></span> <span class='ocrx_word' id='word_1_63' title='bbox 320 1020 467 1091; x_wconf 77' lang='grc' dir='ltr'>ζήλῳ</span> <span class='ocrx_word' id='word_1_64' title='bbox 494 1021 901 1091; x_wconf 72' lang='grc' dir='ltr'><strong>πεφραγμένον,</strong></span> <span class='ocrx_word' id='word_1_65' title='bbox 921 1020 1102 1073; x_wconf 78' lang='grc' dir='ltr'>λαϐεῖν</span> <span class='ocrx_word' id='word_1_66' title='bbox 1128 1037 1185 1072; x_wconf 89' lang='grc' dir='ltr'><strong>τε</strong></span> <span class='ocrx_word' id='word_1_67' title='bbox 1224 1020 1283 1072; x_wconf 80' lang='grc' dir='ltr'>τὸ</span> <span class='ocrx_word' id='word_1_68' title='bbox 1314 1020 1457 1088; x_wconf 71' lang='grc' dir='ltr'>ὕδωρ</span> <span class='ocrx_word' id='word_1_69' title='bbox 1496 1018 1769 1081; x_wconf 73' lang='grc' dir='ltr'>ἐκέλευσε,</span> 
     </span>
    </p>
   </div>
   <div class='ocr_carea' id='block_1_12' title="bbox 194 1109 1765 1181">
    <p class='ocr_par' dir='ltr' id='par_1_12' title="bbox 194 1109 1765 1181">
     <span class='ocr_line' id='line_1_12' title="bbox 194 1109 1765 1181; baseline -0.003 -18"><span class='ocrx_word' id='word_1_70' title='bbox 194 1112 287 1164; x_wconf 68' lang='grc' dir='ltr'><strong>καὶ</strong></span> <span class='ocrx_word' id='word_1_71' title='bbox 318 1112 406 1163; x_wconf 74' lang='grc' dir='ltr'>διὰ</span> <span class='ocrx_word' id='word_1_72' title='bbox 435 1112 632 1180; x_wconf 79' lang='grc' dir='ltr'><strong>τάχους</strong></span> <span class='ocrx_word' id='word_1_73' title='bbox 650 1110 899 1181; x_wconf 80' lang='grc' dir='ltr'><strong>δραμεῖν,</strong></span> <span class='ocrx_word' id='word_1_74' title='bbox 921 1111 1014 1162; x_wconf 73' lang='grc' dir='ltr'><strong>καὶ</strong></span> <span class='ocrx_word' id='word_1_75' title='bbox 1036 1110 1173 1177; x_wconf 86' lang='grc' dir='ltr'><strong>μετά</strong></span> <span class='ocrx_word' id='word_1_76' title='bbox 1199 1110 1436 1169; x_wconf 81' lang='grc' dir='ltr'>πίστεως</span> <span class='ocrx_word' id='word_1_77' title='bbox 1456 1109 1765 1177; x_wconf 73' lang='grc' dir='ltr'>διαρῤἄναι,</span> 
     </span>
    </p>
   </div>
   <div class='ocr_carea' id='block_1_13' title="bbox 194 1198 1770 1275">
    <p class='ocr_par' dir='ltr' id='par_1_13' title="bbox 194 1198 1770 1275">
     <span class='ocr_line' id='line_1_13' title="bbox 194 1198 1770 1275; baseline -0.004 -19"><span class='ocrx_word' id='word_1_78' title='bbox 194 1203 290 1257; x_wconf 73' lang='grc' dir='ltr'><strong>καὶ</strong></span> <span class='ocrx_word' id='word_1_79' title='bbox 328 1203 426 1273; x_wconf 82' lang='grc' dir='ltr'>τὴν</span> <span class='ocrx_word' id='word_1_80' title='bbox 467 1202 641 1270; x_wconf 77' lang='grc' dir='ltr'>φλόγα</span> <span class='ocrx_word' id='word_1_81' title='bbox 692 1204 1097 1275; x_wconf 87' lang='grc' dir='ltr'>προσενεγκεῖν.</span> <span class='ocrx_word' id='word_1_82' title='bbox 1134 1200 1293 1255; x_wconf 73' lang='grc' dir='ltr'>Οὕτω</span> <span class='ocrx_word' id='word_1_83' title='bbox 1325 1199 1517 1253; x_wconf 87' lang='grc' dir='ltr'>τούτου</span> <span class='ocrx_word' id='word_1_84' title='bbox 1545 1198 1770 1267; x_wconf 83' lang='grc' dir='ltr'>γενομέ-</span> 
     </span>
    </p>
   </div>
   <div class='ocr_carea' id='block_1_14' title="bbox 195 1289 1769 1363">
    <p class='ocr_par' dir='ltr' id='par_1_14' title="bbox 195 1289 1769 1363">
     <span class='ocr_line' id='line_1_14' title="bbox 195 1289 1769 1363; baseline -0.002 -18"><span class='ocrx_word' id='word_1_85' title='bbox 195 1308 312 1355; x_wconf 67' lang='grc' dir='ltr'>νου,</span> <span class='ocrx_word' id='word_1_86' title='bbox 363 1291 679 1363; x_wconf 83' lang='grc' dir='ltr'>ἀπέδραμεν</span> <span class='ocrx_word' id='word_1_87' title='bbox 708 1293 801 1345; x_wconf 78' lang='grc'><strong>⁷⁸6</strong></span> <span class='ocrx_word' id='word_1_88' title='bbox 833 1293 1043 1363; x_wconf 89' lang='grc' dir='ltr'>δαίμων</span> <span class='ocrx_word' id='word_1_89' title='bbox 1090 1294 1188 1346; x_wconf 72' lang='grc' dir='ltr'><strong>οὐκ</strong></span> <span class='ocrx_word' id='word_1_90' title='bbox 1238 1292 1477 1358; x_wconf 76' lang='grc' dir='ltr'>ἐνεγκὼν</span> <span class='ocrx_word' id='word_1_91' title='bbox 1526 1292 1627 1361; x_wconf 77' lang='grc' dir='ltr'>τὴν</span> <span class='ocrx_word' id='word_1_92' title='bbox 1672 1289 1769 1342; x_wconf 77' lang='grc' dir='ltr'>τοῦ</span> 
     </span>
    </p>
   </div>
   <div class='ocr_carea' id='block_1_15' title="bbox 197 1378 1770 1452">
    <p class='ocr_par' dir='ltr' id='par_1_15' title="bbox 197 1378 1770 1452">
     <span class='ocr_line' id='line_1_15' title="bbox 197 1378 1770 1452; baseline -0.001 -21"><span class='ocrx_word' id='word_1_93' title='bbox 197 1378 390 1446; x_wconf 82' lang='grc' dir='ltr'>ὕδατος</span> <span class='ocrx_word' id='word_1_94' title='bbox 413 1382 718 1452; x_wconf 76' lang='grc' dir='ltr'>προσϐολήν</span> <span class='ocrx_word' id='word_1_95' title='bbox 750 1398 764 1412; x_wconf 86' lang='grc'><strong>·</strong></span> <span class='ocrx_word' id='word_1_96' title='bbox 792 1382 852 1434; x_wconf 83' lang='grc' dir='ltr'><strong>τὸ</strong></span> <span class='ocrx_word' id='word_1_97' title='bbox 878 1384 933 1435; x_wconf 84' lang='grc' dir='ltr'>δὲ</span> <span class='ocrx_word' id='word_1_98' title='bbox 965 1382 1075 1452; x_wconf 83' lang='grc' dir='ltr'>πῦρ</span> <span class='ocrx_word' id='word_1_99' title='bbox 1098 1382 1171 1445; x_wconf 83' lang='grc' dir='ltr'>ὡς</span> <span class='ocrx_word' id='word_1_100' title='bbox 1202 1382 1366 1451; x_wconf 79' lang='grc' dir='ltr'>ἐλαίῳ</span> <span class='ocrx_word' id='word_1_101' title='bbox 1389 1380 1465 1451; x_wconf 82' lang='grc' dir='ltr'>τῷ</span> <span class='ocrx_word' id='word_1_102' title='bbox 1492 1380 1770 1450; x_wconf 84' lang='grc' dir='ltr'>ἀντιπάλῳ</span> 
     </span>
    </p>
   </div>
   <div class='ocr_carea' id='block_1_16' title="bbox 196 1470 1773 1540">
    <p class='ocr_par' dir='ltr' id='par_1_16' title="bbox 196 1470 1773 1540">
     <span class='ocr_line' id='line_1_16' title="bbox 196 1470 1773 1540; baseline -0.001 -19"><span class='ocrx_word' id='word_1_103' title='bbox 196 1473 543 1540; x_wconf 60' lang='grc' dir='ltr'>χρησάμενον</span> <span class='ocrx_word' id='word_1_104' title='bbox 587 1471 779 1534; x_wconf 77' lang='grc' dir='ltr'>ὕδατι,</span> <span class='ocrx_word' id='word_1_105' title='bbox 809 1471 1105 1525; x_wconf 73' lang='grc' dir='ltr'>ἐπελάϐετό</span> <span class='ocrx_word' id='word_1_106' title='bbox 1166 1488 1225 1524; x_wconf 90' lang='grc' dir='ltr'><strong>τε</strong></span> <span class='ocrx_word' id='word_1_107' title='bbox 1277 1472 1382 1523; x_wconf 83' lang='grc' dir='ltr'><strong>τῶν</strong></span> <span class='ocrx_word' id='word_1_108' title='bbox 1445 1470 1646 1536; x_wconf 80' lang='grc' dir='ltr'>ξύλων,</span> <span class='ocrx_word' id='word_1_109' title='bbox 1680 1471 1773 1521; x_wconf 72' lang='grc' dir='ltr'><strong>καὶ</strong></span> 
     </span>
    </p>
   </div>
   <div class='ocr_carea' id='block_1_17' title="bbox 196 1549 1770 1631">
    <p class='ocr_par' dir='ltr' id='par_1_17' title="bbox 196 1549 1770 1631">
     <span class='ocr_line' id='line_1_17' title="bbox 196 1549 1770 1631; baseline 0.003 -23"><span class='ocrx_word' id='word_1_110' title='bbox 196 1558 369 1609; x_wconf 71' lang='grc' dir='ltr'>ταῦτα</span> <span class='ocrx_word' id='word_1_111' title='bbox 396 1560 456 1609; x_wconf 76' lang='grc' dir='ltr'>ὲν</span> <span class='ocrx_word' id='word_1_112' title='bbox 495 1561 686 1631; x_wconf 79' lang='grc' dir='ltr'>ἀκαρεῖ</span> <span class='ocrx_word' id='word_1_113' title='bbox 713 1560 1110 1629; x_wconf 84' lang='grc' dir='ltr'>κατηνάλωσεν.</span> <span class='ocrx_word' id='word_1_114' title='bbox 1148 1563 1210 1613; x_wconf 79' lang='lat' dir='ltr'><strong>Ui</strong></span> <span class='ocrx_word' id='word_1_115' title='bbox 1238 1549 1317 1613; x_wconf 77' lang='grc' dir='ltr'><strong>δὲ’</strong></span> <span class='ocrx_word' id='word_1_116' title='bbox 1336 1560 1511 1622; x_wconf 83' lang='grc' dir='ltr'>κίονες</span> <span class='ocrx_word' id='word_1_117' title='bbox 1543 1560 1770 1629; x_wconf 72' lang='grc' dir='ltr'>φρού-ἰου</span> 
     </span>
    </p>
   </div>
   <div class='ocr_carea' id='block_1_18' title="bbox 195 1645 1773 1720">
    <p class='ocr_par' dir='ltr' id='par_1_18' title="bbox 195 1645 1773 1720">
     <span class='ocr_line' id='line_1_18' title="bbox 195 1645 1773 1720; baseline 0.004 -26"><span class='ocrx_word' id='word_1_118' title='bbox 195 1645 290 1697; x_wconf 74' lang='grc' dir='ltr'>τοῦ</span> <span class='ocrx_word' id='word_1_119' title='bbox 344 1648 641 1716; x_wconf 79' lang='grc' dir='ltr'>ἐρείδοντος</span> <span class='ocrx_word' id='word_1_120' title='bbox 679 1650 975 1720; x_wconf 82' lang='grc' dir='ltr'>γενομένου</span> <span class='ocrx_word' id='word_1_121' title='bbox 1020 1650 1171 1702; x_wconf 76' lang='grc' dir='ltr'>αὐτοί</span> <span class='ocrx_word' id='word_1_122' title='bbox 1209 1667 1267 1702; x_wconf 90' lang='grc' dir='ltr'><strong>τε</strong></span> <span class='ocrx_word' id='word_1_123' title='bbox 1318 1650 1635 1711; x_wconf 80' lang='grc' dir='ltr'>κατέπεσον,</span> <span class='ocrx_word' id='word_1_124' title='bbox 1680 1652 1773 1702; x_wconf 77' lang='grc' dir='ltr'><strong>καὶ</strong></span> 
     </span>
    </p>
   </div>
   <div class='ocr_carea' id='block_1_19' title="bbox 195 1738 1774 1802">
    <p class='ocr_par' dir='ltr' id='par_1_19' title="bbox 195 1738 1774 1802">
     <span class='ocr_line' id='line_1_19' title="bbox 195 1738 1774 1802; baseline 0.003 -15"><span class='ocrx_word' id='word_1_125' title='bbox 195 1738 390 1799; x_wconf 71' lang='grc' dir='ltr'>ἄλλους</span> <span class='ocrx_word' id='word_1_126' title='bbox 424 1738 679 1792; x_wconf 80' lang='grc' dir='ltr'>εἰλκυσαν</span> <span class='ocrx_word' id='word_1_127' title='bbox 722 1741 1063 1793; x_wconf 78' lang='grc' dir='ltr'>δυοκαίδεκα.</span> <span class='ocrx_word' id='word_1_128' title='bbox 1093 1740 1201 1793; x_wconf 76' lang='grc' dir='ltr'>Καὶ</span> <span class='ocrx_word' id='word_1_129' title='bbox 1237 1740 1329 1793; x_wconf 71' lang='grc' dir='ltr'>τοῦ</span> <span class='ocrx_word' id='word_1_130' title='bbox 1360 1741 1464 1792; x_wconf 88' lang='grc' dir='ltr'>νεὼ</span> <span class='ocrx_word' id='word_1_131' title='bbox 1487 1740 1541 1792; x_wconf 84' lang='grc' dir='ltr'><strong>δὲ</strong></span> <span class='ocrx_word' id='word_1_132' title='bbox 1575 1740 1635 1792; x_wconf 72' lang='grc' dir='ltr'>τὸ</span> <span class='ocrx_word' id='word_1_133' title='bbox 1664 1744 1774 1802; x_wconf 84' lang='grc' dir='ltr'>τοῖς</span> 
     </span>
    </p>
   </div>
   <div class='ocr_carea' id='block_1_20' title="bbox 1868 563 3433 638">
    <p class='ocr_par' dir='ltr' id='par_1_20' title="bbox 1868 563 3433 638">
     <span class='ocr_line' id='line_1_20' title="bbox 1868 563 3433 638; baseline 0.003 -21"><span class='ocrx_word' id='word_1_134' title='bbox 1868 564 2010 618; x_wconf 83' lang='lat' dir='ltr'><strong>libus</strong></span> <span class='ocrx_word' id='word_1_135' title='bbox 2040 565 2221 625; x_wconf 83' lang='lat' dir='ltr'><strong>dictis.</strong></span> <span class='ocrx_word' id='word_1_136' title='bbox 2249 576 2300 621; x_wconf 91' lang='lat' dir='ltr'><strong>et</strong></span> <span class='ocrx_word' id='word_1_137' title='bbox 2341 568 2496 638; x_wconf 78' lang='lat' dir='ltr'><strong>signo</strong></span> <span class='ocrx_word' id='word_1_138' title='bbox 2526 569 2709 622; x_wconf 87' lang='lat' dir='ltr'><strong>erucis</strong></span> <span class='ocrx_word' id='word_1_139' title='bbox 2746 583 2899 636; x_wconf 72' lang='lat' dir='ltr'><strong>aqua:</strong></span> <span class='ocrx_word' id='word_1_140' title='bbox 2942 569 3230 637; x_wconf 82' lang='lat' dir='ltr'><strong>impresso,</strong></span> <span class='ocrx_word' id='word_1_141' title='bbox 3264 563 3433 632; x_wconf 80' lang='lat' dir='ltr'><strong>Equi-</strong></span> 
     </span>
    </p>
   </div>
   <div class='ocr_carea' id='block_1_21' title="bbox 1869 654 3436 725">
    <p class='ocr_par' dir='ltr' id='par_1_21' title="bbox 1869 654 3436 725">
     <span class='ocr_line' id='line_1_21' title="bbox 1869 654 3436 725; baseline -0.002 -18"><span class='ocrx_word' id='word_1_142' title='bbox 1869 657 2004 709; x_wconf 91' lang='lat' dir='ltr'><strong>tium</strong></span> <span class='ocrx_word' id='word_1_143' title='bbox 2044 658 2330 725; x_wconf 80' lang='lat' dir='ltr'><strong>quemdam</strong></span> <span class='ocrx_word' id='word_1_144' title='bbox 2358 676 2422 713; x_wconf 80' lang='lat' dir='ltr'><strong>ex</strong></span> <span class='ocrx_word' id='word_1_145' title='bbox 2460 659 2651 713; x_wconf 88' lang='lat' dir='ltr'><strong>ordine</strong></span> <span class='ocrx_word' id='word_1_146' title='bbox 2680 657 3058 719; x_wconf 81' lang='lat' dir='ltr'><strong>diaconorum,</strong></span> <span class='ocrx_word' id='word_1_147' title='bbox 3091 656 3195 710; x_wconf 85' lang='lat' dir='ltr'><strong>fide</strong></span> <span class='ocrx_word' id='word_1_148' title='bbox 3226 669 3288 707; x_wconf 91' lang='lat' dir='ltr'><strong>ac</strong></span> <span class='ocrx_word' id='word_1_149' title='bbox 3318 654 3436 707; x_wconf 81' lang='lat' dir='ltr'><strong>zelo</strong></span> 
     </span>
    </p>
   </div>
   <div class='ocr_carea' id='block_1_22' title="bbox 1869 746 3437 819">
    <p class='ocr_par' dir='ltr' id='par_1_22' title="bbox 1869 746 3437 819">
     <span class='ocr_line' id='line_1_22' title="bbox 1869 746 3437 819; baseline -0.003 -19"><span class='ocrx_word' id='word_1_150' title='bbox 1869 750 2161 809; x_wconf 82' lang='lat' dir='ltr'><strong>munitum,</strong></span> <span class='ocrx_word' id='word_1_151' title='bbox 2206 765 2401 816; x_wconf 82' lang='lat' dir='ltr'><strong>aquam</strong></span> <span class='ocrx_word' id='word_1_152' title='bbox 2451 753 2701 819; x_wconf 87' lang='lat' dir='ltr'><strong>accipere</strong></span> <span class='ocrx_word' id='word_1_153' title='bbox 2752 748 2928 818; x_wconf 83' lang='lat' dir='ltr'><strong>jubet,</strong></span> <span class='ocrx_word' id='word_1_154' title='bbox 2960 757 3011 801; x_wconf 87' lang='lat' dir='ltr'><strong>et</strong></span> <span class='ocrx_word' id='word_1_155' title='bbox 3045 748 3197 800; x_wconf 87' lang='lat' dir='ltr'><strong>ocius</strong></span> <span class='ocrx_word' id='word_1_156' title='bbox 3237 746 3350 807; x_wconf 85' lang='lat' dir='ltr'><strong>ire,</strong></span> <span class='ocrx_word' id='word_1_157' title='bbox 3383 752 3437 797; x_wconf 87' lang='lat' dir='ltr'><strong>et</strong></span> 
     </span>
    </p>
   </div>
   <div class='ocr_carea' id='block_1_23' title="bbox 1868 835 3433 910">
    <p class='ocr_par' dir='ltr' id='par_1_23' title="bbox 1868 835 3433 910">
     <span class='ocr_line' id='line_1_23' title="bbox 1868 835 3433 910; baseline -0.005 -18"><span class='ocrx_word' id='word_1_158' title='bbox 1868 853 1992 892; x_wconf 79' lang='lat' dir='ltr'><strong>Cum</strong></span> <span class='ocrx_word' id='word_1_159' title='bbox 2032 839 2134 892; x_wconf 81' lang='lat' dir='ltr'><strong>ﬁde</strong></span> <span class='ocrx_word' id='word_1_160' title='bbox 2173 855 2430 908; x_wconf 78' lang='lat' dir='ltr'><strong>spargere</strong></span> <span class='ocrx_word' id='word_1_161' title='bbox 2457 878 2471 900; x_wconf 91' lang='lat'><strong>,</strong></span> <span class='ocrx_word' id='word_1_162' title='bbox 2510 840 2798 910; x_wconf 77' lang='lat' dir='ltr'><strong>ignemque</strong></span> <span class='ocrx_word' id='word_1_163' title='bbox 2858 839 3169 891; x_wconf 80' lang='lat' dir='ltr'><strong>admovere.</strong></span> <span class='ocrx_word' id='word_1_164' title='bbox 3203 836 3322 901; x_wconf 84' lang='lat' dir='ltr'><strong>Quo</strong></span> <span class='ocrx_word' id='word_1_165' title='bbox 3360 835 3433 886; x_wconf 89' lang='lat' dir='ltr'><strong>ita</strong></span> 
     </span>
    </p>
   </div>
   <div class='ocr_carea' id='block_1_24' title="bbox 1872 928 3433 1000">
    <p class='ocr_par' dir='ltr' id='par_1_24' title="bbox 1872 928 3433 1000">
     <span class='ocr_line' id='line_1_24' title="bbox 1872 928 3433 1000; baseline -0.003 -19"><span class='ocrx_word' id='word_1_166' title='bbox 1872 931 2033 991; x_wconf 83' lang='lat' dir='ltr'><strong>facto,</strong></span> <span class='ocrx_word' id='word_1_167' title='bbox 2071 931 2281 984; x_wconf 76' lang='lat' dir='ltr'><strong>dzemon</strong></span> <span class='ocrx_word' id='word_1_168' title='bbox 2319 933 2553 985; x_wconf 76' lang='lat' dir='ltr'><strong>excessit</strong></span> <span class='ocrx_word' id='word_1_169' title='bbox 2603 948 2755 1000; x_wconf 63' lang='lat' dir='ltr'><strong>aqua}</strong></span> <span class='ocrx_word' id='word_1_170' title='bbox 2805 932 2911 984; x_wconf 90' lang='lat' dir='ltr'><strong>vim</strong></span> <span class='ocrx_word' id='word_1_171' title='bbox 2949 944 3057 982; x_wconf 91' lang='lat' dir='ltr'><strong>non</strong></span> <span class='ocrx_word' id='word_1_172' title='bbox 3116 928 3433 989; x_wconf 76' lang='lat' dir='ltr'><strong>sustinens;</strong></span> 
     </span>
    </p>
   </div>
   <div class='ocr_carea' id='block_1_25' title="bbox 1868 1018 3429 1089">
    <p class='ocr_par' dir='ltr' id='par_1_25' title="bbox 1868 1018 3429 1089">
     <span class='ocr_line' id='line_1_25' title="bbox 1868 1018 3429 1089; baseline -0.004 -16"><span class='ocrx_word' id='word_1_173' title='bbox 1868 1028 1922 1073; x_wconf 89' lang='lat' dir='ltr'><strong>ct</strong></span> <span class='ocrx_word' id='word_1_174' title='bbox 1949 1020 2109 1088; x_wconf 81' lang='lat' dir='ltr'><strong>ignis,</strong></span> <span class='ocrx_word' id='word_1_175' title='bbox 2142 1036 2280 1089; x_wconf 81' lang='lat' dir='ltr'><strong>aqua</strong></span> <span class='ocrx_word' id='word_1_176' title='bbox 2314 1021 2418 1073; x_wconf 86' lang='lat' dir='ltr'><strong>sibi</strong></span> <span class='ocrx_word' id='word_1_177' title='bbox 2455 1022 2730 1075; x_wconf 82' lang='lat' dir='ltr'><strong>contraria</strong></span> <span class='ocrx_word' id='word_1_178' title='bbox 2774 1022 2923 1073; x_wconf 88' lang='lat' dir='ltr'><strong>velut</strong></span> <span class='ocrx_word' id='word_1_179' title='bbox 2963 1019 3088 1071; x_wconf 88' lang='lat' dir='ltr'><strong>oleo</strong></span> <span class='ocrx_word' id='word_1_180' title='bbox 3135 1018 3429 1077; x_wconf 76' lang='lat' dir='ltr'><strong>excitatus,</strong></span> 
     </span>
    </p>
   </div>
   <div class='ocr_carea' id='block_1_26' title="bbox 1870 1103 3426 1182">
    <p class='ocr_par' dir='ltr' id='par_1_26' title="bbox 1870 1103 3426 1182">
     <span class='ocr_line' id='line_1_26' title="bbox 1870 1103 3426 1182; baseline -0.004 -18"><span class='ocrx_word' id='word_1_181' title='bbox 1870 1112 2014 1181; x_wconf 81' lang='lat' dir='ltr'><strong>ligna</strong></span> <span class='ocrx_word' id='word_1_182' title='bbox 2059 1111 2367 1182; x_wconf 89' lang='lat' dir='ltr'><strong>apprendit.</strong></span> <span class='ocrx_word' id='word_1_183' title='bbox 2419 1127 2591 1181; x_wconf 90' lang='lat' dir='ltr'><strong>eaque</strong></span> <span class='ocrx_word' id='word_1_184' title='bbox 2631 1120 2905 1165; x_wconf 89' lang='lat' dir='ltr'><strong>momento</strong></span> <span class='ocrx_word' id='word_1_185' title='bbox 2932 1108 3293 1175; x_wconf 89' lang='lat' dir='ltr'><strong>consumpsit.</strong></span> <span class='ocrx_word' id='word_1_186' title='bbox 3322 1103 3426 1159; x_wconf 85' lang='lat' dir='ltr'><strong>Co-</strong></span> 
     </span>
    </p>
   </div>
   <div class='ocr_carea' id='block_1_27' title="bbox 1872 1197 3436 1269">
    <p class='ocr_par' dir='ltr' id='par_1_27' title="bbox 1872 1197 3436 1269">
     <span class='ocr_line' id='line_1_27' title="bbox 1872 1197 3436 1269; baseline -0.004 -13"><span class='ocrx_word' id='word_1_187' title='bbox 1872 1204 2071 1259; x_wconf 70' lang='lat' dir='ltr'><strong>lumna:</strong></span> <span class='ocrx_word' id='word_1_188' title='bbox 2105 1219 2235 1257; x_wconf 84' lang='lat' dir='ltr'><strong>vero</strong></span> <span class='ocrx_word' id='word_1_189' title='bbox 2258 1245 2272 1269; x_wconf 91' lang='lat'><strong>,</strong></span> <span class='ocrx_word' id='word_1_190' title='bbox 2306 1204 2535 1258; x_wconf 90' lang='lat' dir='ltr'><strong>sublatis</strong></span> <span class='ocrx_word' id='word_1_191' title='bbox 2563 1219 2593 1259; x_wconf 90' lang='lat' dir='ltr'><strong>e</strong></span> <span class='ocrx_word' id='word_1_192' title='bbox 2622 1203 2801 1257; x_wconf 88' lang='lat' dir='ltr'><strong>medio</strong></span> <span class='ocrx_word' id='word_1_193' title='bbox 2847 1201 3129 1255; x_wconf 80' lang='lat' dir='ltr'><strong>fulmentis</strong></span> <span class='ocrx_word' id='word_1_194' title='bbox 3159 1240 3173 1261; x_wconf 95' lang='lat'><strong>,</strong></span> <span class='ocrx_word' id='word_1_195' title='bbox 3213 1208 3267 1251; x_wconf 90' lang='lat' dir='ltr'><strong>et</strong></span> <span class='ocrx_word' id='word_1_196' title='bbox 3302 1197 3436 1265; x_wconf 68' lang='lat' dir='ltr'><strong>ipsae</strong></span> 
     </span>
    </p>
   </div>
   <div class='ocr_carea' id='block_1_28' title="bbox 1872 1292 3435 1365">
    <p class='ocr_par' dir='ltr' id='par_1_28' title="bbox 1872 1292 3435 1365">
     <span class='ocr_line' id='line_1_28' title="bbox 1872 1292 3435 1365; baseline -0.004 -18"><span class='ocrx_word' id='word_1_197' title='bbox 1872 1296 2129 1365; x_wconf 73' lang='lat' dir='ltr'><strong>collapste</strong></span> <span class='ocrx_word' id='word_1_198' title='bbox 2192 1304 2354 1355; x_wconf 89' lang='lat' dir='ltr'><strong>sunt,</strong></span> <span class='ocrx_word' id='word_1_199' title='bbox 2405 1306 2458 1350; x_wconf 92' lang='lat' dir='ltr'><strong>et</strong></span> <span class='ocrx_word' id='word_1_200' title='bbox 2516 1295 2652 1349; x_wconf 87' lang='lat' dir='ltr'><strong>alias</strong></span> <span class='ocrx_word' id='word_1_201' title='bbox 2706 1292 2999 1348; x_wconf 84' lang='lat' dir='ltr'><strong>duodecim</strong></span> <span class='ocrx_word' id='word_1_202' title='bbox 3052 1295 3435 1351; x_wconf 79' lang='lat' dir='ltr'><strong>attraxcruut,</strong></span> 
     </span>
    </p>
   </div>
   <div class='ocr_carea' id='block_1_29' title="bbox 1872 1380 3434 1455">
    <p class='ocr_par' dir='ltr' id='par_1_29' title="bbox 1872 1380 3434 1455">
     <span class='ocr_line' id='line_1_29' title="bbox 1872 1380 3434 1455; baseline -0.006 -17"><span class='ocrx_word' id='word_1_203' title='bbox 1872 1387 2125 1455; x_wconf 85' lang='lat' dir='ltr'><strong>latusque</strong></span> <span class='ocrx_word' id='word_1_204' title='bbox 2194 1386 2433 1450; x_wconf 90' lang='lat' dir='ltr'><strong>delubri,</strong></span> <span class='ocrx_word' id='word_1_205' title='bbox 2476 1387 2493 1405; x_wconf 85' lang='lat'><strong>&#39;</strong></span> <span class='ocrx_word' id='word_1_206' title='bbox 2556 1384 2701 1455; x_wconf 87' lang='lat' dir='ltr'><strong>quod</strong></span> <span class='ocrx_word' id='word_1_207' title='bbox 2763 1384 3037 1439; x_wconf 87' lang='lat' dir='ltr'><strong>columnis</strong></span> <span class='ocrx_word' id='word_1_208' title='bbox 3101 1380 3434 1438; x_wconf 64' lang='lat' dir='ltr'><strong>adhaerebat,</strong></span> 
     </span>
    </p>
   </div>
   <div class='ocr_carea' id='block_1_30' title="bbox 1874 1466 3438 1543">
    <p class='ocr_par' dir='ltr' id='par_1_30' title="bbox 1874 1466 3438 1543">
     <span class='ocr_line' id='line_1_30' title="bbox 1874 1466 3438 1543; baseline -0.004 -18"><span class='ocrx_word' id='word_1_209' title='bbox 1874 1475 1987 1543; x_wconf 89' lang='lat' dir='ltr'><strong>pari</strong></span> <span class='ocrx_word' id='word_1_210' title='bbox 2026 1474 2185 1527; x_wconf 89' lang='lat' dir='ltr'><strong>ruina</strong></span> <span class='ocrx_word' id='word_1_211' title='bbox 2220 1474 2480 1529; x_wconf 84' lang='lat' dir='ltr'><strong>concidit.</strong></span> <span class='ocrx_word' id='word_1_212' title='bbox 2512 1472 2722 1543; x_wconf 76' lang='lat' dir='ltr'><strong>Fragor</strong></span> <span class='ocrx_word' id='word_1_213' title='bbox 2746 1484 2947 1537; x_wconf 86' lang='lat' dir='ltr'><strong>autem,</strong></span> <span class='ocrx_word' id='word_1_214' title='bbox 2978 1472 3069 1542; x_wconf 83' lang='lat' dir='ltr'><strong>qui</strong></span> <span class='ocrx_word' id='word_1_215' title='bbox 3096 1470 3290 1539; x_wconf 81' lang='lat' dir='ltr'><strong>ingens</strong></span> <span class='ocrx_word' id='word_1_216' title='bbox 3315 1466 3438 1529; x_wconf 89' lang='lat' dir='ltr'><strong>fuit,</strong></span> 
     </span>
    </p>
   </div>
   <div class='ocr_carea' id='block_1_31' title="bbox 1872 1560 3437 1633">
    <p class='ocr_par' dir='ltr' id='par_1_31' title="bbox 1872 1560 3437 1633">
     <span class='ocr_line' id='line_1_31' title="bbox 1872 1560 3437 1633; baseline -0.006 -16"><span class='ocrx_word' id='word_1_217' title='bbox 1872 1571 2039 1619; x_wconf 88' lang='lat' dir='ltr'><strong>totam</strong></span> <span class='ocrx_word' id='word_1_218' title='bbox 2070 1566 2257 1618; x_wconf 86' lang='lat' dir='ltr'><strong>urbem</strong></span> <span class='ocrx_word' id='word_1_219' title='bbox 2306 1574 2640 1633; x_wconf 80' lang='lat' dir='ltr'><strong>pervagatus</strong></span> <span class='ocrx_word' id='word_1_220' title='bbox 2696 1579 2889 1617; x_wconf 89' lang='lat' dir='ltr'><strong>omnes</strong></span> <span class='ocrx_word' id='word_1_221' title='bbox 2942 1564 3005 1615; x_wconf 89' lang='lat' dir='ltr'><strong>ad</strong></span> <span class='ocrx_word' id='word_1_222' title='bbox 3063 1560 3437 1631; x_wconf 76' lang='lat' dir='ltr'><strong>spectaculum</strong></span> 
     </span>
    </p>
   </div>
   <div class='ocr_carea' id='block_1_32' title="bbox 1871 1651 3441 1719">
    <p class='ocr_par' dir='ltr' id='par_1_32' title="bbox 1871 1651 3441 1719">
     <span class='ocr_line' id='line_1_32' title="bbox 1871 1651 3441 1719; baseline -0.006 -11"><span class='ocrx_word' id='word_1_223' title='bbox 1871 1654 2218 1709; x_wconf 77' lang='lat' dir='ltr'><strong>convocavit.</strong></span> <span class='ocrx_word' id='word_1_224' title='bbox 2249 1652 2352 1717; x_wconf 87' lang='lat' dir='ltr'><strong>Qui</strong></span> <span class='ocrx_word' id='word_1_225' title='bbox 2380 1654 2470 1706; x_wconf 92' lang='lat' dir='ltr'><strong>ubi</strong></span> <span class='ocrx_word' id='word_1_226' title='bbox 2514 1653 2696 1707; x_wconf 78' lang='lat' dir='ltr'><strong>infesti</strong></span> <span class='ocrx_word' id='word_1_227' title='bbox 2728 1652 2995 1706; x_wconf 60' lang='lat' dir='ltr'><strong>damonis</strong></span> <span class='ocrx_word' id='word_1_228' title='bbox 3024 1651 3201 1719; x_wconf 85' lang='lat' dir='ltr'><strong>fugam</strong></span> <span class='ocrx_word' id='word_1_229' title='bbox 3235 1661 3441 1716; x_wconf 79' lang='lat' dir='ltr'><strong>cogno-</strong></span> 
     </span>
    </p>
   </div>
   <div class='ocr_carea' id='block_1_33' title="bbox 1874 1739 3439 1807">
    <p class='ocr_par' dir='ltr' id='par_1_33' title="bbox 1874 1739 3439 1807">
     <span class='ocr_line' id='line_1_33' title="bbox 1874 1739 3439 1807; baseline -0.006 -11"><span class='ocrx_word' id='word_1_230' title='bbox 1874 1758 2018 1807; x_wconf 83' lang='lat' dir='ltr'><strong>vere,</strong></span> <span class='ocrx_word' id='word_1_231' title='bbox 2051 1742 2120 1796; x_wconf 88' lang='lat' dir='ltr'><strong>ad</strong></span> <span class='ocrx_word' id='word_1_232' title='bbox 2144 1741 2313 1796; x_wconf 90' lang='lat' dir='ltr'><strong>Deum</strong></span> <span class='ocrx_word' id='word_1_233' title='bbox 2345 1744 2729 1797; x_wconf 87' lang='lat' dir='ltr'><strong>universorum</strong></span> <span class='ocrx_word' id='word_1_234' title='bbox 2765 1743 3020 1797; x_wconf 82' lang='lat' dir='ltr'><strong>laudibus</strong></span> <span class='ocrx_word' id='word_1_235' title='bbox 3053 1739 3439 1794; x_wconf 84' lang='lat' dir='ltr'><strong>celebrandum</strong></span> 
     </span>
    </p>
   </div>
   <div class='ocr_carea' id='block_1_34' title="bbox 198 1821 1780 1904">
    <p class='ocr_par' dir='ltr' id='par_1_34' title="bbox 198 1829 1775 1902">
     <span class='ocr_line' id='line_1_34' title="bbox 198 1829 1775 1902; baseline 0.001 -22"><span class='ocrx_word' id='word_1_236' title='bbox 198 1829 343 1880; x_wconf 74' lang='grc' dir='ltr'>κίοσι</span> <span class='ocrx_word' id='word_1_237' title='bbox 368 1831 711 1900; x_wconf 72' lang='grc' dir='ltr'>συνημμένον</span> <span class='ocrx_word' id='word_1_238' title='bbox 733 1831 1038 1902; x_wconf 80' lang='grc' dir='ltr'>κατηνέχθη</span> <span class='ocrx_word' id='word_1_239' title='bbox 1071 1832 1302 1901; x_wconf 78' lang='grc' dir='ltr'>πλευρὸν</span> <span class='ocrx_word' id='word_1_240' title='bbox 1322 1872 1336 1896; x_wconf 94' lang='grc'><strong>,</strong></span> <span class='ocrx_word' id='word_1_241' title='bbox 1366 1832 1469 1884; x_wconf 78' lang='grc' dir='ltr'>ὑπὸ</span> <span class='ocrx_word' id='word_1_242' title='bbox 1506 1832 1603 1901; x_wconf 83' lang='grc' dir='ltr'>τῆς</span> <span class='ocrx_word' id='word_1_243' title='bbox 1630 1832 1775 1883; x_wconf 86' lang='grc' dir='ltr'>ὲκεί-</span> 
     </span>
    </p>
   </div>
   <div class='ocr_carea' id='block_1_35' title="bbox 1885 1821 3442 1904">
    <p class='ocr_par' dir='ltr' id='par_1_35' title="bbox 1885 1830 3442 1904">
     <span class='ocr_line' id='line_1_35' title="bbox 1885 1830 3442 1904; baseline -0.006 -17"><span class='ocrx_word' id='word_1_244' title='bbox 1885 1834 2114 1904; x_wconf 78' lang='lat' dir='ltr'><strong>linguam</strong></span> <span class='ocrx_word' id='word_1_245' title='bbox 2141 1834 2469 1889; x_wconf 81' lang='lat' dir='ltr'><strong>excitarunt.</strong></span> <span class='ocrx_word' id='word_1_246' title='bbox 2502 1832 2706 1887; x_wconf 84' lang='lat' dir='ltr'><strong>Eodem</strong></span> <span class='ocrx_word' id='word_1_247' title='bbox 2742 1834 2902 1887; x_wconf 88' lang='lat' dir='ltr'><strong>modo</strong></span> <span class='ocrx_word' id='word_1_248' title='bbox 2940 1834 3160 1887; x_wconf 83' lang='lat' dir='ltr'><strong>divinus</strong></span> <span class='ocrx_word' id='word_1_249' title='bbox 3193 1830 3279 1883; x_wconf 87' lang='lat' dir='ltr'><strong>hic</strong></span> <span class='ocrx_word' id='word_1_250' title='bbox 3306 1843 3442 1897; x_wconf 86' lang='lat' dir='ltr'><strong>pon-</strong></span> 
     </span>
    </p>
   </div>
   <div class='ocr_carea' id='block_1_36' title="bbox 198 1917 1777 1985">
    <p class='ocr_par' dir='ltr' id='par_1_36' title="bbox 198 1917 1777 1985">
     <span class='ocr_line' id='line_1_36' title="bbox 198 1917 1777 1985; baseline 0.005 -20"><span class='ocrx_word' id='word_1_251' title='bbox 198 1934 307 1967; x_wconf 79' lang='grc' dir='ltr'><strong>νων</strong></span> <span class='ocrx_word' id='word_1_252' title='bbox 359 1917 478 1985; x_wconf 80' lang='grc' dir='ltr'>βίας</span> <span class='ocrx_word' id='word_1_253' title='bbox 528 1920 905 1978; x_wconf 84' lang='grc' dir='ltr'>συνελκυσθέν,</span> <span class='ocrx_word' id='word_1_254' title='bbox 971 1922 1029 1975; x_wconf 85' lang='grc' dir='ltr'>Ὀ</span> <span class='ocrx_word' id='word_1_255' title='bbox 1056 1922 1113 1974; x_wconf 88' lang='grc' dir='ltr'>δὲ</span> <span class='ocrx_word' id='word_1_256' title='bbox 1166 1920 1371 1985; x_wconf 81' lang='grc' dir='ltr'>κτύπος</span> <span class='ocrx_word' id='word_1_257' title='bbox 1408 1922 1489 1985; x_wconf 88' lang='grc' dir='ltr'><strong>είς</strong></span> <span class='ocrx_word' id='word_1_258' title='bbox 1538 1923 1681 1974; x_wconf 82' lang='grc' dir='ltr'>ἆπαν</span> <span class='ocrx_word' id='word_1_259' title='bbox 1716 1921 1777 1973; x_wconf 76' lang='grc' dir='ltr'><strong>τὸ</strong></span> 
     </span>
    </p>
   </div>
   <div class='ocr_carea' id='block_1_37' title="bbox 198 2007 1778 2083">
    <p class='ocr_par' dir='ltr' id='par_1_37' title="bbox 198 2007 1778 2083">
     <span class='ocr_line' id='line_1_37' title="bbox 198 2007 1778 2083; baseline 0.003 -25"><span class='ocrx_word' id='word_1_260' title='bbox 198 2007 337 2058; x_wconf 71' lang='grc' dir='ltr'>ἄστυ</span> <span class='ocrx_word' id='word_1_261' title='bbox 365 2008 696 2077; x_wconf 83' lang='grc' dir='ltr'>διαδραμὼν,</span> <span class='ocrx_word' id='word_1_262' title='bbox 724 2012 891 2075; x_wconf 76' lang='grc' dir='ltr'>πολὺς</span> <span class='ocrx_word' id='word_1_263' title='bbox 920 2013 1027 2083; x_wconf 75' lang='grc' dir='ltr'><strong>γάρ</strong></span> <span class='ocrx_word' id='word_1_264' title='bbox 1049 2010 1136 2083; x_wconf 82' lang='grc' dir='ltr'>ἦν,</span> <span class='ocrx_word' id='word_1_265' title='bbox 1167 2014 1371 2076; x_wconf 74' lang='grc' dir='ltr'>πάντας</span> <span class='ocrx_word' id='word_1_266' title='bbox 1396 2016 1472 2075; x_wconf 84' lang='grc' dir='ltr'><strong>είς</strong></span> <span class='ocrx_word' id='word_1_267' title='bbox 1500 2012 1629 2064; x_wconf 85' lang='grc' dir='ltr'>θέαν</span> <span class='ocrx_word' id='word_1_268' title='bbox 1655 2030 1778 2064; x_wconf 85' lang='grc' dir='ltr'>συν-</span> 
     </span>
    </p>
   </div>
   <div class='ocr_carea' id='block_1_38' title="bbox 199 2100 1777 2173">
    <p class='ocr_par' dir='ltr' id='par_1_38' title="bbox 199 2100 1777 2173">
     <span class='ocr_line' id='line_1_38' title="bbox 199 2100 1777 2173; baseline 0.003 -22"><span class='ocrx_word' id='word_1_269' title='bbox 199 2100 444 2169; x_wconf 76' lang='grc' dir='ltr'>ἡγειρεν.</span> <span class='ocrx_word' id='word_1_270' title='bbox 504 2102 656 2156; x_wconf 71' lang='grc' dir='ltr'>Ἐπεὶ</span> <span class='ocrx_word' id='word_1_271' title='bbox 702 2104 756 2156; x_wconf 84' lang='grc' dir='ltr'><strong>δὲ</strong></span> <span class='ocrx_word' id='word_1_272' title='bbox 793 2106 839 2137; x_wconf 75' lang='grc'><strong>⁷⁸</strong></span> <span class='ocrx_word' id='word_1_273' title='bbox 870 2107 963 2158; x_wconf 78' lang='grc' dir='ltr'><strong>καὶ</strong></span> <span class='ocrx_word' id='word_1_274' title='bbox 1016 2105 1108 2158; x_wconf 80' lang='grc' dir='ltr'>τοῦ</span> <span class='ocrx_word' id='word_1_275' title='bbox 1178 2106 1471 2158; x_wconf 81' lang='grc' dir='ltr'>ἀντιπάλου</span> <span class='ocrx_word' id='word_1_276' title='bbox 1524 2106 1777 2173; x_wconf 74' lang='grc' dir='ltr'>δαίμονες</span> 
     </span>
    </p>
   </div>
   <div class='ocr_carea' id='block_1_39' title="bbox 200 2190 1777 2268">
    <p class='ocr_par' dir='ltr' id='par_1_39' title="bbox 200 2190 1777 2268">
     <span class='ocr_line' id='line_1_39' title="bbox 200 2190 1777 2268; baseline 0.003 -25"><span class='ocrx_word' id='word_1_277' title='bbox 200 2190 405 2257; x_wconf 81' lang='grc' dir='ltr'>ἔμαθον</span> <span class='ocrx_word' id='word_1_278' title='bbox 436 2192 537 2263; x_wconf 74' lang='grc' dir='ltr'>τὴν</span> <span class='ocrx_word' id='word_1_279' title='bbox 565 2195 765 2264; x_wconf 75' lang='grc' dir='ltr'>φυγὴν,</span> <span class='ocrx_word' id='word_1_280' title='bbox 783 2197 862 2260; x_wconf 82' lang='grc' dir='ltr'><strong>είς</strong></span> <span class='ocrx_word' id='word_1_281' title='bbox 888 2196 1162 2268; x_wconf 81' lang='grc' dir='ltr'>ὑμνῳδίαν</span> <span class='ocrx_word' id='word_1_282' title='bbox 1190 2197 1283 2249; x_wconf 78' lang='grc' dir='ltr'>τοῦ</span> <span class='ocrx_word' id='word_1_283' title='bbox 1325 2196 1460 2249; x_wconf 76' lang='grc' dir='ltr'>Θεοῦ</span> <span class='ocrx_word' id='word_1_284' title='bbox 1494 2196 1598 2249; x_wconf 85' lang='grc' dir='ltr'>τῶν</span> <span class='ocrx_word' id='word_1_285' title='bbox 1642 2197 1777 2249; x_wconf 80' lang='grc' dir='ltr'>ὅλων</span> 
     </span>
    </p>
   </div>
   <div class='ocr_carea' id='block_1_40' title="bbox 197 2281 1773 2356">
    <p class='ocr_par' dir='ltr' id='par_1_40' title="bbox 197 2281 1773 2356">
     <span class='ocr_line' id='line_1_40' title="bbox 197 2281 1773 2356; baseline 0.001 -19"><span class='ocrx_word' id='word_1_286' title='bbox 197 2282 297 2347; x_wconf 77' lang='grc' dir='ltr'><strong>τὴν</strong></span> <span class='ocrx_word' id='word_1_287' title='bbox 329 2281 575 2347; x_wconf 81' lang='grc' dir='ltr'>γλῶτταν</span> <span class='ocrx_word' id='word_1_288' title='bbox 599 2286 876 2356; x_wconf 74' lang='grc' dir='ltr'>ἐκίνησαν.</span> <span class='ocrx_word' id='word_1_289' title='bbox 911 2288 1065 2340; x_wconf 72' lang='grc' dir='ltr'>Οὕτω</span> <span class='ocrx_word' id='word_1_290' title='bbox 1099 2288 1193 2341; x_wconf 74' lang='grc' dir='ltr'>καὶ</span> <span class='ocrx_word' id='word_1_291' title='bbox 1219 2287 1385 2341; x_wconf 81' lang='grc' dir='ltr'>τᾶλλα</span> <span class='ocrx_word' id='word_1_292' title='bbox 1412 2287 1613 2356; x_wconf 78' lang='grc' dir='ltr'>τεμένη</span> <span class='ocrx_word' id='word_1_293' title='bbox 1644 2304 1773 2339; x_wconf 78' lang='grc' dir='ltr'>κατ-</span> 
     </span>
    </p>
   </div>
   <div class='ocr_carea' id='block_1_41' title="bbox 199 2370 1773 2450">
    <p class='ocr_par' dir='ltr' id='par_1_41' title="bbox 199 2370 1773 2450">
     <span class='ocr_line' id='line_1_41' title="bbox 199 2370 1773 2450; baseline 0.006 -29"><span class='ocrx_word' id='word_1_294' title='bbox 199 2370 393 2424; x_wconf 79' lang='grc' dir='ltr'>έλυσεν</span> <span class='ocrx_word' id='word_1_295' title='bbox 415 2375 443 2425; x_wconf 89' lang='grc' dir='ltr'><strong>ό</strong></span> <span class='ocrx_word' id='word_1_296' title='bbox 476 2374 614 2439; x_wconf 86' lang='grc' dir='ltr'>θεῖος</span> <span class='ocrx_word' id='word_1_297' title='bbox 646 2378 852 2442; x_wconf 77' lang='grc' dir='ltr'>ἐκεῖνος</span> <span class='ocrx_word' id='word_1_298' title='bbox 888 2380 1200 2450; x_wconf 84' lang='grc' dir='ltr'>ἀρχιερεύς.</span> <span class='ocrx_word' id='word_1_299' title='bbox 1226 2379 1404 2433; x_wconf 81' lang='grc' dir='ltr'>Πολλά</span> <span class='ocrx_word' id='word_1_300' title='bbox 1435 2380 1490 2433; x_wconf 79' lang='grc' dir='ltr'><strong>δὲ</strong></span> <span class='ocrx_word' id='word_1_301' title='bbox 1523 2380 1614 2433; x_wconf 78' lang='grc' dir='ltr'><strong>καὶ</strong></span> <span class='ocrx_word' id='word_1_302' title='bbox 1638 2378 1773 2432; x_wconf 75' lang='grc' dir='ltr'>ἄλλα</span> 
     </span>
    </p>
   </div>
   <div class='ocr_carea' id='block_1_42' title="bbox 196 2463 1778 2540">
    <p class='ocr_par' dir='ltr' id='par_1_42' title="bbox 196 2463 1778 2540">
     <span class='ocr_line' id='line_1_42' title="bbox 196 2463 1778 2540; baseline 0.007 -27"><span class='ocrx_word' id='word_1_303' title='bbox 196 2463 330 2532; x_wconf 78' lang='grc' dir='ltr'>περὶ</span> <span class='ocrx_word' id='word_1_304' title='bbox 364 2464 513 2518; x_wconf 76' lang='grc' dir='ltr'>τοῦδε</span> <span class='ocrx_word' id='word_1_305' title='bbox 557 2466 651 2519; x_wconf 75' lang='grc' dir='ltr'>τοῦ</span> <span class='ocrx_word' id='word_1_306' title='bbox 713 2468 903 2538; x_wconf 81' lang='grc' dir='ltr'>ἀνδρὸς</span> <span class='ocrx_word' id='word_1_307' title='bbox 954 2472 1047 2523; x_wconf 74' lang='grc' dir='ltr'><strong>καὶ</strong></span> <span class='ocrx_word' id='word_1_308' title='bbox 1080 2471 1201 2525; x_wconf 83' lang='grc' dir='ltr'>λίαν</span> <span class='ocrx_word' id='word_1_309' title='bbox 1235 2471 1538 2538; x_wconf 80' lang='grc' dir='ltr'>ἀξιάγαστα</span> <span class='ocrx_word' id='word_1_310' title='bbox 1588 2472 1778 2540; x_wconf 83' lang='grc' dir='ltr'>διηγή-</span> 
     </span>
    </p>
   </div>
   <div class='ocr_carea' id='block_1_43' title="bbox 1874 1918 3440 1995">
    <p class='ocr_par' dir='ltr' id='par_1_43' title="bbox 1874 1918 3440 1995">
     <span class='ocr_line' id='line_1_43' title="bbox 1874 1918 3440 1995; baseline -0.008 -15"><span class='ocrx_word' id='word_1_311' title='bbox 1874 1925 2007 1981; x_wconf 82' lang='lat' dir='ltr'><strong>tifex</strong></span> <span class='ocrx_word' id='word_1_312' title='bbox 2046 1927 2150 1979; x_wconf 90' lang='lat' dir='ltr'><strong>alia</strong></span> <span class='ocrx_word' id='word_1_313' title='bbox 2187 1941 2413 1995; x_wconf 84' lang='lat' dir='ltr'><strong>quoque.</strong></span> <span class='ocrx_word' id='word_1_314' title='bbox 2443 1925 2567 1978; x_wconf 83' lang='lat' dir='ltr'><strong>fana</strong></span> <span class='ocrx_word' id='word_1_315' title='bbox 2596 1924 2888 1979; x_wconf 80' lang='lat' dir='ltr'><strong>demolitus</strong></span> <span class='ocrx_word' id='word_1_316' title='bbox 2916 1933 3020 1977; x_wconf 88' lang='lat' dir='ltr'><strong>est.</strong></span> <span class='ocrx_word' id='word_1_317' title='bbox 3055 1923 3303 1989; x_wconf 85' lang='lat' dir='ltr'><strong>Cumque</strong></span> <span class='ocrx_word' id='word_1_318' title='bbox 3335 1918 3440 1969; x_wconf 88' lang='lat' dir='ltr'><strong>alia</strong></span> 
     </span>
    </p>
   </div>
   <div class='ocr_carea' id='block_1_44' title="bbox 1872 2014 3442 2088">
    <p class='ocr_par' dir='ltr' id='par_1_44' title="bbox 1872 2014 3442 2088">
     <span class='ocr_line' id='line_1_44' title="bbox 1872 2014 3442 2088; baseline -0.006 -17"><span class='ocrx_word' id='word_1_319' title='bbox 1872 2019 2143 2088; x_wconf 85' lang='lat' dir='ltr'><strong>permulta</strong></span> <span class='ocrx_word' id='word_1_320' title='bbox 2176 2018 2242 2071; x_wconf 90' lang='lat' dir='ltr'><strong>de</strong></span> <span class='ocrx_word' id='word_1_321' title='bbox 2274 2019 2374 2072; x_wconf 86' lang='lat' dir='ltr'><strong>hoc</strong></span> <span class='ocrx_word' id='word_1_322' title='bbox 2399 2018 2518 2071; x_wconf 91' lang='lat' dir='ltr'><strong>viro</strong></span> <span class='ocrx_word' id='word_1_323' title='bbox 2548 2017 2705 2070; x_wconf 85' lang='lat' dir='ltr'><strong>valde</strong></span> <span class='ocrx_word' id='word_1_324' title='bbox 2734 2014 3055 2071; x_wconf 89' lang='lat' dir='ltr'><strong>admiranda</strong></span> <span class='ocrx_word' id='word_1_325' title='bbox 3090 2016 3442 2083; x_wconf 87' lang='lat' dir='ltr'><strong>suppeterent</strong></span> 
     </span>
    </p>
   </div>
   <div class='ocr_carea' id='block_1_45' title="bbox 1871 2101 3442 2178">
    <p class='ocr_par' dir='ltr' id='par_1_45' title="bbox 1871 2101 3442 2178">
     <span class='ocr_line' id='line_1_45' title="bbox 1871 2101 3442 2178; baseline -0.004 -17"><span class='ocrx_word' id='word_1_326' title='bbox 1871 2125 1995 2178; x_wconf 72' lang='lat' dir='ltr'><strong>quae</strong></span> <span class='ocrx_word' id='word_1_327' title='bbox 2030 2124 2312 2163; x_wconf 85' lang='lat' dir='ltr'><strong>narrarem</strong></span> <span class='ocrx_word' id='word_1_328' title='bbox 2355 2108 2498 2177; x_wconf 89' lang='lat' dir='ltr'><strong>(nam</strong></span> <span class='ocrx_word' id='word_1_329' title='bbox 2529 2117 2580 2162; x_wconf 92' lang='lat' dir='ltr'><strong>et</strong></span> <span class='ocrx_word' id='word_1_330' title='bbox 2615 2108 2831 2163; x_wconf 84' lang='lat' dir='ltr'><strong>invictis</strong></span> <span class='ocrx_word' id='word_1_331' title='bbox 2874 2105 3206 2176; x_wconf 86' lang='lat' dir='ltr'><strong>martyribus</strong></span> <span class='ocrx_word' id='word_1_332' title='bbox 3237 2101 3442 2156; x_wconf 88' lang='lat' dir='ltr'><strong>scribe-</strong></span> 
     </span>
    </p>
   </div>
   <div class='ocr_carea' id='block_1_46' title="bbox 1874 2194 3444 2270">
    <p class='ocr_par' dir='ltr' id='par_1_46' title="bbox 1874 2194 3444 2270">
     <span class='ocr_line' id='line_1_46' title="bbox 1874 2194 3444 2270; baseline -0.007 -15"><span class='ocrx_word' id='word_1_333' title='bbox 1874 2202 1987 2263; x_wconf 85' lang='lat' dir='ltr'><strong>bat,</strong></span> <span class='ocrx_word' id='word_1_334' title='bbox 2041 2209 2095 2254; x_wconf 85' lang='lat' dir='ltr'><strong>et</strong></span> <span class='ocrx_word' id='word_1_335' title='bbox 2147 2216 2415 2270; x_wconf 81' lang='lat' dir='ltr'><strong>responsa</strong></span> <span class='ocrx_word' id='word_1_336' title='bbox 2468 2200 2803 2269; x_wconf 81' lang='lat' dir='ltr'><strong>accipiebat,</strong></span> <span class='ocrx_word' id='word_1_337' title='bbox 2856 2199 3185 2265; x_wconf 87' lang='lat' dir='ltr'><strong>tandemque</strong></span> <span class='ocrx_word' id='word_1_338' title='bbox 3218 2204 3271 2247; x_wconf 81' lang='lat' dir='ltr'><strong>et</strong></span> <span class='ocrx_word' id='word_1_339' title='bbox 3329 2194 3444 2261; x_wconf 90' lang='lat' dir='ltr'><strong>ipse</strong></span> 
     </span>
    </p>
   </div>
   <div class='ocr_carea' id='block_1_47' title="bbox 1879 2289 3441 2360">
    <p class='ocr_par' dir='ltr' id='par_1_47' title="bbox 1879 2289 3441 2360">
     <span class='ocr_line' id='line_1_47' title="bbox 1879 2289 3441 2360; baseline -0.005 -17"><span class='ocrx_word' id='word_1_340' title='bbox 1879 2292 2128 2360; x_wconf 80' lang='lat' dir='ltr'><strong>martyrii</strong></span> <span class='ocrx_word' id='word_1_341' title='bbox 2183 2306 2438 2343; x_wconf 84' lang='lat' dir='ltr'><strong>coronam</strong></span> <span class='ocrx_word' id='word_1_342' title='bbox 2481 2291 2714 2360; x_wconf 78' lang='lat' dir='ltr'><strong>adeptus</strong></span> <span class='ocrx_word' id='word_1_343' title='bbox 2764 2293 2891 2357; x_wconf 87' lang='lat' dir='ltr'><strong>est),</strong></span> <span class='ocrx_word' id='word_1_344' title='bbox 2927 2291 3038 2343; x_wconf 61' lang='lat' dir='ltr'><strong>haec</strong></span> <span class='ocrx_word' id='word_1_345' title='bbox 3089 2289 3141 2339; x_wconf 88' lang='lat' dir='ltr'><strong>in</strong></span> <span class='ocrx_word' id='word_1_346' title='bbox 3204 2298 3441 2354; x_wconf 65' lang='lat' dir='ltr'><strong>prmsens</strong></span> 
     </span>
    </p>
   </div>
   <div class='ocr_carea' id='block_1_48' title="bbox 1881 2374 3446 2451">
    <p class='ocr_par' dir='ltr' id='par_1_48' title="bbox 1881 2374 3446 2451">
     <span class='ocr_line' id='line_1_48' title="bbox 1881 2374 3446 2451; baseline -0.004 -18"><span class='ocrx_word' id='word_1_347' title='bbox 1881 2380 2086 2435; x_wconf 73' lang='lat' dir='ltr'><strong>referre</strong></span> <span class='ocrx_word' id='word_1_348' title='bbox 2139 2382 2490 2451; x_wconf 68' lang='lat' dir='ltr'><strong>supersedeo,</strong></span> <span class='ocrx_word' id='word_1_349' title='bbox 2541 2398 2609 2435; x_wconf 86' lang='lat' dir='ltr'><strong>ne</strong></span> <span class='ocrx_word' id='word_1_350' title='bbox 2664 2380 2976 2451; x_wconf 73' lang='lat' dir='ltr'><strong>prolixitate</strong></span> <span class='ocrx_word' id='word_1_351' title='bbox 3022 2379 3251 2431; x_wconf 85' lang='lat' dir='ltr'><strong>lectores</strong></span> <span class='ocrx_word' id='word_1_352' title='bbox 3283 2374 3446 2429; x_wconf 70' lang='lat' dir='ltr'><strong>taadio</strong></span> 
     </span>
    </p>
   </div>
   <div class='ocr_carea' id='block_1_49' title="bbox 1885 2469 3273 2537">
    <p class='ocr_par' dir='ltr' id='par_1_49' title="bbox 1885 2469 3273 2537">
     <span class='ocr_line' id='line_1_49' title="bbox 1885 2469 3273 2537; baseline -0.002 -14"><span class='ocrx_word' id='word_1_353' title='bbox 1885 2470 2135 2526; x_wconf 73' lang='lat' dir='ltr'><strong>alliciam.</strong></span> <span class='ocrx_word' id='word_1_354' title='bbox 2172 2472 2353 2537; x_wconf 84' lang='lat' dir='ltr'><strong>Quare</strong></span> <span class='ocrx_word' id='word_1_355' title='bbox 2381 2474 2447 2526; x_wconf 91' lang='lat' dir='ltr'><strong>ad</strong></span> <span class='ocrx_word' id='word_1_356' title='bbox 2479 2474 2642 2527; x_wconf 89' lang='lat' dir='ltr'><strong>aliam</strong></span> <span class='ocrx_word' id='word_1_357' title='bbox 2689 2472 3056 2525; x_wconf 86' lang='lat' dir='ltr'><strong>narrationem</strong></span> <span class='ocrx_word' id='word_1_358' title='bbox 3095 2469 3273 2521; x_wconf 90' lang='lat' dir='ltr'><strong>venio.</strong></span> 
     </span>
    </p>
   </div>
   <div class='ocr_carea' id='block_1_50' title="bbox 201 2555 3448 2634">
    <p class='ocr_par' dir='ltr' id='par_1_50' title="bbox 201 2555 3448 2634">
     <span class='ocr_line' id='line_1_50' title="bbox 201 2555 3448 2634; baseline 0.001 -29"><span class='ocrx_word' id='word_1_359' title='bbox 201 2571 350 2623; x_wconf 86' lang='grc' dir='ltr'>ματα</span> <span class='ocrx_word' id='word_1_360' title='bbox 372 2556 645 2624; x_wconf 73' lang='grc' dir='ltr'>ἕχων.καὶ</span> <span class='ocrx_word' id='word_1_361' title='bbox 680 2559 787 2629; x_wconf 75' lang='grc' dir='ltr'><strong>γὰρ</strong></span> <span class='ocrx_word' id='word_1_362' title='bbox 817 2564 927 2624; x_wconf 87' lang='grc' dir='ltr'>τοῖς</span> <span class='ocrx_word' id='word_1_363' title='bbox 954 2563 1267 2634; x_wconf 80' lang='grc' dir='ltr'>νικηφόροις</span> <span class='ocrx_word' id='word_1_364' title='bbox 1315 2562 1605 2616; x_wconf 79' lang='grc' dir='ltr'>ἐπέστελλε</span> <span class='ocrx_word' id='word_1_365' title='bbox 1642 2564 1915 2632; x_wconf 83' lang='grc' dir='ltr'>μάρτυσι,</span> <span class='ocrx_word' id='word_1_366' title='bbox 1992 2565 2085 2617; x_wconf 78' lang='grc' dir='ltr'><strong>καὶ</strong></span> <span class='ocrx_word' id='word_1_367' title='bbox 2135 2564 2482 2634; x_wconf 66' lang='grc' dir='ltr'>ἀντιγράφων</span> <span class='ocrx_word' id='word_1_368' title='bbox 2520 2564 2566 2595; x_wconf 80' lang='grc' dir='ltr'><strong>⁸ο</strong></span> <span class='ocrx_word' id='word_1_369' title='bbox 2625 2563 2884 2631; x_wconf 78' lang='grc' dir='ltr'>ἐτύγχανε</span> <span class='ocrx_word' id='word_1_370' title='bbox 2911 2602 2924 2623; x_wconf 88' lang='grc'><strong>,</strong></span> <span class='ocrx_word' id='word_1_371' title='bbox 2990 2562 3080 2614; x_wconf 72' lang='grc' dir='ltr'><strong>καὶ</strong></span> <span class='ocrx_word' id='word_1_372' title='bbox 3128 2558 3280 2620; x_wconf 82' lang='grc' dir='ltr'>τέλος</span> <span class='ocrx_word' id='word_1_373' title='bbox 3357 2555 3448 2609; x_wconf 78' lang='grc' dir='ltr'>καὶ</span> 
     </span>
    </p>
   </div>
   <div class='ocr_carea' id='block_1_51' title="bbox 196 2648 3450 2725">
    <p class='ocr_par' dir='ltr' id='par_1_51' title="bbox 196 2648 3450 2725">
     <span class='ocr_line' id='line_1_51' title="bbox 196 2648 3450 2725; baseline 0.002 -26"><span class='ocrx_word' id='word_1_374' title='bbox 196 2648 365 2707; x_wconf 74' lang='grc' dir='ltr'>αὐτὸς</span> <span class='ocrx_word' id='word_1_375' title='bbox 422 2650 515 2701; x_wconf 81' lang='grc' dir='ltr'><strong>τὸν</strong></span> <span class='ocrx_word' id='word_1_376' title='bbox 561 2649 668 2703; x_wconf 80' lang='grc' dir='ltr'>τῶν</span> <span class='ocrx_word' id='word_1_377' title='bbox 726 2652 1016 2723; x_wconf 79' lang='grc' dir='ltr'>μαρτύρων</span> <span class='ocrx_word' id='word_1_378' title='bbox 1063 2656 1345 2721; x_wconf 81' lang='grc' dir='ltr'>ἀνεδέξατο</span> <span class='ocrx_word' id='word_1_379' title='bbox 1370 2656 1413 2687; x_wconf 83' lang='grc'><strong>⁸¹</strong></span> <span class='ocrx_word' id='word_1_380' title='bbox 1464 2656 1759 2721; x_wconf 68' lang='grc' dir='ltr'>στέφανον,</span> <span class='ocrx_word' id='word_1_381' title='bbox 1798 2655 2098 2725; x_wconf 79' lang='grc' dir='ltr'>ἀναδύομαι</span> <span class='ocrx_word' id='word_1_382' title='bbox 2130 2656 2301 2709; x_wconf 79' lang='grc' dir='ltr'>ταῦτα</span> <span class='ocrx_word' id='word_1_383' title='bbox 2350 2657 2443 2709; x_wconf 78' lang='grc' dir='ltr'>νῦν</span> <span class='ocrx_word' id='word_1_384' title='bbox 2483 2658 2731 2725; x_wconf 76' lang='grc' dir='ltr'>ἱστορεῖν,</span> <span class='ocrx_word' id='word_1_385' title='bbox 2771 2656 2855 2707; x_wconf 76' lang='grc' dir='ltr'><strong>ἵνα</strong></span> <span class='ocrx_word' id='word_1_386' title='bbox 2888 2653 2961 2724; x_wconf 83' lang='grc' dir='ltr'>μὴ</span> <span class='ocrx_word' id='word_1_387' title='bbox 3016 2652 3134 2704; x_wconf 91' lang='grc' dir='ltr'>λίαν</span> <span class='ocrx_word' id='word_1_388' title='bbox 3196 2648 3450 2719; x_wconf 80' lang='grc' dir='ltr'>μηκύνων</span> 
     </span>
    </p>
   </div>
   <div class='ocr_carea' id='block_1_52' title="bbox 194 2741 2760 2818">
    <p class='ocr_par' dir='ltr' id='par_1_52' title="bbox 194 2741 2760 2818">
     <span class='ocr_line' id='line_1_52' title="bbox 194 2741 2760 2818; baseline 0.003 -25"><span class='ocrx_word' id='word_1_389' title='bbox 194 2741 497 2809; x_wconf 76' lang='grc' dir='ltr'>ἀποκνήσω</span> <span class='ocrx_word' id='word_1_390' title='bbox 532 2742 655 2803; x_wconf 62' lang='grc' dir='ltr'>τοὶς</span> <span class='ocrx_word' id='word_1_391' title='bbox 683 2744 1096 2813; x_wconf 79' lang='grc' dir='ltr'>ἐντευξομένους</span> <span class='ocrx_word' id='word_1_392' title='bbox 1122 2748 1186 2815; x_wconf 82' lang='grc' dir='ltr'>τῇ</span> <span class='ocrx_word' id='word_1_393' title='bbox 1219 2749 1532 2817; x_wconf 72' lang='grc' dir='ltr'>συγγραφῇ.</span> <span class='ocrx_word' id='word_1_394' title='bbox 1578 2748 1693 2815; x_wconf 82' lang='grc' dir='ltr'><strong>Ἐφ’</strong></span> <span class='ocrx_word' id='word_1_395' title='bbox 1719 2746 1911 2818; x_wconf 79' lang='grc' dir='ltr'>ἑτέραν</span> <span class='ocrx_word' id='word_1_396' title='bbox 1960 2748 2139 2799; x_wconf 78' lang='grc' dir='ltr'>τοίνυν</span> <span class='ocrx_word' id='word_1_397' title='bbox 2182 2748 2431 2818; x_wconf 81' lang='grc' dir='ltr'>διήγησιν</span> <span class='ocrx_word' id='word_1_398' title='bbox 2470 2747 2760 2818; x_wconf 65' lang='grc' dir='ltr'>τρέψομαι.</span> 
     </span>
    </p>
   </div>
   <div class='ocr_carea' id='block_1_53' title="bbox 787 2836 1211 2891">
    <p class='ocr_par' dir='ltr' id='par_1_53' title="bbox 787 2836 1211 2891">
     <span class='ocr_line' id='line_1_53' title="bbox 787 2836 1211 2891; baseline 0.007 -4"><span class='ocrx_word' id='word_1_399' title='bbox 787 2836 1040 2889; x_wconf 75' lang='grc' dir='ltr'><strong>ΚΕΦΑΛ.</strong></span> <span class='ocrx_word' id='word_1_400' title='bbox 1084 2837 1211 2891; x_wconf 66' lang='lat' dir='ltr'><strong>Kli’.</strong></span> 
     </span>
    </p>
   </div>
   <div class='ocr_carea' id='block_1_54' title="bbox 196 2925 1781 3007">
    <p class='ocr_par' dir='ltr' id='par_1_54' title="bbox 196 2925 1781 3007">
     <span class='ocr_line' id='line_1_54' title="bbox 196 2925 1781 3007; baseline 0.004 -30"><span class='ocrx_word' id='word_1_401' title='bbox 196 2925 345 3002; x_wconf 50' lang='lat' dir='ltr'><strong>&quot;cpi</strong></span> <span class='ocrx_word' id='word_1_402' title='bbox 402 2926 693 3007; x_wconf 39' lang='grc' dir='ltr'>Θεοφίλου</span> <span class='ocrx_word' id='word_1_403' title='bbox 753 2926 1090 3007; x_wconf 62' lang='grc' dir='ltr'>ἐίτισθιόπου</span> <span class='ocrx_word' id='word_1_404' title='bbox 1143 2929 1641 3007; x_wconf 52' lang='grc' dir='ltr'>ςΑλεξᾳγδρε-ιάς,</span> <span class='ocrx_word' id='word_1_405' title='bbox 1682 2932 1781 2984; x_wconf 80' lang='grc' dir='ltr'>καὶ</span> 
     </span>
    </p>
   </div>
   <div class='ocr_carea' id='block_1_55' title="bbox 270 2996 1779 3064">
    <p class='ocr_par' dir='ltr' id='par_1_55' title="bbox 270 2996 1779 3064">
     <span class='ocr_line' id='line_1_55' title="bbox 270 2996 1779 3064; baseline 0.004 -17"><span class='ocrx_word' id='word_1_406' title='bbox 270 2996 395 3047; x_wconf 82' lang='grc' dir='ltr'>τῶν</span> <span class='ocrx_word' id='word_1_407' title='bbox 444 2996 514 3047; x_wconf 76' lang='grc' dir='ltr'>ἐν</span> <span class='ocrx_word' id='word_1_408' title='bbox 556 2996 628 3062; x_wconf 73' lang='grc' dir='ltr'>τῇ</span> <span class='ocrx_word' id='word_1_409' title='bbox 700 2998 1036 3064; x_wconf 80' lang='grc' dir='ltr'>καθαιρέσει</span> <span class='ocrx_word' id='word_1_410' title='bbox 1096 2996 1215 3052; x_wconf 83' lang='grc' dir='ltr'>τῶν</span> <span class='ocrx_word' id='word_1_411' title='bbox 1265 2998 1527 3053; x_wconf 74' lang='grc' dir='ltr'>εἰδώλων</span> <span class='ocrx_word' id='word_1_412' title='bbox 1576 3004 1779 3055; x_wconf 77' lang='grc' dir='ltr'>αὐτόθι</span> 
     </span>
    </p>
   </div>
   <div class='ocr_carea' id='block_1_56' title="bbox 270 3065 706 3133">
    <p class='ocr_par' dir='ltr' id='par_1_56' title="bbox 270 3065 706 3133">
     <span class='ocr_line' id='line_1_56' title="bbox 270 3065 706 3133; baseline 0.007 -17"><span class='ocrx_word' id='word_1_413' title='bbox 270 3065 706 3133; x_wconf 70' lang='grc' dir='ltr'>γεγενημένων.</span> 
     </span>
    </p>
   </div>
   <div class='ocr_carea' id='block_1_57' title="bbox 281 3157 1781 3231">
    <p class='ocr_par' dir='ltr' id='par_1_57' title="bbox 281 3157 1781 3231">
     <span class='ocr_line' id='line_1_57' title="bbox 281 3157 1781 3231; baseline 0.003 -21"><span class='ocrx_word' id='word_1_414' title='bbox 281 3157 821 3213; x_wconf 79' lang='grc' dir='ltr'>Ἀθανάσιονέκεῖνον</span> <span class='ocrx_word' id='word_1_415' title='bbox 852 3158 943 3212; x_wconf 69' lang='grc' dir='ltr'>τὸν</span> <span class='ocrx_word' id='word_1_416' title='bbox 967 3159 1399 3230; x_wconf 84' lang='grc' dir='ltr'>πολυθρύλλητον</span> <span class='ocrx_word' id='word_1_417' title='bbox 1424 3163 1452 3214; x_wconf 86' lang='grc' dir='ltr'>ὁ</span> <span class='ocrx_word' id='word_1_418' title='bbox 1482 3161 1781 3231; x_wconf 79' lang='grc' dir='ltr'>Θαυμάσιος</span> 
     </span>
    </p>
   </div>
   <div class='ocr_carea' id='block_1_58' title="bbox 2097 2833 3282 2911">
    <p class='ocr_par' dir='ltr' id='par_1_58' title="bbox 2097 2833 3282 2911">
     <span class='ocr_line' id='line_1_58' title="bbox 2097 2833 3282 2911; baseline -0.012 -10"><span class='ocrx_word' id='word_1_419' title='bbox 2097 2841 2309 2911; x_wconf 87' lang='lat'><strong>1059</strong></span> <span class='ocrx_word' id='word_1_420' title='bbox 2336 2840 2489 2895; x_wconf 81' lang='lat' dir='ltr'><strong>CAP.</strong></span> <span class='ocrx_word' id='word_1_421' title='bbox 2523 2839 2686 2894; x_wconf 80' lang='lat' dir='ltr'><strong>xxu.</strong></span> <span class='ocrx_word' id='word_1_422' title='bbox 2718 2838 2800 2911; x_wconf 69' lang='grc' dir='ltr'><strong>[Β.</strong></span> <span class='ocrx_word' id='word_1_423' title='bbox 2831 2839 2909 2892; x_wconf 88' lang='lat' dir='ltr'><strong>St.</strong></span> <span class='ocrx_word' id='word_1_424' title='bbox 2949 2839 3008 2891; x_wconf 81' lang='grc' dir='ltr'>ν.</span> <span class='ocrx_word' id='word_1_425' title='bbox 3037 2837 3135 2890; x_wconf 90' lang='lat' dir='ltr'><strong>Cb.</strong></span> <span class='ocrx_word' id='word_1_426' title='bbox 3166 2833 3282 2904; x_wconf 72' lang='lat'><strong>22.]</strong></span> 
     </span>
    </p>
   </div>
   <div class='ocr_carea' id='block_1_59' title="bbox 1876 2926 3452 3002">
    <p class='ocr_par' dir='ltr' id='par_1_59' title="bbox 1876 2926 3452 3002">
     <span class='ocr_line' id='line_1_59' title="bbox 1876 2926 3452 3002; baseline -0.007 -13"><span class='ocrx_word' id='word_1_427' title='bbox 1876 2934 1955 2989; x_wconf 86' lang='lat' dir='ltr'><strong>De</strong></span> <span class='ocrx_word' id='word_1_428' title='bbox 1985 2934 2265 3002; x_wconf 82' lang='lat' dir='ltr'><strong>Theophila</strong></span> <span class='ocrx_word' id='word_1_429' title='bbox 2296 2935 2538 2999; x_wconf 82' lang='lat' dir='ltr'><strong>episcopo</strong></span> <span class='ocrx_word' id='word_1_430' title='bbox 2574 2932 2930 2985; x_wconf 68' lang='lat' dir='ltr'><strong>Alexandrino</strong></span> <span class='ocrx_word' id='word_1_431' title='bbox 2957 2969 2973 2989; x_wconf 90' lang='lat'><strong>,</strong></span> <span class='ocrx_word' id='word_1_432' title='bbox 3006 2939 3053 2982; x_wconf 79' lang='lat' dir='ltr'><strong>et</strong></span> <span class='ocrx_word' id='word_1_433' title='bbox 3092 2944 3208 2995; x_wconf 75' lang='lat' dir='ltr'><strong>qua:</strong></span> <span class='ocrx_word' id='word_1_434' title='bbox 3254 2926 3369 2980; x_wconf 78' lang='lat' dir='ltr'><strong>illic</strong></span> <span class='ocrx_word' id='word_1_435' title='bbox 3398 2926 3452 2978; x_wconf 71' lang='grc' dir='ltr'>ἔκ</span> 
     </span>
    </p>
   </div>
   <div class='ocr_carea' id='block_1_60' title="bbox 2162 3003 3166 3069">
    <p class='ocr_par' dir='ltr' id='par_1_60' title="bbox 2162 3003 3166 3069">
     <span class='ocr_line' id='line_1_60' title="bbox 2162 3003 3166 3069; baseline -0.006 -14"><span class='ocrx_word' id='word_1_436' title='bbox 2162 3004 2428 3056; x_wconf 81' lang='lat' dir='ltr'><strong>idolorum</strong></span> <span class='ocrx_word' id='word_1_437' title='bbox 2464 3003 2801 3056; x_wconf 78' lang='lat' dir='ltr'><strong>demolitione</strong></span> <span class='ocrx_word' id='word_1_438' title='bbox 2838 3011 2982 3069; x_wconf 72' lang='lat' dir='ltr'><strong>gesta</strong></span> <span class='ocrx_word' id='word_1_439' title='bbox 3026 3008 3166 3052; x_wconf 81' lang='lat' dir='ltr'><strong>sunt.</strong></span> 
     </span>
    </p>
   </div>
   <div class='ocr_carea' id='block_1_61' title="bbox 1950 3131 3462 3211">
    <p class='ocr_par' dir='ltr' id='par_1_61' title="bbox 1950 3131 3462 3211">
     <span class='ocr_line' id='line_1_61' title="bbox 1950 3131 3462 3211; baseline -0.006 0"><span class='ocrx_word' id='word_1_440' title='bbox 1950 3157 2254 3211; x_wconf 82' lang='lat' dir='ltr'><strong>Athanasio</strong></span> <span class='ocrx_word' id='word_1_441' title='bbox 2309 3156 2385 3211; x_wconf 90' lang='lat' dir='ltr'><strong>illi</strong></span> <span class='ocrx_word' id='word_1_442' title='bbox 2452 3155 2593 3208; x_wconf 88' lang='lat' dir='ltr'><strong>fama</strong></span> <span class='ocrx_word' id='word_1_443' title='bbox 2650 3154 3017 3208; x_wconf 73' lang='lat' dir='ltr'><strong>celeberrimo</strong></span> <span class='ocrx_word' id='word_1_444' title='bbox 3093 3131 3462 3205; x_wconf 83' lang='lat' dir='ltr'><strong>admirandus</strong></span> 
     </span>
    </p>
   </div>
   <div class='ocr_carea' id='block_1_62' title="bbox 196 3237 1780 3321">
    <p class='ocr_par' dir='ltr' id='par_1_62' title="bbox 196 3249 1777 3321">
     <span class='ocr_line' id='line_1_62' title="bbox 196 3249 1777 3321; baseline 0.001 -18"><span class='ocrx_word' id='word_1_445' title='bbox 196 3249 473 3313; x_wconf 79' lang='grc' dir='ltr'>διεδέξατο</span> <span class='ocrx_word' id='word_1_446' title='bbox 498 3251 721 3314; x_wconf 79' lang='grc' dir='ltr'>Πέτρος,</span> <span class='ocrx_word' id='word_1_447' title='bbox 757 3252 846 3304; x_wconf 73' lang='grc' dir='ltr'>τὸν</span> <span class='ocrx_word' id='word_1_448' title='bbox 883 3251 937 3304; x_wconf 82' lang='grc' dir='ltr'>δὲ</span> <span class='ocrx_word' id='word_1_449' title='bbox 969 3252 1173 3321; x_wconf 80' lang='grc' dir='ltr'>Πέτρον</span> <span class='ocrx_word' id='word_1_450' title='bbox 1207 3251 1488 3321; x_wconf 79' lang='grc' dir='ltr'>Τιμόθεος,</span> <span class='ocrx_word' id='word_1_451' title='bbox 1516 3254 1777 3321; x_wconf 77' lang='grc' dir='ltr'>Τιμόθεον</span> 
     </span>
    </p>
   </div>
   <div class='ocr_carea' id='block_1_63' title="bbox 1885 3237 3453 3321">
    <p class='ocr_par' dir='ltr' id='par_1_63' title="bbox 1885 3242 3453 3310">
     <span class='ocr_line' id='line_1_63' title="bbox 1885 3242 3453 3310; baseline -0.008 -4"><span class='ocrx_word' id='word_1_452' title='bbox 1885 3252 2077 3306; x_wconf 83' lang='lat' dir='ltr'><strong>Petrus</strong></span> <span class='ocrx_word' id='word_1_453' title='bbox 2098 3251 2390 3309; x_wconf 72' lang='lat' dir='ltr'><strong>successit,</strong></span> <span class='ocrx_word' id='word_1_454' title='bbox 2420 3249 2579 3301; x_wconf 78' lang='lat' dir='ltr'><strong>Petro</strong></span> <span class='ocrx_word' id='word_1_455' title='bbox 2597 3246 2939 3310; x_wconf 85' lang='lat' dir='ltr'><strong>Timotheus,</strong></span> <span class='ocrx_word' id='word_1_456' title='bbox 2961 3244 3253 3298; x_wconf 90' lang='lat' dir='ltr'><strong>Timotheo</strong></span> <span class='ocrx_word' id='word_1_457' title='bbox 3275 3242 3453 3295; x_wconf 83' lang='lat' dir='ltr'><strong>Theo-</strong></span> 
     </span>
    </p>
   </div>
   <div class='ocr_carea' id='block_1_64' title="bbox 196 3342 1778 3413">
    <p class='ocr_par' dir='ltr' id='par_1_64' title="bbox 196 3342 1778 3413">
     <span class='ocr_line' id='line_1_64' title="bbox 196 3342 1778 3413; baseline -0.001 -16"><span class='ocrx_word' id='word_1_458' title='bbox 196 3343 253 3397; x_wconf 81' lang='grc' dir='ltr'>δὲ</span> <span class='ocrx_word' id='word_1_459' title='bbox 281 3342 565 3411; x_wconf 70' lang='grc' dir='ltr'>Θεόφιλος,</span> <span class='ocrx_word' id='word_1_460' title='bbox 586 3344 722 3413; x_wconf 78' lang='grc' dir='ltr'>ἀνὴρ</span> <span class='ocrx_word' id='word_1_461' title='bbox 745 3345 947 3407; x_wconf 85' lang='grc' dir='ltr'>πυκνός</span> <span class='ocrx_word' id='word_1_462' title='bbox 978 3362 1036 3397; x_wconf 91' lang='grc' dir='ltr'><strong>τε</strong></span> <span class='ocrx_word' id='word_1_463' title='bbox 1058 3345 1154 3405; x_wconf 83' lang='grc' dir='ltr'>τὰς</span> <span class='ocrx_word' id='word_1_464' title='bbox 1175 3345 1396 3413; x_wconf 79' lang='grc' dir='ltr'>φρένας,</span> <span class='ocrx_word' id='word_1_465' title='bbox 1414 3344 1507 3397; x_wconf 65' lang='grc' dir='ltr'><strong>καὶ</strong></span> <span class='ocrx_word' id='word_1_466' title='bbox 1539 3346 1778 3413; x_wconf 85' lang='grc' dir='ltr'>ἀνδρεῖος</span> 
     </span>
    </p>
   </div>
   <div class='ocr_carea' id='block_1_65' title="bbox 200 3432 1781 3506">
    <p class='ocr_par' dir='ltr' id='par_1_65' title="bbox 200 3432 1781 3506">
     <span class='ocr_line' id='line_1_65' title="bbox 200 3432 1781 3506; baseline 0.001 -18"><span class='ocrx_word' id='word_1_467' title='bbox 200 3435 261 3488; x_wconf 85' lang='grc' dir='ltr'><strong>τδ</strong></span> <span class='ocrx_word' id='word_1_468' title='bbox 294 3436 571 3506; x_wconf 78' lang='grc' dir='ltr'>φρόνημα.</span> <span class='ocrx_word' id='word_1_469' title='bbox 610 3432 775 3499; x_wconf 78' lang='grc' dir='ltr'>Οὗτος</span> <span class='ocrx_word' id='word_1_470' title='bbox 800 3436 898 3506; x_wconf 76' lang='grc' dir='ltr'><strong>τὴν</strong></span> <span class='ocrx_word' id='word_1_471' title='bbox 923 3436 1276 3506; x_wconf 75' lang='grc' dir='ltr'>Ἀλεξάνδρου</span> <span class='ocrx_word' id='word_1_472' title='bbox 1309 3436 1480 3499; x_wconf 85' lang='grc' dir='ltr'>πόλιν,</span> <span class='ocrx_word' id='word_1_473' title='bbox 1507 3436 1604 3506; x_wconf 81' lang='grc' dir='ltr'>τῆς</span> <span class='ocrx_word' id='word_1_474' title='bbox 1631 3437 1781 3489; x_wconf 79' lang='grc' dir='ltr'>εἰδω-</span> 
     </span>
    </p>
   </div>
   <div class='ocr_carea' id='block_1_66' title="bbox 199 3527 1781 3598">
    <p class='ocr_par' dir='ltr' id='par_1_66' title="bbox 199 3527 1781 3598">
     <span class='ocr_line' id='line_1_66' title="bbox 199 3527 1781 3598; baseline -0.001 -19"><span class='ocrx_word' id='word_1_475' title='bbox 199 3527 360 3597; x_wconf 80' lang='grc' dir='ltr'>λικῆς</span> <span class='ocrx_word' id='word_1_476' title='bbox 386 3527 723 3597; x_wconf 75' lang='grc' dir='ltr'>ἠλευθέρωσε</span> <span class='ocrx_word' id='word_1_477' title='bbox 763 3529 990 3598; x_wconf 78' lang='grc' dir='ltr'>πλάνης.</span> <span class='ocrx_word' id='word_1_478' title='bbox 1017 3529 1089 3581; x_wconf 80' lang='grc' dir='ltr'>Ού</span> <span class='ocrx_word' id='word_1_479' title='bbox 1117 3529 1224 3597; x_wconf 76' lang='grc' dir='ltr'><strong>γὰρ</strong></span> <span class='ocrx_word' id='word_1_480' title='bbox 1257 3529 1416 3597; x_wconf 87' lang='grc' dir='ltr'>μόνον</span> <span class='ocrx_word' id='word_1_481' title='bbox 1438 3568 1451 3591; x_wconf 95' lang='grc'><strong>,</strong></span> <span class='ocrx_word' id='word_1_482' title='bbox 1481 3528 1543 3580; x_wconf 79' lang='grc' dir='ltr'>ὲκ</span> <span class='ocrx_word' id='word_1_483' title='bbox 1568 3527 1781 3597; x_wconf 77' lang='grc' dir='ltr'>βάθρων</span> 
     </span>
    </p>
   </div>
   <div class='ocr_carea' id='block_1_67' title="bbox 197 3619 1782 3691">
    <p class='ocr_par' dir='ltr' id='par_1_67' title="bbox 197 3619 1782 3691">
     <span class='ocr_line' id='line_1_67' title="bbox 197 3619 1782 3691; baseline -0.001 -20"><span class='ocrx_word' id='word_1_484' title='bbox 197 3620 478 3672; x_wconf 80' lang='grc' dir='ltr'>ἀνέσπασε</span> <span class='ocrx_word' id='word_1_485' title='bbox 512 3620 577 3672; x_wconf 89' lang='grc' dir='ltr'><strong>τά</strong></span> <span class='ocrx_word' id='word_1_486' title='bbox 605 3620 714 3673; x_wconf 80' lang='grc' dir='ltr'><strong>τῶν</strong></span> <span class='ocrx_word' id='word_1_487' title='bbox 748 3619 980 3673; x_wconf 79' lang='grc' dir='ltr'>εἰδώλων</span> <span class='ocrx_word' id='word_1_488' title='bbox 1026 3621 1250 3691; x_wconf 77' lang='grc' dir='ltr'>τεμένη,</span> <span class='ocrx_word' id='word_1_489' title='bbox 1284 3621 1419 3674; x_wconf 88' lang='grc' dir='ltr'><strong>ἀλλά</strong></span> <span class='ocrx_word' id='word_1_490' title='bbox 1449 3622 1541 3673; x_wconf 70' lang='grc' dir='ltr'><strong>καὶ</strong></span> <span class='ocrx_word' id='word_1_491' title='bbox 1574 3620 1640 3672; x_wconf 76' lang='grc' dir='ltr'>τὰ</span> <span class='ocrx_word' id='word_1_492' title='bbox 1673 3620 1782 3671; x_wconf 79' lang='grc' dir='ltr'><strong>τῶν</strong></span> 
     </span>
    </p>
   </div>
   <div class='ocr_carea' id='block_1_68' title="bbox 200 3708 1779 3779">
    <p class='ocr_par' dir='ltr' id='par_1_68' title="bbox 200 3708 1779 3779">
     <span class='ocr_line' id='line_1_68' title="bbox 200 3708 1779 3779; baseline -0.001 -18"><span class='ocrx_word' id='word_1_493' title='bbox 200 3708 599 3774; x_wconf 80' lang='grc' dir='ltr'>ἐξαπατώντων</span> <span class='ocrx_word' id='word_1_494' title='bbox 653 3710 840 3779; x_wconf 81' lang='grc' dir='ltr'>ἱερέων</span> <span class='ocrx_word' id='word_1_495' title='bbox 888 3713 999 3774; x_wconf 90' lang='grc' dir='ltr'>τοῖς</span> <span class='ocrx_word' id='word_1_496' title='bbox 1046 3710 1482 3779; x_wconf 80' lang='grc' dir='ltr'>ὲξηπατημένοις</span> <span class='ocrx_word' id='word_1_497' title='bbox 1535 3709 1779 3773; x_wconf 79' lang='grc' dir='ltr'>ὑπέδειξε</span> 
     </span>
    </p>
   </div>
   <div class='ocr_carea' id='block_1_69' title="bbox 202 3800 1780 3873">
    <p class='ocr_par' dir='ltr' id='par_1_69' title="bbox 202 3800 1780 3873">
     <span class='ocr_line' id='line_1_69' title="bbox 202 3800 1780 3873; baseline -0.001 -19"><span class='ocrx_word' id='word_1_498' title='bbox 202 3803 597 3873; x_wconf 83' lang='grc' dir='ltr'>μηχανήματα.</span> <span class='ocrx_word' id='word_1_499' title='bbox 634 3802 714 3855; x_wconf 91' lang='grc' dir='ltr'><strong>Τά</strong></span> <span class='ocrx_word' id='word_1_500' title='bbox 737 3819 793 3854; x_wconf 91' lang='grc' dir='ltr'><strong>τε</strong></span> <span class='ocrx_word' id='word_1_501' title='bbox 820 3804 928 3870; x_wconf 78' lang='grc' dir='ltr'><strong>γὰρ</strong></span> <span class='ocrx_word' id='word_1_502' title='bbox 967 3804 1030 3855; x_wconf 81' lang='grc' dir='ltr'><strong>ἐκ</strong></span> <span class='ocrx_word' id='word_1_503' title='bbox 1063 3801 1263 3871; x_wconf 79' lang='grc' dir='ltr'>χαλκοῦ</span> <span class='ocrx_word' id='word_1_504' title='bbox 1293 3802 1383 3854; x_wconf 74' lang='grc' dir='ltr'><strong>καὶ</strong></span> <span class='ocrx_word' id='word_1_505' title='bbox 1414 3802 1480 3853; x_wconf 73' lang='grc' dir='ltr'>τὰ</span> <span class='ocrx_word' id='word_1_506' title='bbox 1522 3802 1583 3852; x_wconf 85' lang='grc' dir='ltr'><strong>ἐκ</strong></span> <span class='ocrx_word' id='word_1_507' title='bbox 1610 3800 1780 3862; x_wconf 83' lang='grc' dir='ltr'>ξύλων</span> 
     </span>
    </p>
   </div>
   <div class='ocr_carea' id='block_1_70' title="bbox 200 3892 1781 3960">
    <p class='ocr_par' dir='ltr' id='par_1_70' title="bbox 200 3892 1781 3960">
     <span class='ocr_line' id='line_1_70' title="bbox 200 3892 1781 3960; baseline -0.003 -13"><span class='ocrx_word' id='word_1_508' title='bbox 200 3896 333 3948; x_wconf 79' lang='grc' dir='ltr'><strong>κενά</strong></span> <span class='ocrx_word' id='word_1_509' title='bbox 383 3892 595 3945; x_wconf 75' lang='grc' dir='ltr'>ἔνδοθεν</span> <span class='ocrx_word' id='word_1_510' title='bbox 651 3894 1152 3957; x_wconf 80' lang='grc' dir='ltr'>κατασκευάζοντες</span> <span class='ocrx_word' id='word_1_511' title='bbox 1194 3894 1374 3960; x_wconf 82' lang='grc' dir='ltr'>ξόανα,</span> <span class='ocrx_word' id='word_1_512' title='bbox 1404 3894 1499 3945; x_wconf 76' lang='grc' dir='ltr'>καὶ</span> <span class='ocrx_word' id='word_1_513' title='bbox 1530 3897 1641 3955; x_wconf 86' lang='grc' dir='ltr'>τοῖς</span> <span class='ocrx_word' id='word_1_514' title='bbox 1671 3893 1781 3943; x_wconf 81' lang='grc' dir='ltr'>τοί-</span> 
     </span>
    </p>
   </div>
   <div class='ocr_carea' id='block_1_71' title="bbox 201 3983 1782 4056">
    <p class='ocr_par' dir='ltr' id='par_1_71' title="bbox 201 3983 1782 4056">
     <span class='ocr_line' id='line_1_71' title="bbox 201 3983 1782 4056; baseline -0.001 -20"><span class='ocrx_word' id='word_1_515' title='bbox 201 4002 316 4056; x_wconf 77' lang='grc' dir='ltr'>χοις</span> <span class='ocrx_word' id='word_1_516' title='bbox 339 3985 412 4037; x_wconf 76' lang='grc' dir='ltr'><strong>τὰ</strong></span> <span class='ocrx_word' id='word_1_517' title='bbox 437 3984 642 4037; x_wconf 87' lang='grc' dir='ltr'>τούτων</span> <span class='ocrx_word' id='word_1_518' title='bbox 674 3985 1151 4055; x_wconf 79' lang='grc' dir='ltr'>προσαρμόζοντες</span> <span class='ocrx_word' id='word_1_519' title='bbox 1183 3985 1328 4036; x_wconf 84' lang='grc' dir='ltr'>νῶτα</span> <span class='ocrx_word' id='word_1_520' title='bbox 1349 4025 1363 4047; x_wconf 94' lang='grc'><strong>,</strong></span> <span class='ocrx_word' id='word_1_521' title='bbox 1399 3985 1599 4053; x_wconf 88' lang='grc' dir='ltr'>πόρους</span> <span class='ocrx_word' id='word_1_522' title='bbox 1633 3983 1782 4046; x_wconf 75' lang='grc' dir='ltr'>τινας</span> 
     </span>
    </p>
   </div>
   <div class='ocr_carea' id='block_1_72' title="bbox 202 4070 1782 4146">
    <p class='ocr_par' dir='ltr' id='par_1_72' title="bbox 202 4070 1782 4146">
     <span class='ocr_line' id='line_1_72' title="bbox 202 4070 1782 4146; baseline -0.004 -15"><span class='ocrx_word' id='word_1_523' title='bbox 202 4078 432 4146; x_wconf 77' lang='grc' dir='ltr'>ἀφανεῖς</span> <span class='ocrx_word' id='word_1_524' title='bbox 462 4078 519 4128; x_wconf 82' lang='grc' dir='ltr'>ὲν</span> <span class='ocrx_word' id='word_1_525' title='bbox 546 4077 657 4139; x_wconf 88' lang='grc' dir='ltr'>τοῖς</span> <span class='ocrx_word' id='word_1_526' title='bbox 676 4076 875 4145; x_wconf 81' lang='grc' dir='ltr'>τοίχοις</span> <span class='ocrx_word' id='word_1_527' title='bbox 906 4076 1154 4144; x_wconf 65' lang='grc' dir='ltr'>ὴςίεσαν.</span> <span class='ocrx_word' id='word_1_528' title='bbox 1184 4070 1316 4128; x_wconf 82' lang='grc' dir='ltr'>Εἶτα</span> <span class='ocrx_word' id='word_1_529' title='bbox 1338 4075 1426 4127; x_wconf 75' lang='grc' dir='ltr'><strong>διὰ</strong></span> <span class='ocrx_word' id='word_1_530' title='bbox 1451 4075 1557 4126; x_wconf 79' lang='grc' dir='ltr'>τῶν</span> <span class='ocrx_word' id='word_1_531' title='bbox 1578 4074 1782 4126; x_wconf 81' lang='grc' dir='ltr'>ἀδύτων</span> 
     </span>
    </p>
   </div>
   <div class='ocr_carea' id='block_1_73' title="bbox 202 4164 1781 4237">
    <p class='ocr_par' dir='ltr' id='par_1_73' title="bbox 202 4164 1781 4237">
     <span class='ocr_line' id='line_1_73' title="bbox 202 4164 1781 4237; baseline -0.004 -14"><span class='ocrx_word' id='word_1_532' title='bbox 202 4170 464 4231; x_wconf 80' lang='grc' dir='ltr'>ἀνιόντες,</span> <span class='ocrx_word' id='word_1_533' title='bbox 491 4169 584 4222; x_wconf 77' lang='grc' dir='ltr'>καὶ</span> <span class='ocrx_word' id='word_1_534' title='bbox 612 4167 743 4220; x_wconf 77' lang='grc' dir='ltr'>εἴσω</span> <span class='ocrx_word' id='word_1_535' title='bbox 771 4168 880 4221; x_wconf 83' lang='grc' dir='ltr'><strong>τῶν</strong></span> <span class='ocrx_word' id='word_1_536' title='bbox 911 4168 1113 4231; x_wconf 84' lang='grc' dir='ltr'>ξοάνων</span> <span class='ocrx_word' id='word_1_537' title='bbox 1137 4168 1433 4237; x_wconf 84' lang='grc' dir='ltr'>γινόμενοι,</span> <span class='ocrx_word' id='word_1_538' title='bbox 1463 4167 1605 4237; x_wconf 79' lang='grc' dir='ltr'>άπερ</span> <span class='ocrx_word' id='word_1_539' title='bbox 1628 4164 1781 4219; x_wconf 61' lang='lat'><strong>£6013-</strong></span> 
     </span>
    </p>
   </div>
   <div class='ocr_carea' id='block_1_74' title="bbox 202 4258 1784 4327">
    <p class='ocr_par' dir='ltr' id='par_1_74' title="bbox 202 4258 1784 4327">
     <span class='ocr_line' id='line_1_74' title="bbox 202 4258 1784 4327; baseline -0.004 -14"><span class='ocrx_word' id='word_1_540' title='bbox 202 4260 357 4313; x_wconf 89' lang='grc' dir='ltr'>λοντο</span> <span class='ocrx_word' id='word_1_541' title='bbox 395 4260 483 4312; x_wconf 86' lang='grc' dir='ltr'><strong>διά</strong></span> <span class='ocrx_word' id='word_1_542' title='bbox 515 4259 720 4312; x_wconf 81' lang='grc' dir='ltr'>τούτων</span> <span class='ocrx_word' id='word_1_543' title='bbox 752 4260 1016 4313; x_wconf 75' lang='grc' dir='ltr'>ἐκέλευον.</span> <span class='ocrx_word' id='word_1_544' title='bbox 1049 4259 1465 4327; x_wconf 74' lang='grc' dir='ltr'>Φενακιζόμενοι</span> <span class='ocrx_word' id='word_1_545' title='bbox 1507 4258 1559 4309; x_wconf 83' lang='grc' dir='ltr'>δὲ</span> <span class='ocrx_word' id='word_1_546' title='bbox 1602 4259 1648 4309; x_wconf 86' lang='grc' dir='ltr'>οἱ</span> <span class='ocrx_word' id='word_1_547' title='bbox 1689 4259 1784 4307; x_wconf 84' lang='grc' dir='ltr'>ἐπ-</span> 
     </span>
    </p>
   </div>
   <div class='ocr_carea' id='block_1_75' title="bbox 203 4347 1783 4421">
    <p class='ocr_par' dir='ltr' id='par_1_75' title="bbox 203 4347 1783 4421">
     <span class='ocr_line' id='line_1_75' title="bbox 203 4347 1783 4421; baseline -0.003 -16"><span class='ocrx_word' id='word_1_548' title='bbox 203 4353 419 4415; x_wconf 80' lang='grc' dir='ltr'>αἲοντες</span> <span class='ocrx_word' id='word_1_549' title='bbox 452 4350 622 4421; x_wconf 78' lang='grc' dir='ltr'>ἔδρων</span> <span class='ocrx_word' id='word_1_550' title='bbox 673 4351 733 4402; x_wconf 73' lang='grc' dir='ltr'>τὸ</span> <span class='ocrx_word' id='word_1_551' title='bbox 764 4351 1134 4420; x_wconf 82' lang='grc' dir='ltr'>κελευόμενον.</span> <span class='ocrx_word' id='word_1_552' title='bbox 1182 4350 1365 4402; x_wconf 79' lang='grc' dir='ltr'>Ταῦτα</span> <span class='ocrx_word' id='word_1_553' title='bbox 1408 4351 1435 4402; x_wconf 86' lang='grc' dir='ltr'>ὁ</span> <span class='ocrx_word' id='word_1_554' title='bbox 1476 4347 1783 4417; x_wconf 83' lang='grc' dir='ltr'>σοφώτατος</span> 
     </span>
    </p>
   </div>
   <div class='ocr_carea' id='block_1_76' title="bbox 204 4441 1784 4514">
    <p class='ocr_par' dir='ltr' id='par_1_76' title="bbox 204 4441 1784 4514">
     <span class='ocr_line' id='line_1_76' title="bbox 204 4441 1784 4514; baseline -0.002 -18"><span class='ocrx_word' id='word_1_555' title='bbox 204 4442 491 4496; x_wconf 86' lang='grc' dir='ltr'>καταλύων</span> <span class='ocrx_word' id='word_1_556' title='bbox 514 4441 663 4514; x_wconf 64' lang='grc' dir='ltr'>[ξεν]</span> <span class='ocrx_word' id='word_1_557' title='bbox 718 4443 1008 4511; x_wconf 78' lang='grc' dir='ltr'>ἀρχιερεὺς</span> <span class='ocrx_word' id='word_1_558' title='bbox 1054 4445 1168 4505; x_wconf 73' lang='grc' dir='ltr'>τοῖς</span> <span class='ocrx_word' id='word_1_559' title='bbox 1219 4442 1636 4511; x_wconf 78' lang='grc' dir='ltr'>ἐξαπατηθεῖσιν</span> <span class='ocrx_word' id='word_1_560' title='bbox 1683 4441 1784 4493; x_wconf 83' lang='grc' dir='ltr'>ὑπ-</span> 
     </span>
    </p>
   </div>
   <div class='ocr_carea' id='block_1_77' title="bbox 204 4531 1779 4604">
    <p class='ocr_par' dir='ltr' id='par_1_77' title="bbox 204 4531 1779 4604">
     <span class='ocr_line' id='line_1_77' title="bbox 204 4531 1779 4604; baseline -0.004 -16"><span class='ocrx_word' id='word_1_561' title='bbox 204 4535 374 4600; x_wconf 77' lang='grc' dir='ltr'>έδειξε</span> <span class='ocrx_word' id='word_1_562' title='bbox 402 4534 613 4604; x_wconf 78' lang='grc' dir='ltr'>δήμοις.</span> <span class='ocrx_word' id='word_1_563' title='bbox 635 4535 728 4597; x_wconf 79' lang='grc' dir='ltr'><strong>Εἰς</strong></span> <span class='ocrx_word' id='word_1_564' title='bbox 757 4535 812 4587; x_wconf 84' lang='grc' dir='ltr'>δὲ</span> <span class='ocrx_word' id='word_1_565' title='bbox 837 4535 927 4586; x_wconf 73' lang='grc' dir='ltr'><strong>τὸν</strong></span> <span class='ocrx_word' id='word_1_566' title='bbox 951 4533 1043 4585; x_wconf 80' lang='grc' dir='ltr'>τοῦ</span> <span class='ocrx_word' id='word_1_567' title='bbox 1073 4534 1372 4602; x_wconf 85' lang='grc' dir='ltr'>Σαράπιδος</span> <span class='ocrx_word' id='word_1_568' title='bbox 1395 4533 1529 4584; x_wconf 82' lang='grc' dir='ltr'>νεὼν</span> <span class='ocrx_word' id='word_1_569' title='bbox 1555 4531 1779 4593; x_wconf 71' lang='grc' dir='ltr'>ἀναϐάς,</span> 
     </span>
    </p>
   </div>
   <div class='ocr_carea' id='block_1_78' title="bbox 202 4619 1781 4692">
    <p class='ocr_par' dir='ltr' id='par_1_78' title="bbox 202 4619 1781 4692">
     <span class='ocr_line' id='line_1_78' title="bbox 202 4619 1781 4692; baseline -0.004 -15"><span class='ocrx_word' id='word_1_570' title='bbox 202 4624 313 4677; x_wconf 78' lang='grc' dir='ltr'><strong>τῶν</strong></span> <span class='ocrx_word' id='word_1_571' title='bbox 347 4624 405 4677; x_wconf 81' lang='grc' dir='ltr'>δὲ</span> <span class='ocrx_word' id='word_1_572' title='bbox 432 4622 709 4692; x_wconf 81' lang='grc' dir='ltr'>πανταχοῦ</span> <span class='ocrx_word' id='word_1_573' title='bbox 740 4624 860 4690; x_wconf 76' lang='grc' dir='ltr'>γῆς,</span> <span class='ocrx_word' id='word_1_574' title='bbox 897 4621 1041 4675; x_wconf 78' lang='grc' dir='ltr'>καθά</span> <span class='ocrx_word' id='word_1_575' title='bbox 1070 4622 1202 4689; x_wconf 83' lang='grc' dir='ltr'>φασί</span> <span class='ocrx_word' id='word_1_576' title='bbox 1248 4638 1410 4684; x_wconf 83' lang='grc' dir='ltr'>τινες,</span> <span class='ocrx_word' id='word_1_577' title='bbox 1446 4619 1698 4688; x_wconf 83' lang='grc' dir='ltr'>μέγιστός</span> <span class='ocrx_word' id='word_1_578' title='bbox 1724 4636 1781 4671; x_wconf 91' lang='grc' dir='ltr'><strong>τε</strong></span> 
     </span>
    </p>
   </div>
   <div class='ocr_carea' id='block_1_79' title="bbox 202 4708 1787 4779">
    <p class='ocr_par' dir='ltr' id='par_1_79' title="bbox 202 4708 1787 4779">
     <span class='ocr_line' id='line_1_79' title="bbox 202 4708 1787 4779; baseline -0.007 -11"><span class='ocrx_word' id='word_1_579' title='bbox 202 4710 359 4774; x_wconf 71' lang='grc' dir='ltr'>οὗτος</span> <span class='ocrx_word' id='word_1_580' title='bbox 384 4717 477 4766; x_wconf 78' lang='grc' dir='ltr'><strong>καὶ</strong></span> <span class='ocrx_word' id='word_1_581' title='bbox 508 4712 813 4776; x_wconf 84' lang='grc' dir='ltr'>κάλλιστος,</span> <span class='ocrx_word' id='word_1_582' title='bbox 846 4708 953 4765; x_wconf 78' lang='grc' dir='ltr'>εἶδε</span> <span class='ocrx_word' id='word_1_583' title='bbox 984 4712 1043 4763; x_wconf 80' lang='grc' dir='ltr'><strong>τὸ</strong></span> <span class='ocrx_word' id='word_1_584' title='bbox 1072 4712 1255 4776; x_wconf 81' lang='grc' dir='ltr'>ξόανον</span> <span class='ocrx_word' id='word_1_585' title='bbox 1287 4709 1661 4779; x_wconf 80' lang='grc' dir='ltr'>παμμέγεθες,</span> <span class='ocrx_word' id='word_1_586' title='bbox 1691 4709 1787 4761; x_wconf 74' lang='grc' dir='ltr'>καὶ</span> 
     </span>
    </p>
   </div>
   <div class='ocr_carea' id='block_1_80' title="bbox 201 4800 1788 4875">
    <p class='ocr_par' dir='ltr' id='par_1_80' title="bbox 201 4800 1788 4875">
     <span class='ocr_line' id='line_1_80' title="bbox 201 4800 1788 4875; baseline -0.003 -17"><span class='ocrx_word' id='word_1_587' title='bbox 201 4805 281 4875; x_wconf 85' lang='grc' dir='ltr'><strong>τῷ</strong></span> <span class='ocrx_word' id='word_1_588' title='bbox 317 4804 539 4874; x_wconf 85' lang='grc' dir='ltr'>μεγέθει</span> <span class='ocrx_word' id='word_1_589' title='bbox 588 4805 712 4865; x_wconf 73' lang='grc' dir='ltr'>τοὺς</span> <span class='ocrx_word' id='word_1_590' title='bbox 751 4803 949 4865; x_wconf 73' lang='grc' dir='ltr'>θεατὰς</span> <span class='ocrx_word' id='word_1_591' title='bbox 994 4803 1361 4871; x_wconf 72' lang='grc' dir='ltr'>δεδιττόμενον</span> <span class='ocrx_word' id='word_1_592' title='bbox 1396 4818 1410 4831; x_wconf 88' lang='grc'>·</span> <span class='ocrx_word' id='word_1_593' title='bbox 1448 4802 1583 4870; x_wconf 62' lang='grc' dir='ltr'>προς</span> <span class='ocrx_word' id='word_1_594' title='bbox 1623 4802 1677 4853; x_wconf 76' lang='grc' dir='ltr'>δὲ</span> <span class='ocrx_word' id='word_1_595' title='bbox 1710 4800 1788 4870; x_wconf 79' lang='grc' dir='ltr'>τῷ</span> 
     </span>
    </p>
   </div>
   <div class='ocr_carea' id='block_1_81' title="bbox 207 4892 1788 4966">
    <p class='ocr_par' dir='ltr' id='par_1_81' title="bbox 207 4892 1788 4966">
     <span class='ocr_line' id='line_1_81' title="bbox 207 4892 1788 4966; baseline -0.004 -18"><span class='ocrx_word' id='word_1_596' title='bbox 207 4896 433 4966; x_wconf 84' lang='grc' dir='ltr'>μεγέθει</span> <span class='ocrx_word' id='word_1_597' title='bbox 484 4899 579 4947; x_wconf 76' lang='grc' dir='ltr'><strong>καὶ</strong></span> <span class='ocrx_word' id='word_1_598' title='bbox 634 4894 792 4961; x_wconf 88' lang='grc' dir='ltr'>λόγος</span> <span class='ocrx_word' id='word_1_599' title='bbox 858 4896 1108 4962; x_wconf 80' lang='grc' dir='ltr'>κατεῖχεν</span> <span class='ocrx_word' id='word_1_600' title='bbox 1146 4893 1459 4962; x_wconf 77' lang='grc' dir='ltr'>ἀπατηλὸς,</span> <span class='ocrx_word' id='word_1_601' title='bbox 1492 4893 1566 4953; x_wconf 88' lang='grc' dir='ltr'>ὡς</span> <span class='ocrx_word' id='word_1_602' title='bbox 1602 4892 1655 4944; x_wconf 85' lang='grc' dir='ltr'><strong>εί</strong></span> <span class='ocrx_word' id='word_1_603' title='bbox 1706 4908 1788 4952; x_wconf 87' lang='grc' dir='ltr'><strong>τις</strong></span> 
     </span>
    </p>
   </div>
   <div class='ocr_carea' id='block_1_82' title="bbox 202 4981 1789 5055">
    <p class='ocr_par' dir='ltr' id='par_1_82' title="bbox 202 4981 1789 5055">
     <span class='ocr_line' id='line_1_82' title="bbox 202 4981 1789 5055; baseline -0.004 -16"><span class='ocrx_word' id='word_1_604' title='bbox 202 4986 381 5055; x_wconf 83' lang='grc' dir='ltr'>τούτῳ</span> <span class='ocrx_word' id='word_1_605' title='bbox 414 4985 660 5050; x_wconf 87' lang='grc' dir='ltr'>πελάσει,</span> <span class='ocrx_word' id='word_1_606' title='bbox 716 4984 1105 5053; x_wconf 80' lang='grc' dir='ltr'>κλονηθήσεται</span> <span class='ocrx_word' id='word_1_607' title='bbox 1135 4983 1233 5052; x_wconf 86' lang='grc' dir='ltr'><strong>μὲν</strong></span> <span class='ocrx_word' id='word_1_608' title='bbox 1260 4985 1292 5053; x_wconf 84' lang='grc' dir='ltr'>ἡ</span> <span class='ocrx_word' id='word_1_609' title='bbox 1323 4983 1415 5051; x_wconf 85' lang='grc' dir='ltr'>γῆ,</span> <span class='ocrx_word' id='word_1_610' title='bbox 1444 4981 1789 5051; x_wconf 80' lang='grc' dir='ltr'>πανωλεθρία</span> 
     </span>
    </p>
   </div>
   <div class='ocr_carea' id='block_1_83' title="bbox 202 5074 1791 5147">
    <p class='ocr_par' dir='ltr' id='par_1_83' title="bbox 202 5074 1791 5147">
     <span class='ocr_line' id='line_1_83' title="bbox 202 5074 1791 5147; baseline -0.004 -17"><span class='ocrx_word' id='word_1_611' title='bbox 202 5079 258 5130; x_wconf 79' lang='grc' dir='ltr'>δὲ</span> <span class='ocrx_word' id='word_1_612' title='bbox 280 5078 588 5137; x_wconf 64' lang='grc' dir='ltr'>ἀπανταςθθ</span> <span class='ocrx_word' id='word_1_613' title='bbox 627 5076 1021 5147; x_wconf 78' lang='grc' dir='ltr'>καταλήψεται.</span> <span class='ocrx_word' id='word_1_614' title='bbox 1068 5075 1228 5127; x_wconf 86' lang='grc' dir='ltr'>Ἀλλά</span> <span class='ocrx_word' id='word_1_615' title='bbox 1264 5074 1487 5137; x_wconf 78' lang='grc' dir='ltr'>τούτους</span> <span class='ocrx_word' id='word_1_616' title='bbox 1523 5074 1619 5143; x_wconf 82' lang='grc' dir='ltr'><strong>μὲν</strong></span> <span class='ocrx_word' id='word_1_617' title='bbox 1666 5075 1791 5135; x_wconf 77' lang='grc' dir='ltr'>τοὺς</span> 
     </span>
    </p>
   </div>
   <div class='ocr_carea' id='block_1_84' title="bbox 203 5164 1789 5237">
    <p class='ocr_par' dir='ltr' id='par_1_84' title="bbox 203 5164 1789 5237">
     <span class='ocr_line' id='line_1_84' title="bbox 203 5164 1789 5237; baseline -0.003 -18"><span class='ocrx_word' id='word_1_618' title='bbox 203 5167 400 5234; x_wconf 82' lang='grc' dir='ltr'>λόγους</span> <span class='ocrx_word' id='word_1_619' title='bbox 432 5167 692 5237; x_wconf 84' lang='grc' dir='ltr'>γραῖδίων</span> <span class='ocrx_word' id='word_1_620' title='bbox 726 5166 1032 5236; x_wconf 86' lang='grc' dir='ltr'>μεθυόντων</span> <span class='ocrx_word' id='word_1_621' title='bbox 1056 5165 1280 5235; x_wconf 88' lang='grc' dir='ltr'>νομίσας</span> <span class='ocrx_word' id='word_1_622' title='bbox 1302 5164 1441 5219; x_wconf 85' lang='grc' dir='ltr'>εἶναι</span> <span class='ocrx_word' id='word_1_623' title='bbox 1471 5165 1789 5235; x_wconf 83' lang='grc' dir='ltr'>ληρήματα,</span> 
     </span>
    </p>
   </div>
   <div class='ocr_carea' id='block_1_85' title="bbox 204 5255 1790 5329">
    <p class='ocr_par' dir='ltr' id='par_1_85' title="bbox 204 5255 1790 5329">
     <span class='ocr_line' id='line_1_85' title="bbox 204 5255 1790 5329; baseline -0.003 -17"><span class='ocrx_word' id='word_1_624' title='bbox 204 5259 299 5312; x_wconf 81' lang='grc' dir='ltr'>τοῦ</span> <span class='ocrx_word' id='word_1_625' title='bbox 326 5259 381 5312; x_wconf 77' lang='grc' dir='ltr'>δὲ</span> <span class='ocrx_word' id='word_1_626' title='bbox 413 5257 677 5329; x_wconf 86' lang='grc' dir='ltr'>μεγέθους</span> <span class='ocrx_word' id='word_1_627' title='bbox 707 5258 782 5322; x_wconf 85' lang='grc' dir='ltr'>ὡς</span> <span class='ocrx_word' id='word_1_628' title='bbox 814 5259 1021 5328; x_wconf 72' lang='grc' dir='ltr'>ἀψύχου</span> <span class='ocrx_word' id='word_1_629' title='bbox 1070 5257 1513 5329; x_wconf 83' lang='grc' dir='ltr'>καταφρονήσας,</span> <span class='ocrx_word' id='word_1_630' title='bbox 1538 5255 1790 5309; x_wconf 73' lang='grc' dir='ltr'>ἐκέλευσέ</span> 
     </span>
    </p>
   </div>
   <div class='ocr_carea' id='block_1_86' title="bbox 1879 3334 3453 3412">
    <p class='ocr_par' dir='ltr' id='par_1_86' title="bbox 1879 3334 3453 3412">
     <span class='ocr_line' id='line_1_86' title="bbox 1879 3334 3453 3412; baseline -0.006 -17"><span class='ocrx_word' id='word_1_631' title='bbox 1879 3343 2085 3412; x_wconf 86' lang='lat' dir='ltr'><strong>philus,</strong></span> <span class='ocrx_word' id='word_1_632' title='bbox 2138 3342 2219 3393; x_wconf 84' lang='lat' dir='ltr'><strong>vir</strong></span> <span class='ocrx_word' id='word_1_633' title='bbox 2261 3354 2486 3393; x_wconf 72' lang='lat' dir='ltr'><strong>suuunre</strong></span> <span class='ocrx_word' id='word_1_634' title='bbox 2527 3338 2848 3406; x_wconf 68' lang='lat' dir='ltr'><strong>prudentue.</strong></span> <span class='ocrx_word' id='word_1_635' title='bbox 2897 3337 3213 3404; x_wconf 78' lang='lat' dir='ltr'><strong>cxcelsique</strong></span> <span class='ocrx_word' id='word_1_636' title='bbox 3261 3334 3453 3387; x_wconf 88' lang='lat' dir='ltr'><strong>animi.</strong></span> 
     </span>
    </p>
   </div>
   <div class='ocr_carea' id='block_1_87' title="bbox 1882 3429 3456 3488">
    <p class='ocr_par' dir='ltr' id='par_1_87' title="bbox 1882 3429 3456 3488">
     <span class='ocr_line' id='line_1_87' title="bbox 1882 3429 3456 3488; baseline -0.006 0"><span class='ocrx_word' id='word_1_637' title='bbox 1882 3433 1984 3488; x_wconf 89' lang='lat' dir='ltr'><strong>llic</strong></span> <span class='ocrx_word' id='word_1_638' title='bbox 2051 3435 2239 3486; x_wconf 82' lang='lat' dir='ltr'><strong>urbem</strong></span> <span class='ocrx_word' id='word_1_639' title='bbox 2294 3431 2716 3485; x_wconf 68' lang='lat' dir='ltr'><strong>Alexamlrinam</strong></span> <span class='ocrx_word' id='word_1_640' title='bbox 2776 3429 3199 3482; x_wconf 85' lang='lat' dir='ltr'><strong>simulacrorum</strong></span> <span class='ocrx_word' id='word_1_641' title='bbox 3267 3439 3456 3478; x_wconf 85' lang='lat' dir='ltr'><strong>errore</strong></span> 
     </span>
    </p>
   </div>
   <div class='ocr_carea' id='block_1_88' title="bbox 1882 3516 3457 3581">
    <p class='ocr_par' dir='ltr' id='par_1_88' title="bbox 1882 3516 3457 3581">
     <span class='ocr_line' id='line_1_88' title="bbox 1882 3516 3457 3581; baseline -0.008 0"><span class='ocrx_word' id='word_1_642' title='bbox 1882 3527 2157 3581; x_wconf 83' lang='lat' dir='ltr'><strong>liberavit.</strong></span> <span class='ocrx_word' id='word_1_643' title='bbox 2182 3524 2300 3577; x_wconf 84' lang='lat' dir='ltr'><strong>Non</strong></span> <span class='ocrx_word' id='word_1_644' title='bbox 2335 3523 2479 3574; x_wconf 83' lang='lat' dir='ltr'><strong>enim</strong></span> <span class='ocrx_word' id='word_1_645' title='bbox 2520 3522 2793 3574; x_wconf 84' lang='lat' dir='ltr'><strong>idolorum</strong></span> <span class='ocrx_word' id='word_1_646' title='bbox 2847 3520 3010 3570; x_wconf 87' lang='lat' dir='ltr'><strong>modo</strong></span> <span class='ocrx_word' id='word_1_647' title='bbox 3043 3517 3165 3570; x_wconf 88' lang='lat' dir='ltr'><strong>fana</strong></span> <span class='ocrx_word' id='word_1_648' title='bbox 3206 3516 3457 3569; x_wconf 73' lang='lat' dir='ltr'><strong>funditus</strong></span> 
     </span>
    </p>
   </div>
   <div class='ocr_carea' id='block_1_89' title="bbox 1883 3610 3454 3679">
    <p class='ocr_par' dir='ltr' id='par_1_89' title="bbox 1883 3610 3454 3679">
     <span class='ocr_line' id='line_1_89' title="bbox 1883 3610 3454 3679; baseline -0.009 -7"><span class='ocrx_word' id='word_1_649' title='bbox 1883 3618 2099 3679; x_wconf 83' lang='lat' dir='ltr'><strong>evertit,</strong></span> <span class='ocrx_word' id='word_1_650' title='bbox 2140 3615 2232 3670; x_wconf 77' lang='lat' dir='ltr'><strong>Sed</strong></span> <span class='ocrx_word' id='word_1_651' title='bbox 2269 3614 2529 3667; x_wconf 82' lang='lat' dir='ltr'><strong>subdolas</strong></span> <span class='ocrx_word' id='word_1_652' title='bbox 2584 3615 2749 3666; x_wconf 86' lang='lat' dir='ltr'><strong>etiam</strong></span> <span class='ocrx_word' id='word_1_653' title='bbox 2798 3610 3149 3663; x_wconf 80' lang='lat' dir='ltr'><strong>sacerdotum</strong></span> <span class='ocrx_word' id='word_1_654' title='bbox 3183 3615 3331 3662; x_wconf 86' lang='lat' dir='ltr'><strong>artes</strong></span> <span class='ocrx_word' id='word_1_655' title='bbox 3359 3623 3454 3661; x_wconf 86' lang='lat' dir='ltr'><strong>eo-</strong></span> 
     </span>
    </p>
   </div>
   <div class='ocr_carea' id='block_1_90' title="bbox 1884 3701 3457 3778">
    <p class='ocr_par' dir='ltr' id='par_1_90' title="bbox 1884 3701 3457 3778">
     <span class='ocr_line' id='line_1_90' title="bbox 1884 3701 3457 3778; baseline -0.006 -15"><span class='ocrx_word' id='word_1_656' title='bbox 1884 3728 2003 3764; x_wconf 89' lang='lat' dir='ltr'><strong>rum</strong></span> <span class='ocrx_word' id='word_1_657' title='bbox 2040 3724 2180 3778; x_wconf 88' lang='lat' dir='ltr'><strong>quos</strong></span> <span class='ocrx_word' id='word_1_658' title='bbox 2215 3708 2470 3760; x_wconf 81' lang='lat' dir='ltr'><strong>fallebant</strong></span> <span class='ocrx_word' id='word_1_659' title='bbox 2499 3706 2673 3759; x_wconf 89' lang='lat' dir='ltr'><strong>oculis</strong></span> <span class='ocrx_word' id='word_1_660' title='bbox 2707 3704 2961 3771; x_wconf 74' lang='lat' dir='ltr'><strong>subjecit.</strong></span> <span class='ocrx_word' id='word_1_661' title='bbox 2994 3701 3189 3756; x_wconf 65' lang='lat' dir='ltr'><strong>IEreas</strong></span> <span class='ocrx_word' id='word_1_662' title='bbox 3220 3714 3457 3768; x_wconf 86' lang='lat' dir='ltr'><strong>namque</strong></span> 
     </span>
    </p>
   </div>
   <div class='ocr_carea' id='block_1_91' title="bbox 1883 3790 3456 3869">
    <p class='ocr_par' dir='ltr' id='par_1_91' title="bbox 1883 3790 3456 3869">
     <span class='ocr_line' id='line_1_91' title="bbox 1883 3790 3456 3869; baseline -0.006 -15"><span class='ocrx_word' id='word_1_663' title='bbox 1883 3809 1935 3854; x_wconf 90' lang='lat' dir='ltr'><strong>et</strong></span> <span class='ocrx_word' id='word_1_664' title='bbox 1991 3802 2199 3869; x_wconf 74' lang='lat' dir='ltr'><strong>ligneas</strong></span> <span class='ocrx_word' id='word_1_665' title='bbox 2268 3807 2479 3853; x_wconf 83' lang='lat' dir='ltr'><strong>statuas</strong></span> <span class='ocrx_word' id='word_1_666' title='bbox 2534 3811 2695 3850; x_wconf 84' lang='lat' dir='ltr'><strong>cavas</strong></span> <span class='ocrx_word' id='word_1_667' title='bbox 2753 3796 3057 3849; x_wconf 91' lang='lat' dir='ltr'><strong>introrsum</strong></span> <span class='ocrx_word' id='word_1_668' title='bbox 3121 3790 3456 3846; x_wconf 86' lang='lat' dir='ltr'><strong>fabricautes</strong></span> 
     </span>
    </p>
   </div>
   <div class='ocr_carea' id='block_1_92' title="bbox 1884 3886 3457 3960">
    <p class='ocr_par' dir='ltr' id='par_1_92' title="bbox 1884 3886 3457 3960">
     <span class='ocr_line' id='line_1_92' title="bbox 1884 3886 3457 3960; baseline -0.006 -14"><span class='ocrx_word' id='word_1_669' title='bbox 1884 3891 2405 3960; x_wconf 66' lang='lat' dir='ltr'><strong>canumque-dorsa</strong></span> <span class='ocrx_word' id='word_1_670' title='bbox 2463 3889 2765 3959; x_wconf 86' lang='lat' dir='ltr'><strong>parietibus</strong></span> <span class='ocrx_word' id='word_1_671' title='bbox 2816 3886 3182 3955; x_wconf 89' lang='lat' dir='ltr'><strong>applicantes,</strong></span> <span class='ocrx_word' id='word_1_672' title='bbox 3236 3890 3457 3937; x_wconf 71' lang='lat' dir='ltr'><strong>meatus</strong></span> 
     </span>
    </p>
   </div>
   <div class='ocr_carea' id='block_1_93' title="bbox 1886 3973 3453 4050">
    <p class='ocr_par' dir='ltr' id='par_1_93' title="bbox 1886 3973 3453 4050">
     <span class='ocr_line' id='line_1_93' title="bbox 1886 3973 3453 4050; baseline -0.003 -19"><span class='ocrx_word' id='word_1_673' title='bbox 1886 3983 2153 4050; x_wconf 78' lang='lat' dir='ltr'><strong>quosdam</strong></span> <span class='ocrx_word' id='word_1_674' title='bbox 2192 3996 2299 4033; x_wconf 91' lang='lat' dir='ltr'><strong>non</strong></span> <span class='ocrx_word' id='word_1_675' title='bbox 2334 3980 2669 4049; x_wconf 89' lang='lat' dir='ltr'><strong>conspicuos</strong></span> <span class='ocrx_word' id='word_1_676' title='bbox 2705 3978 2757 4030; x_wconf 92' lang='lat' dir='ltr'><strong>in</strong></span> <span class='ocrx_word' id='word_1_677' title='bbox 2812 3976 3121 4046; x_wconf 85' lang='lat' dir='ltr'><strong>parietibus</strong></span> <span class='ocrx_word' id='word_1_678' title='bbox 3172 3973 3453 4042; x_wconf 84' lang='lat' dir='ltr'><strong>relinque-</strong></span> 
     </span>
    </p>
   </div>
   <div class='ocr_carea' id='block_1_94' title="bbox 1885 4065 3455 4139">
    <p class='ocr_par' dir='ltr' id='par_1_94' title="bbox 1885 4065 3455 4139">
     <span class='ocr_line' id='line_1_94' title="bbox 1885 4065 3455 4139; baseline -0.008 -13"><span class='ocrx_word' id='word_1_679' title='bbox 1885 4074 2033 4126; x_wconf 83' lang='lat' dir='ltr'><strong>bant.</strong></span> <span class='ocrx_word' id='word_1_680' title='bbox 2076 4071 2280 4123; x_wconf 79' lang='lat' dir='ltr'><strong>Deinde</strong></span> <span class='ocrx_word' id='word_1_681' title='bbox 2316 4086 2411 4139; x_wconf 89' lang='lat' dir='ltr'><strong>per</strong></span> <span class='ocrx_word' id='word_1_682' title='bbox 2440 4071 2601 4139; x_wconf 81' lang='lat' dir='ltr'><strong>adyta</strong></span> <span class='ocrx_word' id='word_1_683' title='bbox 2644 4067 2942 4122; x_wconf 90' lang='lat' dir='ltr'><strong>subeuntes</strong></span> <span class='ocrx_word' id='word_1_684' title='bbox 2983 4065 3117 4120; x_wconf 89' lang='lat' dir='ltr'><strong>etin</strong></span> <span class='ocrx_word' id='word_1_685' title='bbox 3148 4072 3455 4117; x_wconf 85' lang='lat' dir='ltr'><strong>statuarum</strong></span> 
     </span>
    </p>
   </div>
   <div class='ocr_carea' id='block_1_95' title="bbox 1887 4153 3458 4229">
    <p class='ocr_par' dir='ltr' id='par_1_95' title="bbox 1887 4153 3458 4229">
     <span class='ocr_line' id='line_1_95' title="bbox 1887 4153 3458 4229; baseline -0.005 -16"><span class='ocrx_word' id='word_1_686' title='bbox 1887 4160 2186 4229; x_wconf 84' lang='lat' dir='ltr'><strong>penetralia</strong></span> <span class='ocrx_word' id='word_1_687' title='bbox 2230 4160 2484 4228; x_wconf 81' lang='lat' dir='ltr'><strong>ingressi,</strong></span> <span class='ocrx_word' id='word_1_688' title='bbox 2515 4173 2744 4227; x_wconf 66' lang='lat' dir='ltr'><strong>quaeque</strong></span> <span class='ocrx_word' id='word_1_689' title='bbox 2772 4157 2995 4216; x_wconf 86' lang='lat' dir='ltr'><strong>vellent,</strong></span> <span class='ocrx_word' id='word_1_690' title='bbox 3028 4170 3123 4224; x_wconf 89' lang='lat' dir='ltr'><strong>per</strong></span> <span class='ocrx_word' id='word_1_691' title='bbox 3159 4153 3258 4207; x_wconf 85' lang='lat' dir='ltr'><strong>has</strong></span> <span class='ocrx_word' id='word_1_692' title='bbox 3289 4153 3458 4221; x_wconf 86' lang='lat' dir='ltr'><strong>impe-</strong></span> 
     </span>
    </p>
   </div>
   <div class='ocr_carea' id='block_1_96' title="bbox 1887 4243 3457 4318">
    <p class='ocr_par' dir='ltr' id='par_1_96' title="bbox 1887 4243 3457 4318">
     <span class='ocr_line' id='line_1_96' title="bbox 1887 4243 3457 4318; baseline -0.006 -14"><span class='ocrx_word' id='word_1_693' title='bbox 1887 4252 2124 4304; x_wconf 87' lang='lat' dir='ltr'><strong>rabant:</strong></span> <span class='ocrx_word' id='word_1_694' title='bbox 2160 4251 2489 4318; x_wconf 85' lang='lat' dir='ltr'><strong>deceptique</strong></span> <span class='ocrx_word' id='word_1_695' title='bbox 2516 4250 2609 4317; x_wconf 90' lang='lat' dir='ltr'><strong>qui</strong></span> <span class='ocrx_word' id='word_1_696' title='bbox 2649 4247 2947 4301; x_wconf 89' lang='lat' dir='ltr'><strong>audiebant</strong></span> <span class='ocrx_word' id='word_1_697' title='bbox 2979 4248 3248 4314; x_wconf 83' lang='lat' dir='ltr'><strong>imperata</strong></span> <span class='ocrx_word' id='word_1_698' title='bbox 3295 4243 3457 4296; x_wconf 86' lang='lat' dir='ltr'><strong>facie-</strong></span> 
     </span>
    </p>
   </div>
   <div class='ocr_carea' id='block_1_97' title="bbox 1888 4334 3460 4409">
    <p class='ocr_par' dir='ltr' id='par_1_97' title="bbox 1888 4334 3460 4409">
     <span class='ocr_line' id='line_1_97' title="bbox 1888 4334 3460 4409; baseline -0.009 -12"><span class='ocrx_word' id='word_1_699' title='bbox 1888 4342 2039 4398; x_wconf 83' lang='lat' dir='ltr'><strong>bant.</strong></span> <span class='ocrx_word' id='word_1_700' title='bbox 2080 4340 2188 4395; x_wconf 87' lang='lat' dir='ltr'><strong>Has</strong></span> <span class='ocrx_word' id='word_1_701' title='bbox 2226 4342 2521 4394; x_wconf 83' lang='lat' dir='ltr'><strong>destrucns</strong></span> <span class='ocrx_word' id='word_1_702' title='bbox 2574 4338 3016 4409; x_wconf 88' lang='lat' dir='ltr'><strong>sapientissimus</strong></span> <span class='ocrx_word' id='word_1_703' title='bbox 3060 4334 3304 4405; x_wconf 78' lang='lat' dir='ltr'><strong>pontifex</strong></span> <span class='ocrx_word' id='word_1_704' title='bbox 3351 4334 3460 4387; x_wconf 87' lang='lat' dir='ltr'><strong>cir-</strong></span> 
     </span>
    </p>
   </div>
   <div class='ocr_carea' id='block_1_98' title="bbox 1889 4424 3458 4499">
    <p class='ocr_par' dir='ltr' id='par_1_98' title="bbox 1889 4424 3458 4499">
     <span class='ocr_line' id='line_1_98' title="bbox 1889 4424 3458 4499; baseline -0.008 -15"><span class='ocrx_word' id='word_1_705' title='bbox 1889 4440 2187 4485; x_wconf 88' lang='lat' dir='ltr'><strong>cumvento</strong></span> <span class='ocrx_word' id='word_1_706' title='bbox 2231 4430 2434 4499; x_wconf 89' lang='lat' dir='ltr'><strong>populo</strong></span> <span class='ocrx_word' id='word_1_707' title='bbox 2484 4444 2598 4483; x_wconf 86' lang='lat' dir='ltr'><strong>rem</strong></span> <span class='ocrx_word' id='word_1_708' title='bbox 2638 4427 2917 4496; x_wconf 84' lang='lat' dir='ltr'><strong>patefecit.</strong></span> <span class='ocrx_word' id='word_1_709' title='bbox 2960 4424 3244 4493; x_wconf 85' lang='lat' dir='ltr'><strong>Serapidis</strong></span> <span class='ocrx_word' id='word_1_710' title='bbox 3276 4430 3458 4476; x_wconf 79' lang='lat' dir='ltr'><strong>autem</strong></span> 
     </span>
    </p>
   </div>
   <div class='ocr_carea' id='block_1_99' title="bbox 1892 4513 3460 4591">
    <p class='ocr_par' dir='ltr' id='par_1_99' title="bbox 1892 4513 3460 4591">
     <span class='ocr_line' id='line_1_99' title="bbox 1892 4513 3460 4591; baseline -0.007 -16"><span class='ocrx_word' id='word_1_711' title='bbox 1892 4524 2154 4591; x_wconf 90' lang='lat' dir='ltr'><strong>templum</strong></span> <span class='ocrx_word' id='word_1_712' title='bbox 2208 4520 2515 4589; x_wconf 79' lang='lat' dir='ltr'><strong>ingressus,</strong></span> <span class='ocrx_word' id='word_1_713' title='bbox 2574 4518 2721 4588; x_wconf 91' lang='lat' dir='ltr'><strong>quod</strong></span> <span class='ocrx_word' id='word_1_714' title='bbox 2774 4517 3019 4570; x_wconf 90' lang='lat' dir='ltr'><strong>omnium</strong></span> <span class='ocrx_word' id='word_1_715' title='bbox 3078 4528 3202 4583; x_wconf 62' lang='lat' dir='ltr'><strong>quae</strong></span> <span class='ocrx_word' id='word_1_716' title='bbox 3254 4513 3307 4565; x_wconf 91' lang='lat' dir='ltr'><strong>in</strong></span> <span class='ocrx_word' id='word_1_717' title='bbox 3343 4520 3460 4564; x_wconf 88' lang='lat' dir='ltr'><strong>toto</strong></span> 
     </span>
    </p>
   </div>
   <div class='ocr_carea' id='block_1_100' title="bbox 1891 4603 3459 4673">
    <p class='ocr_par' dir='ltr' id='par_1_100' title="bbox 1891 4603 3459 4673">
     <span class='ocr_line' id='line_1_100' title="bbox 1891 4603 3459 4673; baseline -0.008 -9"><span class='ocrx_word' id='word_1_718' title='bbox 1891 4622 2160 4666; x_wconf 86' lang='lat' dir='ltr'><strong>terrarum</strong></span> <span class='ocrx_word' id='word_1_719' title='bbox 2221 4610 2357 4663; x_wconf 87' lang='lat' dir='ltr'><strong>orbe</strong></span> <span class='ocrx_word' id='word_1_720' title='bbox 2422 4617 2551 4663; x_wconf 88' lang='lat' dir='ltr'><strong>sunt</strong></span> <span class='ocrx_word' id='word_1_721' title='bbox 2614 4608 2910 4660; x_wconf 75' lang='lat' dir='ltr'><strong>maximum</strong></span> <span class='ocrx_word' id='word_1_722' title='bbox 2962 4620 2991 4658; x_wconf 89' lang='lat' dir='ltr'><strong>a</strong></span> <span class='ocrx_word' id='word_1_723' title='bbox 3046 4603 3373 4673; x_wconf 85' lang='lat' dir='ltr'><strong>quibusdam</strong></span> <span class='ocrx_word' id='word_1_724' title='bbox 3405 4610 3459 4652; x_wconf 90' lang='lat' dir='ltr'><strong>et</strong></span> 
     </span>
    </p>
   </div>
   <div class='ocr_carea' id='block_1_101' title="bbox 1886 4694 3460 4775">
    <p class='ocr_par' dir='ltr' id='par_1_101' title="bbox 1886 4694 3460 4775">
     <span class='ocr_line' id='line_1_101' title="bbox 1886 4694 3460 4775; baseline -0.008 -18"><span class='ocrx_word' id='word_1_725' title='bbox 1886 4703 2321 4775; x_wconf 71' lang='lat' dir='ltr'><strong>pulcherrimum</strong></span> <span class='ocrx_word' id='word_1_726' title='bbox 2382 4701 2555 4756; x_wconf 87' lang='lat' dir='ltr'><strong>fuisse</strong></span> <span class='ocrx_word' id='word_1_727' title='bbox 2621 4700 2959 4769; x_wconf 85' lang='lat' dir='ltr'><strong>perhibetur,</strong></span> <span class='ocrx_word' id='word_1_728' title='bbox 3020 4706 3258 4752; x_wconf 86' lang='lat' dir='ltr'><strong>statuam</strong></span> <span class='ocrx_word' id='word_1_729' title='bbox 3328 4694 3460 4746; x_wconf 85' lang='lat' dir='ltr'><strong>vidit</strong></span> 
     </span>
    </p>
   </div>
   <div class='ocr_carea' id='block_1_102' title="bbox 1886 4787 3458 4864">
    <p class='ocr_par' dir='ltr' id='par_1_102' title="bbox 1886 4787 3458 4864">
     <span class='ocr_line' id='line_1_102' title="bbox 1886 4787 3458 4864; baseline -0.01 -15"><span class='ocrx_word' id='word_1_730' title='bbox 1886 4797 2045 4864; x_wconf 79' lang='lat' dir='ltr'><strong>longe</strong></span> <span class='ocrx_word' id='word_1_731' title='bbox 2066 4794 2383 4854; x_wconf 85' lang='lat' dir='ltr'><strong>maximam,</strong></span> <span class='ocrx_word' id='word_1_732' title='bbox 2415 4799 2467 4845; x_wconf 89' lang='lat' dir='ltr'><strong>et</strong></span> <span class='ocrx_word' id='word_1_733' title='bbox 2492 4804 2613 4859; x_wconf 73' lang='lat' dir='ltr'><strong>quaa-</strong></span> <span class='ocrx_word' id='word_1_734' title='bbox 2646 4787 3029 4857; x_wconf 77' lang='lat' dir='ltr'><strong>magnitudine</strong></span> <span class='ocrx_word' id='word_1_735' title='bbox 3064 4800 3161 4839; x_wconf 87' lang='lat' dir='ltr'><strong>sua</strong></span> <span class='ocrx_word' id='word_1_736' title='bbox 3189 4794 3458 4838; x_wconf 86' lang='lat' dir='ltr'><strong>terrorem</strong></span> 
     </span>
    </p>
   </div>
   <div class='ocr_carea' id='block_1_103' title="bbox 1886 4874 3459 4957">
    <p class='ocr_par' dir='ltr' id='par_1_103' title="bbox 1886 4874 3459 4957">
     <span class='ocr_line' id='line_1_103' title="bbox 1886 4874 3459 4957; baseline -0.013 -14"><span class='ocrx_word' id='word_1_737' title='bbox 1886 4885 2268 4957; x_wconf 83' lang='lat' dir='ltr'><strong>spectantibus</strong></span> <span class='ocrx_word' id='word_1_738' title='bbox 2301 4884 2622 4936; x_wconf 86' lang='lat' dir='ltr'><strong>incuteret:</strong></span> <span class='ocrx_word' id='word_1_739' title='bbox 2665 4894 2731 4933; x_wconf 90' lang='lat' dir='ltr'><strong>ac</strong></span> <span class='ocrx_word' id='word_1_740' title='bbox 2781 4886 2975 4946; x_wconf 62' lang='grc' dir='ltr'>[ιι-αξιοι</span> <span class='ocrx_word' id='word_1_741' title='bbox 3028 4874 3459 4945; x_wconf 79' lang='lat' dir='ltr'><strong>magnitudinem</strong></span> 
     </span>
    </p>
   </div>
   <div class='ocr_carea' id='block_1_104' title="bbox 1886 4962 3460 5045">
    <p class='ocr_par' dir='ltr' id='par_1_104' title="bbox 1886 4962 3460 5045">
     <span class='ocr_line' id='line_1_104' title="bbox 1886 4962 3460 5045; baseline -0.012 -13"><span class='ocrx_word' id='word_1_742' title='bbox 1886 4979 2059 5033; x_wconf 86' lang='lat' dir='ltr'><strong>falsus</strong></span> <span class='ocrx_word' id='word_1_743' title='bbox 2082 4976 2301 5045; x_wconf 85' lang='lat' dir='ltr'><strong>quidam</strong></span> <span class='ocrx_word' id='word_1_744' title='bbox 2356 4987 2546 5025; x_wconf 88' lang='lat' dir='ltr'><strong>rumor</strong></span> <span class='ocrx_word' id='word_1_745' title='bbox 2603 4962 2959 5031; x_wconf 85' lang='lat' dir='ltr'><strong>obtinuerat,</strong></span> <span class='ocrx_word' id='word_1_746' title='bbox 2998 4976 3157 5021; x_wconf 71' lang='lat' dir='ltr'><strong>terra:</strong></span> <span class='ocrx_word' id='word_1_747' title='bbox 3210 4972 3460 5029; x_wconf 84' lang='lat' dir='ltr'><strong>motum,</strong></span> 
     </span>
    </p>
   </div>
   <div class='ocr_carea' id='block_1_105' title="bbox 1885 5057 3462 5140">
    <p class='ocr_par' dir='ltr' id='par_1_105' title="bbox 1885 5057 3462 5140">
     <span class='ocr_line' id='line_1_105' title="bbox 1885 5057 3462 5140; baseline -0.011 -15"><span class='ocrx_word' id='word_1_748' title='bbox 1885 5072 1928 5125; x_wconf 84' lang='lat' dir='ltr'><strong>si</strong></span> <span class='ocrx_word' id='word_1_749' title='bbox 1958 5071 2086 5140; x_wconf 87' lang='lat' dir='ltr'><strong>quis</strong></span> <span class='ocrx_word' id='word_1_750' title='bbox 2114 5068 2337 5138; x_wconf 91' lang='lat' dir='ltr'><strong>pr0pius</strong></span> <span class='ocrx_word' id='word_1_751' title='bbox 2384 5062 2695 5128; x_wconf 88' lang='lat' dir='ltr'><strong>accederet,</strong></span> <span class='ocrx_word' id='word_1_752' title='bbox 2726 5062 3082 5121; x_wconf 79' lang='lat' dir='ltr'><strong>exstiturum,</strong></span> <span class='ocrx_word' id='word_1_753' title='bbox 3122 5057 3462 5123; x_wconf 76' lang='lat' dir='ltr'><strong>exitiumque</strong></span> 
     </span>
    </p>
   </div>
   <div class='ocr_carea' id='block_1_106' title="bbox 1886 5148 3459 5218">
    <p class='ocr_par' dir='ltr' id='par_1_106' title="bbox 1886 5148 3459 5218">
     <span class='ocr_line' id='line_1_106' title="bbox 1886 5148 3459 5218; baseline -0.013 0"><span class='ocrx_word' id='word_1_754' title='bbox 1886 5162 2145 5218; x_wconf 90' lang='lat' dir='ltr'><strong>omnibus</strong></span> <span class='ocrx_word' id='word_1_755' title='bbox 2206 5160 2526 5212; x_wconf 88' lang='lat' dir='ltr'><strong>allaturum.</strong></span> <span class='ocrx_word' id='word_1_756' title='bbox 2570 5157 2640 5207; x_wconf 88' lang='lat' dir='ltr'><strong>At</strong></span> <span class='ocrx_word' id='word_1_757' title='bbox 2700 5168 2950 5207; x_wconf 84' lang='lat' dir='ltr'><strong>rumores</strong></span> <span class='ocrx_word' id='word_1_758' title='bbox 3002 5152 3137 5205; x_wconf 92' lang='lat' dir='ltr'><strong>istos</strong></span> <span class='ocrx_word' id='word_1_759' title='bbox 3186 5148 3459 5203; x_wconf 86' lang='lat' dir='ltr'><strong>ebriarum</strong></span> 
     </span>
    </p>
   </div>
   <div class='ocr_carea' id='block_1_107' title="bbox 1887 5239 3460 5315">
    <p class='ocr_par' dir='ltr' id='par_1_107' title="bbox 1887 5239 3460 5315">
     <span class='ocr_line' id='line_1_107' title="bbox 1887 5239 3460 5315; baseline -0.012 -6"><span class='ocrx_word' id='word_1_760' title='bbox 1887 5254 2229 5309; x_wconf 86' lang='lat' dir='ltr'><strong>anicularum</strong></span> <span class='ocrx_word' id='word_1_761' title='bbox 2257 5265 2384 5305; x_wconf 87' lang='lat' dir='ltr'><strong>esse</strong></span> <span class='ocrx_word' id='word_1_762' title='bbox 2415 5248 2779 5304; x_wconf 88' lang='lat' dir='ltr'><strong>deliramenta</strong></span> <span class='ocrx_word' id='word_1_763' title='bbox 2819 5255 3108 5315; x_wconf 87' lang='lat' dir='ltr'><strong>reputans,</strong></span> <span class='ocrx_word' id='word_1_764' title='bbox 3142 5248 3196 5295; x_wconf 89' lang='lat' dir='ltr'><strong>et</strong></span> <span class='ocrx_word' id='word_1_765' title='bbox 3251 5239 3460 5309; x_wconf 77' lang='lat' dir='ltr'><strong>magni-</strong></span> 
     </span>
    </p>
   </div>
   <div class='ocr_carea' id='block_1_108' title="bbox 1548 5424 2224 5487">
    <p class='ocr_par' dir='ltr' id='par_1_108' title="bbox 1548 5424 2224 5487">
     <span class='ocr_line' id='line_1_108' title="bbox 1548 5424 2224 5487; baseline -0.01 -1"><span class='ocrx_word' id='word_1_766' title='bbox 1548 5431 1779 5487; x_wconf 72' lang='lat' dir='ltr'><strong>V&#39;ARIA&#39;J</strong></span> <span class='ocrx_word' id='word_1_767' title='bbox 1821 5424 2224 5484; x_wconf 82' lang='lat' dir='ltr'><strong>LECTIONES.</strong></span> 
     </span>
    </p>
   </div>
   <div class='ocr_carea' id='block_1_109' title="bbox 275 5550 3458 5654">
    <p class='ocr_par' dir='ltr' id='par_1_109' title="bbox 275 5550 3458 5654">
     <span class='ocr_line' id='line_1_109' title="bbox 275 5550 3458 5654; baseline -0.009 -9"><span class='ocrx_word' id='word_1_768' title='bbox 275 5589 325 5625; x_wconf 74' lang='grc' dir='ltr'><strong>τ’</strong></span> <span class='ocrx_word' id='word_1_769' title='bbox 377 5591 663 5645; x_wconf 82' lang='grc' dir='ltr'>Ἐκοίτιον.</span> <span class='ocrx_word' id='word_1_770' title='bbox 710 5588 831 5642; x_wconf 83' lang='grc' dir='ltr'><strong>Ρίιιί</strong></span> <span class='ocrx_word' id='word_1_771' title='bbox 880 5587 1019 5643; x_wconf 87' lang='lat' dir='ltr'><strong>liber</strong></span> <span class='ocrx_word' id='word_1_772' title='bbox 1101 5587 1397 5641; x_wconf 80' lang='grc' dir='ltr'>Ἐκκοίτιον</span> <span class='ocrx_word' id='word_1_773' title='bbox 1448 5584 1681 5654; x_wconf 86' lang='lat' dir='ltr'><strong>appellat</strong></span> <span class='ocrx_word' id='word_1_774' title='bbox 1724 5582 2084 5654; x_wconf 84' lang='lat' dir='ltr'><strong>Nicephorus.</strong></span> <span class='ocrx_word' id='word_1_775' title='bbox 2143 5581 2187 5611; x_wconf 74' lang='grc'>⁷⁸</span> <span class='ocrx_word' id='word_1_776' title='bbox 2216 5578 2421 5648; x_wconf 77' lang='grc' dir='ltr'>ἀπέδρα</span> <span class='ocrx_word' id='word_1_777' title='bbox 2452 5577 2549 5645; x_wconf 83' lang='grc' dir='ltr'><strong>μέν</strong></span> <span class='ocrx_word' id='word_1_778' title='bbox 2580 5573 2833 5644; x_wconf 86' lang='lat' dir='ltr'><strong>proponit</strong></span> <span class='ocrx_word' id='word_1_779' title='bbox 2864 5566 3244 5654; x_wconf 33' lang='lat' dir='ltr'><strong>Vales-ius.__&quot;&quot;_</strong></span> <span class='ocrx_word' id='word_1_780' title='bbox 3273 5550 3458 5654; x_wconf 48' lang='lat' dir='ltr'><strong>incidi}</strong></span> 
     </span>
    </p>
   </div>
   <div class='ocr_carea' id='block_1_110' title="bbox 206 5638 3457 5728">
    <p class='ocr_par' dir='ltr' id='par_1_110' title="bbox 206 5638 3457 5728">
     <span class='ocr_line' id='line_1_110' title="bbox 206 5638 3457 5728; baseline -0.009 -13"><span class='ocrx_word' id='word_1_781' title='bbox 206 5663 286 5717; x_wconf 76' lang='grc' dir='ltr'><strong>δέ.</strong></span> <span class='ocrx_word' id='word_1_782' title='bbox 316 5638 732 5716; x_wconf 34' lang='grc' dir='ltr'>ἐι*</span> <span class='ocrx_word' id='word_1_783' title='bbox 757 5638 1062 5726; x_wconf 26' lang='lat' dir='ltr'><strong>iS-vt—eplijﬂ”</strong></span> <span class='ocrx_word' id='word_1_784' title='bbox 1091 5638 1904 5728; x_wconf 39' lang='grc' dir='ltr'>ἀντιγροιιέῶν,ἰδἰζάντεγρᾷφίὴ</span> <span class='ocrx_word' id='word_1_785' title='bbox 1954 5667 2284 5728; x_wconf 68' lang='lat' dir='ltr'><strong>responsum,</strong></span> <span class='ocrx_word' id='word_1_786' title='bbox 2322 5638 2791 5728; x_wconf 39' lang='lat' dir='ltr'><strong>mutatoferentur</strong></span> <span class='ocrx_word' id='word_1_787' title='bbox 2830 5639 3036 5728; x_wconf 53' lang='lat' dir='ltr'><strong>°svi-ibit</strong></span> <span class='ocrx_word' id='word_1_788' title='bbox 3072 5638 3339 5728; x_wconf 42' lang='lat' dir='ltr'><strong>Valgsius.</strong></span> <span class='ocrx_word' id='word_1_789' title='bbox 3362 5651 3457 5728; x_wconf 36' lang='lat' dir='ltr'><strong>Ire-</strong></span> 
     </span>
    </p>
   </div>
   <div class='ocr_carea' id='block_1_111' title="bbox 211 5704 3455 5804">
    <p class='ocr_par' dir='ltr' id='par_1_111' title="bbox 211 5704 3455 5804">
     <span class='ocr_line' id='line_1_111' title="bbox 211 5704 3455 5804; baseline -0.009 -18"><span class='ocrx_word' id='word_1_790' title='bbox 211 5704 468 5799; x_wconf 33' lang='lat' dir='ltr'><strong>ctiusfut</strong></span> <span class='ocrx_word' id='word_1_791' title='bbox 515 5704 718 5804; x_wconf 47' lang='lat' dir='ltr'><strong>p‘u&#39;to.&quot;</strong></span> <span class='ocrx_word' id='word_1_792' title='bbox 757 5729 803 5761; x_wconf 77' lang='lat'>“</span> <span class='ocrx_word' id='word_1_793' title='bbox 830 5704 1145 5800; x_wconf 51' lang='grc' dir='ltr'>ἀνεδήσατο.</span> <span class='ocrx_word' id='word_1_794' title='bbox 1176 5704 1992 5795; x_wconf 38' lang='lat' dir='ltr'><strong>Bagi—IT“Ci,binisaviliiiinc</strong></span> <span class='ocrx_word' id='word_1_795' title='bbox 2027 5704 2211 5783; x_wconf 71' lang='lat' dir='ltr'><strong>codd.,</strong></span> <span class='ocrx_word' id='word_1_796' title='bbox 2249 5704 2512 5791; x_wconf 71' lang='lat' dir='ltr'><strong>ptolzante</strong></span> <span class='ocrx_word' id='word_1_797' title='bbox 2546 5715 2779 5769; x_wconf 73' lang='lat' dir='ltr'><strong>Vult-sin.</strong></span> <span class='ocrx_word' id='word_1_798' title='bbox 2830 5712 2871 5744; x_wconf 71' lang='grc'><strong>³⁸</strong></span> <span class='ocrx_word' id='word_1_799' title='bbox 2909 5712 3137 5764; x_wconf 76' lang='grc' dir='ltr'>ᾶπαντα.</span> <span class='ocrx_word' id='word_1_800' title='bbox 3173 5707 3331 5761; x_wconf 75' lang='lat' dir='ltr'><strong>Basil.</strong></span> <span class='ocrx_word' id='word_1_801' title='bbox 3362 5704 3455 5758; x_wconf 73' lang='lat' dir='ltr'><strong>Gr.</strong></span> 
     </span>
    </p>
   </div>
  </div>
