4206 6456
790 382 920 448 19M

1789 381 2278 442 THEODORETI
2310 382 2647 442 EPISCOPI
2688 385 3053 446 CYRENSIS

3895 393 3917 455 1
3928 395 4041 459 252

787 503 982 556 totum,
1039 487 1399 542 Valentiniani
1469 494 1645 540 morte
1697 484 2036 556 Eugeuiique
2070 488 2356 559 tyrannide

2461 505 2522 554 γε
2565 491 2660 559 τῆς
2694 494 3064 561 γεγενημένης
3097 494 3338 563 εἰρήνης,
3385 496 3483 566 τήν
3515 513 3568 550 τε
3622 498 4036 558 Ριαλεντινιανοῦ

785 583 994 644 audita,
1025 598 1144 634 cum
1189 579 1430 631 exercitu
1477 578 1640 631 movit
1680 579 1734 632 in
1792 576 2084 647 EurOpam.
2131 577 2358 632 Vivebat

785 689 916 727 tunc
943 673 994 726 in
1025 669 1261 739 Egypto
1285 667 1528 722 Joannes
1565 669 1814 736 quidam,
1859 667 2208 736 disciplinam
2259 682 2357 718 co-

785 767 903 820 lens
944 763 1263 825 asceticam,
1310 761 1402 830 qui
1439 759 1709 828 spirituali
1745 757 1918 827 gratia
1962 767 2210 821 ornatus,
2253 759 2360 811 sci-

784 851 1110 907 scitantibus
1174 851 1345 904 multa
1396 849 1817 919 praenuntiabat.
1881 847 1959 900 Ad
2025 847 2170 901 hunc
2211 847 2360 899 misit

779 941 981 998 Christi
1010 957 1200 996 amans
1221 943 1535 1008 imperator,
1569 939 1708 993 scire
1746 954 1912 993 avens
1943 953 2010 991 an
2049 937 2358 992 bellandum

783 1046 933 1092 esset
963 1043 1156 1090 contra
1200 1042 1484 1104 tyrannos.
1531 1031 1607 1085 Ac
1643 1031 1822 1099 priore
1873 1031 2094 1098 quidem
2133 1030 2187 1082 in
2220 1027 2360 1081 bello

782 1133 1068 1188 victoriam
1102 1131 1221 1185 sine
1257 1129 1525 1198 sanguine
1589 1126 1823 1180 futuram
1888 1126 2216 1179 vaticinatus
2253 1132 2357 1186 est,

784 1227 840 1282 in
861 1223 1163 1295 posteriore
1182 1235 1310 1275 vero
1343 1230 1463 1289 post
1484 1218 1706 1272 multam
1732 1217 1935 1272 credent
1959 1219 2221 1271 victorem
2245 1215 2360 1269 fore

783 1320 1170 1388 imperatorem
1205 1309 1628 1382 prmdixit.Cum
1651 1312 1751 1363 hac
1784 1325 1880 1378 spe
1907 1310 2094 1378 copias
2119 1308 2360 1362 educens

782 1408 1104 1476 imperator,
1139 1405 1253 1457 acie
1287 1403 1554 1456 instructa
1579 1402 1817 1453 hostium
1848 1400 2112 1468 plurimos
2129 1399 2355 1458 cecidit,

782 1497 1048 1568 plurimos
1093 1503 1147 1548 et
1197 1494 1310 1562 ipse
1365 1491 1658 1545 auxiliares
1702 1489 1964 1544 barbaros
2016 1490 2220 1543 amisit.
2283 1487 2358 1542 Ibi

782 1601 910 1642 cum
939 1585 1107 1640 duces
1149 1597 1350 1653 paucos
1374 1582 1427 1635 in
1453 1580 1620 1634 armis
1656 1578 1869 1650 1064,
1903 1593 2191 1646 superesse
2219 1577 2362 1632 dice-

783 1689 930 1742 rent,
964 1676 1366 1743 suaderentque
1389 1673 1590 1727 bellum
1624 1672 1940 1741 aliquandiu
1974 1671 2357 1735 intermittere,

783 1785 846 1826 ut
875 1785 1003 1824 vere
1042 1769 1262 1822 ineunte
1304 1779 1474 1820 novas
1515 1764 1704 1832 copias
1729 1771 1949 1831 cogeret
1983 1770 2146 1830 atque
2175 1761 2359 1815 hostes

781 1861 1134 1919 multitudine
1167 1868 1478 1929 superaret,
1521 1857 1813 1911 consilium
1869 1854 2221 1909 ﬁdelissimus
2255 1855 2358 1906 im-

781 1962 1004 2024 perator
1035 1951 1363 2021 repudiavit.
1401 1966 1419 1999 ι
1463 1946 1570 2002 Nec
1597 1947 1741 2000 enim
1773 1944 2224 2000 committendum
2250 1952 2354 2008 est,

783 2046 980 2117 inquit,
999 2053 1058 2100 ut
1081 2043 1309 2099 salutari
1333 2042 1484 2095 cruci
1524 2045 1729 2092 tantam
1772 2037 2198 2092 imbecillitatem
2257 2037 2357 2089 im-

780 2139 1094 2209 pingamus,
1116 2141 1207 2187 aut
1236 2131 1486 2186 Herculis
1516 2131 1736 2199 imagini
1768 2136 1946 2183 tantas
1968 2129 2111 2183 vires
2134 2126 2357 2182 confes-

781 2230 936 2284 sione
985 2233 1172 2280 nostra
1208 2224 1534 2277 tribuamus.
1600 2220 1812 2290 Quippe
1865 2234 2000 2273 crux
2056 2217 2354 2274 exercitum

783 2327 1031 2375 nostrum
1072 2315 1364 2380 antecedit,
1388 2315 1568 2382 imago
1610 2312 1700 2364 illa
1748 2311 2021 2365 hostilem.
2053 2329 2070 2362 ι
2101 2309 2196 2364 llis
2231 2324 2353 2362 cum

781 2411 976 2466 ﬁducia
999 2409 1181 2473 dictis,
1235 2421 1360 2461 cum
1400 2405 1574 2474 copia:
1619 2418 1740 2472 qua:
1775 2402 2054 2456 restabant
2083 2405 2099 2424 '
2148 2401 2356 2472 exiguae

780 2507 1074 2571 fractasque
1093 2500 1290 2555 animis
1313 2507 1522 2560 essent,
1544 2497 1845 2552 oratorium
1867 2505 2061 2549 nactus
2077 2496 2129 2548 in
2155 2511 2234 2548 vei
2250 2495 2356 2547 tice

783 2597 983 2650 amntis
1013 2593 1066 2646 in
1095 2605 1205 2660 quo
1222 2601 1400 2644 castra
1421 2597 1599 2647 erant,
1624 2596 1793 2640 totam
1827 2595 2038 2640 noctem
2067 2586 2352 2639 Dominum

781 2698 1167 2740 universorum
1211 2683 1418 2734 oraudo
1449 2681 1814 2749 consumpsit.
1877 2679 1989 2734 Sub
2022 2681 2353 2749 gallicinium

780 2788 960 2830 autem
988 2791 1216 2830 somnus
1249 2775 1402 2826 illum
1435 2783 1632 2843 pr:elcr
1670 2774 2004 2826 voluntatem
2059 2773 2352 2842 oppressit.

783 2869 943 2921 t'tnmi
982 2883 1111 2936 ergo
1138 2875 1468 2934 prosu'atus,
1497 2865 1682 2919 videre
1719 2865 1820 2918 sibi
1880 2866 2030 2918 visus
2077 2875 2160 2918 est
2219 2864 2358 2918 duos

781 2961 930 3012 visos
974 2955 1202 3010 candida
1233 2963 1382 3008 veste
1413 2955 1663 3016 antictos,
1696 2965 1748 3008 et
1788 2955 1945 3022 equis
1979 2953 2118 3009 albis
2145 2963 2352 3014 vectos,

782 3050 880 3118 qui
911 3049 1088 3115 ipsum
1131 3047 1276 3098 bono
1306 3045 1491 3098 animo
1515 3059 1658 3106 esse,
1699 3046 1951 3099 timorem
1990 3043 2248 3110 abiieere,
2304 3050 2358 3094 ιι

781 3139 959 3208 prima
981 3139 1102 3191 luce
1133 3149 1286 3190 arma
1316 3150 1532 3204 capere,
1574 3134 1870 3203 copiasque
1887 3134 1952 3187 ad
1988 3148 2222 3204 pugnam
2274 3133 2357 3184 in-
2387 3160 2430 3216 (ξ

784 3240 998 3283 struere
1028 3227 1303 3296 juberent,
1358 3227 1709 3280 auxiliatores
1774 3239 1833 3278 se
1885 3227 2084 3278 missos
2124 3239 2245 3278 esse
2295 3237 2357 3276 ac.

780 3320 1100 3375 defensores
1133 3336 1146 3371 :
1181 3333 1414 3387 quorum
1440 3318 1574 3371 alter
1597 3331 1655 3371 se
1683 3315 1945 3370 Joannem
1966 3315 2356 3385 evangelistam

789 3407 968 3467 aiebat
993 3427 1140 3474 esse,
1177 3413 1314 3464 alter
1354 3408 1664 3477 Philippum
1709 3409 2045 3478 apostolum.
2097 3406 2209 3461 Hoc
2241 3408 2359 3460 viso

783 3508 887 3561 sibi
937 3505 1120 3558 oblato
1153 3504 1498 3572 imperatora
1529 3503 1783 3572 precibus
1829 3517 1939 3567 non
1992 3501 2222 3564 destitit,
2265 3501 2356 3554 sed

783 3597 1050 3651 alacriore
1068 3596 1119 3648 in
1160 3611 1252 3648 eas
1271 3594 1450 3648 studio
1481 3593 1847 3648 incumbebat.
1879 3591 1992 3646 Hoc
2034 3594 2176 3646 idem
2207 3593 2359 3646 miles

784 3685 1004 3757 quidam
1044 3699 1166 3739 cum
1201 3683 1444 3743 vidisset,
1476 3683 1780 3736 centurioni
1815 3697 1915 3737 suo
1946 3683 2227 3746 indicavit,
2272 3682 2358 3736 Itic

788 3792 916 3830 vero
969 3776 1117 3828 illum
1160 3776 1222 3825 ad
1265 3775 1543 3827 tribunum
1583 3774 1826 3836 deduxit,
1857 3773 2111 3828 tribunus
2145 3775 2210 3827 ad
2259 3776 2359 3826 ilu-

785 3883 924 3922 cem.
986 3866 1101 3919 Dux
1146 3866 1272 3918 novi
1317 3864 1520 3934 aliquid
1581 3864 1823 3918 indicare
1882 3875 2215 3928 autumans,
2259 3865 2360 3917 imo

789 3957 1026 4026 peratori
1051 3955 1164 4008 haec
1197 3953 1485 4027 nuntiavit.
1510 3952 1576 4005 At
1600 3953 1691 4007 ille
1731 3972 1742 4007 :
1785 3973 1803 4004 ι
1833 3952 1948 4006 Non
1978 3969 2116 4018 mea,
2148 3955 2356 4022 inquit,

789 4063 956 4102 causa
1007 4048 1110 4102 iste
1167 4047 1270 4099 ltoe
1325 4046 1493 4110 vidit;
1551 4060 1650 4113 ego
1717 4046 1860 4098 enim
1909 4044 1978 4100 iis
2017 4044 2224 4100 credidi
2265 4045 2359 4112 qui

790 4140 1074 4191 victoriam
1104 4138 1327 4206 polliciti
1369 4145 1515 4190 sunt.
1545 4135 1650 4191 Sed
1699 4153 1764 4190 ne
1791 4138 1915 4206 quis
1944 4145 2095 4206 putet
2145 4153 2249 4196 mc,
2303 4146 2360 4190 ut

792 4228 1004 4300 1065
1043 4227 1300 4298 cupidum
1359 4243 1574 4298 pugna),
1606 4227 1874 4280 visionem
1935 4228 2180 4290 tinxisse,
2236 4228 2362 4282 huic

788 4323 953 4374 etiam
975 4322 1078 4373 ista
1094 4319 1329 4372 ostcmlit
1348 4321 1438 4387 qui
1454 4319 1663 4386 imperii
1690 4318 1793 4371 mei
1815 4325 1899 4372 est
1918 4319 2154 4386 adjutor,
2170 4327 2226 4371 ut
2246 4318 2361 4368 ido-

790 4425 928 4466 neus
963 4411 1034 4465 sit
1063 4410 1221 4464 testis
1253 4411 1553 4463 narrationi
1575 4425 1726 4462 mea}.
1753 4407 1880 4462 Milli
1911 4412 2055 4462 enim
2086 4409 2239 4478 prius
2256 4409 2360 4461 hoc.

2463 579 2719 651 τελευτὴν
2749 583 2842 634 καὶ
2868 582 2966 652 τὴν
3002 585 3254 650 Εὐγενίου
3282 589 3570 655 τυραννίδα
3601 591 3809 660 μαθὼν,
3832 597 3909 657 εἰς
3934 599 4038 663 τὴν

2462 671 2732 742 Εὐρώπην
2759 674 3105 744 ἐστράτευσε.
3141 677 3276 729 Κατ’
3307 679 3512 732 ἐκεῖνον
3543 680 3600 734 δέ
3628 685 3720 735 τὸν
3741 687 3935 754 χρόνον
3967 684 4037 757 ἦν

2461 777 2544 822 τις
2583 762 2836 834 Ἰωάννης
2878 765 2936 816 ἐν
2983 764 3264 836 Αἰγύπτῳ,
3293 769 3393 840 τὴν
3453 772 3757 844 άσκητικὴν
3786 777 4036 842 ἀσπαζό-

2463 867 2623 921 μενος
2649 851 2950 908 πολιτείαν.
2979 851 3150 921 Οὗτος
3179 861 3555 932 πνευματικῆς
3581 865 3900 936 μεταλαχὼν
3934 869 4035 936 χά-

2463 955 2609 1009 ριτος
2631 981 2646 1004 ,
2675 941 2846 996 πολλὰ
2872 947 2985 1008 τοῖς
3023 947 3446 1018 πυνθανομένοις
3479 953 3742 1022 προύλεγε
3770 956 3879 1009 τῶν
3912 959 4039 1010 ἐσοο

2466 1031 2661 1100 μένων.
2695 1033 2838 1104 Πρὸς
2867 1035 3056 1090 τοῦτον
3101 1040 3130 1092 ὁ
3171 1039 3515 1110 φιλόχριστος
3547 1045 3831 1100 ἀπέστειλε
3881 1047 4039 1118 βασι⁶

2462 1121 2608 1219 λεὺ-ς,
2633 1127 2683 1178 εί
2707 1126 3044 1197 πολεμητέον
3063 1132 3174 1193 τοῖς
3199 1133 3482 1201 τυράννοις
3512 1135 3704 1204 μαοείν
3724 1137 4038 1219 ἐφιέμενος.

2462 1215 2572 1267 Καὶ
2609 1219 2702 1269 ἐπὶ
2747 1219 2845 1286 μὲν
2882 1219 2975 1272 τοῦ
3025 1223 3290 1293 προτέρου
3339 1224 3574 1295 πολέμου
3622 1229 3721 1297 τὴν
3762 1215 4042 1300 ἀναιμωτὶ

2463 1308 2841 1379 προηγόρευσε
2870 1311 3026 1380 νίκην
3049 1329 3060 1340 ·
3088 1314 3180 1366 ἐπὶ
3212 1314 3266 1367 δὲ
3293 1315 3386 1369 τοῦ
3418 1317 3672 1390 δευτέρου
3704 1321 3843 1389 μετὰ
3870 1323 4040 1376 πολὺν

2463 1399 2624 1464 φόνον
2659 1402 2908 1468 νικήσειν
2941 1404 3032 1456 τὸν
3067 1405 3291 1474 βασιλέα
3315 1409 3635 1478 προείρηκε.
3667 1412 3821 1464 Μετὰ
3849 1413 4041 1464 τοιαύ-

2461 1507 2562 1559 της
2610 1492 2824 1556 ἐλπίδος
2856 1493 3005 1566 [εδει]
3037 1497 3372 1567 στρατεύσας
3413 1502 3440 1552 δ
3486 1499 3760 1569 βασιλεὺς,
3805 1503 4042 1566 πολλούς

2466 1583 2563 1650 μὲν
2622 1583 2732 1635 τῶν
2789 1585 3044 1639 ἐναντίων
3099 1590 3576 1660 παραταττόμενος
3629 1595 3994 1664 κατηκόντισε
4024 1634 4040 1654 ,

2463 1670 2694 1734 πολλοὺς
2757 1673 2813 1725 δέ
2872 1676 2980 1728 τῶν
3041 1677 3477 1748 ἐπικουρούντων
3533 1683 3681 1754 αὐτῷ
3742 1684 4041 1758 βαρϐάρων

2464 1761 2727 1819 ἀπέϐαλε.
2754 1765 2873 1817 Τῶν
2895 1767 2950 1818 δέ
2980 1769 3302 1839 στρατηγῶν
3323 1771 3538 1840 ὀλίγους
3571 1771 3710 1828 εἶναι
3733 1778 3860 1839 τοὺς
3899 1795 4039 1846 συμ-

2465 1857 2986 1925 περαταττομένους
3046 1861 3368 1930 φησάντων,
3428 1865 3524 1919 καὶ
3575 1867 3864 1938 ἀνακωχήν
3919 1885 4040 1922 τινα

2461 1943 2643 1998 δοῦναι
2669 1945 2746 2015 τῷ
2777 1948 2998 2019 πολέμῳ
3030 1951 3568 2022 συμϐουλευσάντων,
3601 1956 3741 2010 ὥστε
3777 1958 3872 2011 τοῦ
3904 1955 4040 2030 ἦρος

2463 2037 2770 2107 ἀρχομένου
2828 2042 3088 2110 στρατιὰν
3146 2049 3497 2117 συναγεῖραι,
3557 2052 3650 2102 καὶ
3700 2050 3776 2120 τῷ
3834 2053 4036 2123 πλήθει

2463 2133 2846 2199 περιγενέσθαι
2890 2133 2997 2186 τῶν
3023 2135 3326 2207 δυσμενῶν,
3366 2140 3467 2193 ούκ
3512 2141 3729 2208 ἐδέξατο
3777 2144 3880 2215 τὴν
3931 2149 4040 2197 εἰτ-

2461 2221 2660 2290 ήγησιν
2686 2226 2714 2276 ὀ
2747 2227 3069 2289 πιστότατος
3099 2229 3370 2300 βασιλεύς.
3431 2235 3538 2287 σού
3564 2236 3671 2305 γάρ
3703 2236 3804 2307 ἔφη
3836 2241 4036 2309 χρῆνῖι

2458 2315 2725 2384 τοσαύτην
2768 2317 2866 2387 μὲν
2893 2319 3177 2374 ἀσθένειαν
3204 2323 3298 2375 τοῦ
3353 2326 3619 2395 σωτηρίου
3655 2329 4037 2399 κατηγορῆσαι

2462 2404 2717 2473 σταυροῦ,
2754 2407 3021 2479 τοσαύτην
3063 2409 3118 2464 δὲ
3167 2415 3660 2486 προσμαρτυρῆσαι
3695 2417 3926 2488 δύναμιν
3970 2422 4036 2486 τῇ

2460 2494 2551 2545 τοῦ
2589 2496 2920 2566 Ἡρακλέους
2953 2503 3119 2554 εἰκόνι
3147 2521 3160 2534 ο
3199 2503 3402 2576 ταύτης
3448 2509 3545 2578 μὲν
3579 2510 3688 2580 γάρ
3729 2513 3756 2564 ὁ
3803 2513 4037 2578 σταυρ⁵ις

2461 2585 2676 2652 ἡγεῖται
2699 2587 2796 2655 τῆς
2829 2591 3109 2658 στρατιᾶς,
3130 2593 3230 2661 τῆς
3255 2595 3310 2647 δὲ
3327 2595 3435 2646 τῶν
3460 2598 3770 2651 ἀντιπάλων
3787 2599 3992 2665 ἐκείνη.
4011 2621 4030 2650 ι

2461 2677 2680 2730 Τούτων
2717 2679 2889 2741 οὕτως
2935 2683 3140 2746 πιστῶς
3173 2686 3499 2756 εἰρημένων,
3548 2689 3641 2741 καὶ
3684 2689 3783 2757 τῆς
3815 2689 4034 2742 ὑπολει-

2463 2769 2687 2838 φθείσης
2741 2773 3000 2840 στρατιᾶς
3033 2775 3218 2844 ὀλίγης
3251 2793 3308 2828 τε
3352 2775 3548 2847 ούσης,
3588 2779 3680 2831 καὶ
3731 2779 3850 2833 λίαν
3898 2781 4038 2832 ἀϐυ-

2465 2861 2692 2931 μούσης.
2732 2863 2907 2933 εὑρὼν
2936 2867 3178 2919 οἰκίσκον
3223 2868 3508 2938 εὐκτήριον
3546 2871 3602 2921 ἐν
3634 2873 3697 2938 τῇ
3735 2871 3825 2922 τού
3871 2872 4038 2941 ὅρους

2462 2953 2798 3025 ἀκρωνυχία,
2842 2957 2899 3008 ἐν
3027 2957 3088 3008 τὸ
3118 2960 3478 3028 στρατόπεδον
3511 2957 3599 3030 ἦν,
3644 2961 3910 3031 πάννυχος
3959 2963 4041 3014 διο

2464 3045 2673 3095 ετέὶεσε
2700 3047 2791 3097 τὸν
2825 3047 2933 3098 τῶν
2961 3048 3096 3100 ὅλων
3127 3051 3402 3120 Δεσπότην
3437 3051 3754 3104 ἁντιϐιλῶν.
3811 3054 3948 3122 Περὶ
3979 3054 4038 3106 Et

2464 3135 2839 3203 ἁλεκτρυύνιυν
2865 3137 3027 3206 ᾠδὰς,
3046 3138 3263 3208 ἐνίκησε
3295 3139 3393 3210 μὲν
3414 3141 3442 3193 ὁ
3465 3139 3629 3202 ὕπνος
3655 3141 3753 3210 τὴν
3781 3141 4037 3212 γνώμη-.-

2463 3225 2552 3276 ἐπὶ
2597 3225 2651 3276 δὲ
2682 3225 2774 3278 τοῦ
2808 3227 3038 3281 δαπέδου
3069 3229 3351 3300 κείμενος,
3385 3233 3516 3302 ὁρᾷν
3551 3233 3725 3285 ἐδόκει
3757 3233 3850 3285 δύο
3883 3236 4040 3297 τινὰς

2460 3316 2941 3387 λευχειμονοῦντας
2976 3320 3173 3390 ἄνδρας
3225 3321 3309 3390 ἐφ’
3338 3321 3520 3374 ἵππων
3550 3323 3874 3392 ὀχουμένους
3907 3322 4038 3376 λευ⁶

2461 3407 2592 3470 κῶν,
2624 3408 2671 3459 οἳ
2707 3407 2930 3478 θαρρεῖν
2978 3427 3035 3462 τε
3068 3411 3314 3464 ἐκέλευον
3347 3414 3442 3464 καὶ
3487 3412 3547 3464 τὸ
3592 3412 3710 3475 δέος
3755 3412 4037 3477 ἐξελάσαι,

2462 3499 2553 3550 καὶ
2587 3499 2690 3551 ύπδ
2719 3500 2816 3569 τὴν
2847 3501 2920 3552 ἕω
2962 3500 3284 3554 καθοπλίσαι
3327 3504 3418 3554 καὶ
3450 3503 3606 3566 τάξαι
3639 3502 3734 3571 τὴν
3770 3507 4038 3572 στρατιὰν

2460 3593 2538 3651 εἰς
2578 3591 2913 3660 παράταξιν·
2963 3593 3244 3662 ἐπίκουροι
3295 3593 3404 3662 γὰρ
3455 3594 3638 3658 ἔλεγον
3692 3595 4041 3646 άπεστάλῦαι

2463 3685 2554 3736 καὶ
2587 3684 2890 3752 πρόμαχοι·
2928 3685 3020 3736 καὶ
3052 3687 3077 3736 ὁ
3110 3687 3206 3754 μὲν
3250 3685 3499 3752 Ἰωάννην
3550 3685 3742 3737 ἑαυτὸν
3765 3687 3809 3717 ⁹⁹
3845 3687 4040 3751 ἔλεγεν

2463 3767 2600 3824 εἶναι
2622 3773 2714 3824 τὸν
2741 3773 3198 3842 εύαγγελιστὴν,ὁ
3223 3774 3279 3825 δέ
3301 3773 3563 3825 Φίλιππον
3587 3774 3678 3825 τον
3707 3776 4035 3828 ἀπόστολον.

2464 3862 2677 3932 Ταύτην
2741 3863 2861 3916 ἰδὼν
2911 3863 3007 3934 τὴν
3048 3865 3169 3933 δψιν
3211 3867 3239 3915 ὁ
3291 3863 3564 3933 βασιλεὺς,
3599 3866 3696 3917 ούκ
3736 3867 3892 3933 ἔληξε
3938 3870 4039 3937 τῆς

2463 3953 2729 4015 ἱκετείας·
2793 3953 2930 4006 ἀλλὰ
2985 3957 3119 4023 μετὰ
3168 3955 3410 4017 πλείονος
3463 3956 3664 4026 ταύτην
3719 3959 4038 4027 προθυμίας

2462 4044 2792 4113 προσέφερε.
2828 4044 3000 4098 Τοῦτο
3052 4047 3142 4098 καὶ
3193 4047 3527 4117 στρατιώτης
3572 4065 3653 4110 τις
3694 4049 4040 4120 ϐιασάμενος

2460 4135 2730 4204 δεδήλωκε
2763 4136 2838 4204 τῷ
2865 4127 3113 4206 λοχαγῷο
3153 4139 3354 4199 ἐκεῖνος
3412 4139 3469 4190 δὲ
3517 4138 3702 4190 τοῦτον
3753 4140 3890 4209 πρὸς
3938 4143 4033 4197 τὸν

2460 4228 2738 4296 χιλίαρχον
2796 4229 3029 4298 ἤγαγεν
3085 4230 3112 4279 ὁ
3169 4229 3223 4280 δὲ
3278 4228 3550 4298 χιλίαρχος
3607 4230 3894 4298 ἀπήγαγε¹
3959 4234 4037 4303 τῷ

2464 4318 2774 4390 στρατηγῷ.
2812 4321 2870 4370 Ὀ
2899 4319 2954 4372 δὲ
3000 4319 3298 4390 στρατηγὸς
3333 4320 3515 4372 καινόν
3549 4337 3600 4370 τι
3637 4319 3862 4389 μηνύειν
3897 4324 4036 4374 ὐπο-

2461 4407 2661 4470 λαὸὼ-λ,
2690 4411 2988 4477 ἀπήγγειλε
3035 4409 3206 4463 ταῦτα
3234 4410 3346 4478 τῷ¹
3383 4411 3606 4479 βασιλεῖ.
3642 4412 3700 4461 'U
3731 4411 3824 4462 δέ·
3860 4430 3878 4462 ι
3919 4415 4037 4465 (tux

789 4503 969 4555 visum
1010 4503 1322 4553 communis
1365 4498 1628 4552 Dominus
1665 4500 1959 4553 obtulerat.
1995 4499 2178 4565 Quare
2210 4501 2359 4553 omni

2467 4501 2600 4568 ἐμοῦ
2647 4501 2831 4561 ἕνεκα,
2867 4501 2989 4569 ἔψη,
3036 4503 3206 4552 ταῦτα
3258 4495 3409 4563 οὗτος
3452 4501 3730 4553 τεθέαταιο
3779 4502 3892 4569 ἐγὼ
3929 4505 4037 4572 γάρ

749 4661 754 4668 I
793 4603 937 4644 metu
974 4591 1190 4659 abiecto
1222 4592 1615 4660 antesignanos
1663 4590 1900 4658 bellique
1950 4590 2119 4644 duces
2165 4606 2363 4659 sequa-

749 4671 970 4735 I'mu'r:
1032 4697 1210 4750 neque
1271 4684 1557 4734 victoriam
1625 4681 1977 4734 multitudine
2044 4681 2366 4741 bellantium

793 4773 1081 4840 quisquam
1107 4766 1365 4832 aestimet,
1395 4768 1488 4823 sed
1527 4770 1817 4821 ductorum
1855 4769 2154 4836 potentiam
2193 4785 2364 4823 unus-

793 4861 1024 4931 quisque
1068 4861 1402 4914 consiileret.
1439 4880 1456 4911 ι
1505 4860 1598 4914 llis
1654 4861 1834 4914 verbis
1877 4861 2079 4914 milites
2133 4859 2364 4922 altatus,

795 4958 1149 5019 omniumque
1187 4951 1383 5003 animis
1423 4951 1790 5013 continuatis,
1818 4952 1884 5002 dc
1917 4951 2118 5004 mentis
2159 4953 2364 5003 vertice

795 5044 987 5110 copias
1021 5041 1265 5096 deduxit.
1297 5041 1590 5110 Tyrannus
1637 5057 1857 5110 quoque
1917 5043 2120 5094 militcs
2172 5042 2363 5110 procul

798 5137 988 5189 videns
1012 5135 1082 5188 'ud
1125 5135 1329 5188 bellum
1368 5143 1613 5203 paratos,
1660 5150 1791 5188 suos
1824 5133 2075 5193 armavit,
2107 5142 2161 5186 ct
2190 5133 2364 5184 at-icm

799 5226 1078 5280 instruxit.
1111 5228 1231 5296 Ipse
1263 5225 1315 5278 in
1375 5225 1516 5280 colle
1557 5225 1798 5295 quodam
1852 5239 2166 5286 remanens,
2228 5225 2364 5275 moti

799 5331 998 5384 capere
1054 5316 1483 5386 imperatorem,
1538 5326 1592 5368 ct
1642 5316 1709 5369 dc
1765 5316 1867 5369 hac
1915 5315 2024 5368 \ita
2077 5315 2368 5384 pugnando

801 5409 951 5463 exire
1005 5408 1173 5478 dixit,
1209 5409 1552 5476 ducibusque
1587 5407 1844 5477 prati-epit
1904 5416 1962 5460 ut
2021 5423 2144 5461 cum
2195 5405 2260 5458 ad
2308 5420 2366 5457 se

2462 4595 2576 4654 τοῖς
2602 4591 2699 4659 τὴν
2725 4591 2880 4659 νίκην
2908 4590 3298 4659 ὑποσχομένοις
3316 4589 3334 4620 ³
3363 4590 3736 4641 πεπίστευκα·
3772 4590 3910 4642 ἀλλὰ
3947 4592 4032 4642 tu

2467 4683 2541 4751 μή
2571 4699 2653 4742 τις
2691 4681 2934 4751 ὑπολάϐῃ
2961 4697 3026 4750 με
3053 4681 3127 4742 ὡς
3147 4681 3246 4749 τῆς
3277 4678 3630 4750 παρατάξεως
3659 4679 4033 4750 ὀριγνώμενον

2465 4773 2663 4824 πλάσαι
2696 4771 2793 4840 τὴν
2819 4771 2963 4838 ὄψιν,
3001 4770 3095 4821 καὶ
3125 4769 3299 4838 τούτῳ
3328 4768 3500 4820 ταῦτα
3537 4769 3856 4836 μεμήνυκεν
3881 4772 3910 4821 ὁ
3935 4773 4034 4838 τῆς

2465 4863 2605 4932 ἐμῆς
2659 4861 2932 4930 βασιλείας
2986 4859 3296 4929 ἐπίκουρος,
3349 4859 3436 4912 ἵνα
3483 4858 3689 4928 μάρτυς
3736 4856 4039 4928 ἀξιόχρεως

2461 4955 2686 5022 γένηται
2712 4952 2810 5020 τῆς
2839 4952 2975 5021 ἐμῆς
3023 4950 3358 5019 διηγήσεως·
3391 4947 3590 5018 πρώτῳ
3617 4947 3721 5016 γὰρ
3751 4949 3878 5016 ἐμοὶ
3908 4951 4041 5001 ταύ-

2462 5064 2561 5116 την
2600 5049 2627 5100 ὁ
2673 5046 2847 5109 κοινὸς
2897 5045 3170 5114 Δεσπότης
3215 5043 3311 5114 τὴν
3356 5043 3476 5112 ὄψιν
3517 5041 3810 5106 ὑπέδειξεν.
3868 5044 4036 5096 Ἀπο-

2466 5138 2864 5206 σκευασάμενοι
2898 5135 2962 5204 δὴ
3007 5130 3099 5188 οὖν
3147 5133 3208 5186 τὸ
3248 5133 3387 5197 δέος,
3431 5136 3543 5195 τοῖς
3586 5136 3893 5202 προμάχοις
3945 5137 4041 5187 καὶ

2467 5225 2829 5296 πολεμάρχοις
2871 5223 3164 5292 ἐπάιμεοα’
3200 5223 3291 5276 καὶ
3338 5223 3522 5293 μηδεὶς
3567 5223 3644 5292 τῷ
3687 5223 3885 5290 πλήθει
3933 5227 4043 5277 τῶν

2470 5317 2848 5386 πολεμούντων
2882 5313 3213 5384 σταθμάσθω
3241 5314 3340 5384 τὴν
3369 5315 3543 5383 νίκην,
3575 5313 3704 5365 ἀλλὰ
3729 5313 3840 5364 τῶν
3873 5316 4043 5383 ἡγου-

2478 5409 2654 5477 μένων
2683 5403 3008 5474 λογιζέσθωι
3035 5405 3260 5468 ἕκαστος
3289 5406 3388 5475 τὴν
3411 5404 3654 5461 δύναμιν.
3686 5423 3702 5454 ι
3729 5403 3922 5457 Ταῦτα
3946 5408 4047 5460 καὶ

2074 5517 2308 5572 VARI/13
2352 5517 2760 5572 LEtZ'inNES.

867 5676 914 5708 ⁸⁹
940 5677 1119 5730 αὐτόν.
1176 5675 1339 5730 Basil.
1384 5674 1476 5727 Gr.
1551 5678 1565 5708 ³
1599 5677 1861 5746 ἀνήγαγε.
1904 5677 2066 5732 Idem.
2139 5682 2158 5710 ¹
2191 5678 2467 5731 Articulus
2499 5678 2643 5731 abest
2671 5677 2739 5730 ab
2779 5677 2965 5731 eodem
2991 5687 3036 5732 e:
3075 5676 3258 5746 Steph.
3331 5676 3351 5707 ³
3384 5667 3845 5745 ὑπισχνουμένοις.
3875 5675 4045 5733 Basil.

812 5745 898 5801 Gr.
941 5747 1365 5816 ’Υπεσχημένσις
1398 5745 1731 5816 Niccpltorus
1794 5747 1906 5810 XII,
1949 5748 2035 5801 7.9.

2113 5755 2127 5780 "
2163 5747 2488 5812 λογίζεσθαι.
2525 5751 2662 5800 idem
2693 5748 2884 5802 codex.
