4206 6456
170 409 187 471 i
202 411 307 473 253

1119 411 1706 473 ECCI.ESIASTIC.-E
1738 410 2119 473 IIISTORLE
2159 418 2301 478 LIB.
2332 420 2395 478 V.

3269 408 3405 472 1254

161 527 273 583 cui;
322 521 686 591 στρατιώταις
724 521 915 581 εἰπὼν,
968 522 1062 571 καὶ
1098 521 1306 592 ταύτῃ⁸
1334 522 1572 581 ἅπαντας
1606 536 1739 590 προ-

1792 519 2023 575 lvivnm
2092 526 2453 592 vinctumque
2516 524 2900 590 perducerent.
2966 518 3065 573 Ubi
3116 518 3407 587 phalanges

162 612 365 680 θυμίας
385 612 405 641 ³
426 611 733 681 ἐμπλήσας,
762 610 912 681 [255]
931 613 994 662 ὲκ
1017 611 1115 677 τῆς
1142 611 1235 662 τοῦ
1266 614 1424 679 ὅρους
1457 613 1734 680 κατήγαγε

164 703 431 771 κορυφῆς.
468 702 524 754 ’0
557 700 614 753 δὲ
648 700 929 771 τύραννος,
955 700 1237 772 πόρρωθεν
1268 702 1392 752 ίδὼν
1417 701 1541 761 τοὺς
1576 716 1738 768 στρα-

162 790 366 854 τιώτας
429 790 899 859 πολεμήσονταςτ,
945 790 1257 843 καθώπλισε
1306 790 1405 859 τὴν
1456 789 1736 860 στρατιὰν,

169 882 264 935 καὶ
293 882 375 943 είς
405 881 714 949 παράταξιν
747 880 954 947 ἔταξεν.
1011 880 1182 942 Αὐτὸς
1222 880 1278 931 δὲ
1309 880 1399 931 ἐπί
1426 895 1568 941 τινος
1599 895 1739 941 γεω-

166 971 334 1038 λόφου
366 970 557 1039 μείνας
578 1010 591 1029 ,
625 969 894 1038 θανατᾷν⁸
923 985 982 1020 τε
1013 968 1118 1037 ἔφη
1144 968 1235 1019 τὸν
1268 966 1508 1036 βασιλέα,
1531 967 1624 1019 καὶ
1647 970 1742 1035 τῆς

172 1058 462 1128 παρούσης
512 1057 983 1123 άπαλλαξείοντα⁹
1035 1056 1217 1125 βιοτῆς
1278 1052 1741 1123 παρατάττεσθαι,

170 1148 266 1199 καὶ
310 1148 427 1208 τοῖς
470 1147 791 1215 στρατηγοῖς
844 1144 1096 1197 ἐκέλευσε
1142 1142 1322 1205 ζῶντα
1341 1142 1382 1173 ¹⁶
1427 1139 1618 1193 τοῦτον
1655 1140 1747 1192 καὶ

171 1237 551 1306 πεπεδημένον
588 1238 986 1319 προσαγαγεῖν.
1028 1236 1245 1304 Ἐπειδὴ
1284 1236 1339 1287 δὲ
1382 1236 1436 1286 αἱ
1468 1233 1744 1301 φάλαγγες

174 1330 436 1397 ἔστησαν,
489 1327 889 1380 πολλαπλάσιον
948 1326 1045 1395 μὲν
1095 1323 1162 1397 ἦν
1209 1326 1316 1377 τῶν
1366 1323 1639 1393 πολεμίων
1688 1324 1748 1375 τὸ

173 1417 402 1487 πλῆθος,
462 1417 829 1485 εὐαρίθμητον
866 1415 921 1468 δὲ
959 1415 1154 1485 κομιδῇ
1185 1415 1247 1467 τὸ
1274 1415 1350 1485 τῷ
1385 1414 1594 1485 βασιλεῖ
1626 1432 1749 1467 συν·

171 1512 532 1580 τεταγμένον.
580 1509 928 1579 ’Δρξαμένων
983 1509 1039 1561 δὲ
1085 1510 1178 1561 καὶ
1224 1508 1429 1561 τούτων
1481 1508 1750 1560 κάκείνων

172 1607 395 1675 ἀφιέναι
418 1606 488 1659 τά
526 1606 675 1675 βέλη,
712 1604 923 1669 ἔδειξαν
977 1604 1196 1675 ἀληθείς
1224 1604 1670 1672 τὰς’ὑποσχέσεις
1701 1605 1750 1656 oi

175 1700 477 1769 πρόμαχοι.
530 1696 757 1767 Πνεῦμα
801 1697 909 1767 γάρ
951 1695 1127 1765 βίαιον
1180 1697 1591 1766 ἀντιπρόσωπον
1643 1693 1753 1749 τῶν

175 1790 457 1858 πολεμίων
502 1790 821 1859 φερόμενον,
853 1789 981 1851 τοὺς
1017 1788 1115 1856 μὲν
1146 1788 1369 1841 ἐκείνων
1395 1788 1605 1852 ὀϊστούς
1642 1791 1750 1842 άπ-

176 1881 412 1951 έστρεφε
438 1882 529 1933 καὶ
547 1881 616 1933 τὰ
643 1880 839 1942 πελτά,
868 1880 960 1932 καὶ
990 1880 1057 1931 τὰ
1084 1879 1301 1947 δόρατα,
1338 1879 1432 1932 καὶ
1460 1880 1567 1931 πᾶν
1602 1878 1752 1949 βέλος

178 1977 367 2037 αὐτοῖς
397 1975 670 2047 ἄχρηστον
697 1972 784 2046 ἦν,
819 1976 910 2027 καὶ
943 1973 1065 2028 οὔτε
1092 1974 1335 2042 ὁπλίτης,
1365 1974 1485 2026 οὔτε
1509 1974 1751 2044 τοξότης,

179 2069 305 2123 οὔτε
352 2068 655 2138 πελταστὴς
691 2067 989 2138 πημαίνειν
1036 2066 1134 2137 τὴν
1174 2067 1267 2119 τοῦ
1312 2066 1576 2135 βασιλέως
1631 2065 1755 2135 ἡδύ-

178 2181 309 2216 νατο
360 2163 638 2231 στρατιάν.
675 2162 784 2215 Καὶ
840 2162 1021 2232 μέντοι
1071 2160 1164 2213 καὶ
1204 2160 1347 2221 κόνις
1386 2160 1465 2211 ὅτι
1519 2160 1756 2229 μάλιστα

180 2257 417 2327 πλείστη
469 2258 609 2309 κατὰ
650 2256 758 2309 τῶν
803 2255 1113 2326 προσώπων
1167 2255 1462 2325 φερομένη,
1491 2254 1647 2323 μύειν
1689 2254 1754 2307 τὰ

184 2351 457 2421 βλέφαρα,
488 2352 583 2403 καὶ
614 2353 730 2413 ταῖς
759 2350 950 2420 κόραις
991 2349 1293 2418 ἐπαμύνειν
1324 2349 1755 2419 πολεμουμέναις

180 2442 517 2511 ἠνάγκαζεν.
564 2444 624 2495 Oi
673 2443 729 2495 δὲ
771 2443 867 2494 τοῦ
916 2441 1177 2512 βασιλέως
1226 2444 1550 2513 στρατιῶται
1577 2442 1758 2513 λώϐην

183 2536 306 2589 οὐδὲ
366 2538 493 2606 μίαν
540 2540 606 2590 ἐκ
676 2539 774 2608 τῆς
824 2537 1136 2604 καταιγίδος
1185 2540 1398 2608 ἐκείνης
1450 2539 1756 2608 δεξάμενοι,

184 2630 503 2703 θαρραλέως
534 2635 659 2697 τοὺς
692 2634 983 2703 πολεμίους
1017 2634 1383 2687 κατέκτεινον.
1414 2637 1475 2686 Οἱ
1502 2634 1557 2687 δὲ
1589 2634 1759 2688 ταῦτα

183 2727 444 2795 ὁρῶντες,
476 2729 570 2779 καὶ
613 2727 712 2798 τὴν
746 2728 894 2780 θείαν
944 2728 1256 2795 ἐπιγνόντες
1300 2729 1637 2797 ἐπικουρίαν,
1691 2729 1759 2782 τὰ

185 2822 328 2875 ὅπλα
357 2824 633 2893 ῥίψαντες,
666 2824 879 2891 φειδοῦς
912 2825 1060 2894 παρὰ
1093 2823 1185 2877 τοῦ
1218 2824 1481 2892 βασιλέως
1510 2828 1688 2893 τυχεῖν
1716 2826 1757 2856 ιι

188 2910 578 2979 ἡντιὸόλησαν.
619 2911 677 2963 '0
712 2911 767 2963 δὲ
797 2912 887 2963 καὶ
920 2906 1052 2975 εἶξε,
1086 2913 1179 2963 καὶ
1210 2912 1394 2965 οἴκτου
1434 2913 1758 2980 μετέδωκεν,

186 3004 421 3072 ἀγαγεῖν
451 3003 507 3056 δὲ
548 3006 744 3066 αὐτοὺς
773 3006 861 3057 τὸν
888 3004 1150 3075 τύραννον
1193 3006 1333 3058 κατὰ
1358 3005 1520 3073 τάχος
1548 3004 1763 3058 ἐκέλευ-

189 3113 301 3150 σεν.
337 3097 405 3149 Oi
433 3096 489 3148 δὲ
520 3096 730 3159 θέοντες
774 3097 1045 3166 ἀνέδησαν
1078 3099 1154 3158 εὶς
1184 3097 1273 3149 τὸν
1301 3096 1482 3164 λόφον,
1511 3097 1571 3150 οὗ
1628 3096 1763 3148 καθ-

189 3192 395 3261 ήμενος
416 3191 620 3253 ἐκεῖνος
644 3192 828 3258 ἠγνόει
861 3191 928 3243 τά
960 3190 1233 3260 δρώμενα.
1271 3190 1328 3242 Ὁ
1359 3190 1414 3242 δὲ
1442 3191 1764 3242 πνευστιῶν-

188 3301 289 3347 τας
320 3283 469 3347 tae»,
503 3284 599 3337 καὶ
629 3286 712 3354 τῷ
754 3284 991 3353 ἄσθματι
1038 3284 1339 3354 μηνύοντας
1382 3284 1477 3354 τὴν
1507 3286 1761 3355 σπουδὴν,

188 3379 350 3447 νίκης
384 3378 649 3446 ἀγγέλους
680 3379 938 3443 ὑπέλαϐε,
976 3380 1069 3431 καὶ
1097 3380 1261 3448 ήρετο
1291 3381 1336 3430 εἰ
1367 3380 1457 3431 καὶ
1488 3380 1766 3431 Θεοδόσιον

193 3472 595 3543 πεπεδημένον,
645 3472 720 3535 ὡς
765 3472 1233 3542 προσετάχθησαν,
1283 3473 1509 3541 ήγαγον.
1559 3474 1620 3525 Oi
1669 3472 1761 3524 δέ·

192 3586 218 3618 ς
251 3568 371 3620 Οὐκ
402 3570 627 3632 ἐκεῖνον,
647 3568 872 3636 ἔφησαν,
895 3569 977 3621 σοὶ
999 3569 1369 3636 προσάγομεν,
1389 3568 1523 3621 ἀλλὰ
1550 3571 1608 3620 σὲ
1632 3571 1768 3637 πρὸς

192 3664 405 3716 ἐκεῖνον
447 3664 752 3733 άπάγομεν.
799 3662 971 3715 Τοῦτο
1015 3663 1122 3732 γὰρ
1160 3665 1187 3715 ὁ
1229 3663 1320 3715 τοῦ
1351 3665 1549 3727 παντὸς
1600 3682 1766 3735 προσ-

194 3754 354 3820 έταξε
390 3755 682 3826 Πρύτανις.
725 3774 743 3808 t
778 3755 959 3808 Ταῦτα
989 3755 1239 3823 λέγοντες
1266 3797 1281 3819 ,
1314 3757 1676 3828 ἐξανέστησαν
1710 3777 1767 3811 τε

198 3849 263 3903 ἐκ
290 3850 387 3902 τοῦ
427 3850 641 3921 δίφρου,
672 3852 765 3903 καὶ
785 3851 850 3903 τὰ
878 3849 1051 3919 δεσμὰ
1085 3849 1365 3911 ἐπιθέντες
1397 3853 1768 3921 πεπεδημένον

198 3939 509 4012 ἀπήγαγον,
570 3943 662 3994 καὶ
710 3943 1058 4011 προσήγαγον
1114 3940 1450 4011 δορυάλιυτον
1496 3944 1593 3997 ,τὸν
1659 3946 1763 4015 πρὸ

1840 612 2163 675 constitere,
2194 615 2365 665 multo
2396 616 2630 681 amplior
2662 612 2903 663 hosﬁum
2942 624 3203 662 numerus
3239 622 3407 677 appa-

1841 701 1951 754 ruit
1987 720 1999 754 :
2032 702 2189 770 pauci
2225 712 2417 757 contra
2442 743 2455 763 .
2504 711 2557 757 et
2598 702 2690 770 qui
2745 701 3019 754 numerari
3072 700 3230 754 facile
3284 713 3411 767 pos.

1842 800 1985 855 Sent,
2038 792 2141 847 sub
2200 793 2374 863 signis
2435 792 2802 863 imperatoris.
2872 789 3165 860 Postquam
3227 798 3410 843 autem

1842 884 2042 953 conjici
2086 887 2343 955 utrinque
2374 887 2477 940 tela
2508 892 2818 954 cmpernnt,
2855 882 3108 951 promissi
3140 882 3224 936 sui
3253 880 3411 935 ﬁdem

1845 986 2284 1044 propugnatores
2336 977 2411 1029 illi
2467 984 2641 1028 ratam
2701 974 2968 1028 fecerunt.
3022 969 3156 1023 Nam
3216 982 3414 1026 ventus

1846 1066 2136 1119 vehemens
2180 1066 2233 1118 in
2281 1066 2466 1119 hostes
2503 1066 2720 1118 irruens
2759 1079 2822 1118 ex
2875 1062 3133 1125 adverso,
3190 1060 3414 1113 illorum

1848 1158 2075 1224 sagittas
2111 1163 2165 1209 et
2229 1158 2419 1210 hastas
2464 1162 2518 1209 et
2560 1155 2741 1223 jacula
2808 1153 3181 1222 retorquebat,
3228 1152 3310 1205 sic
3358 1159 3419 1203 ut

1856 1248 2060 1299 -mllum
2098 1248 2180 1301 eis
2215 1248 2303 1299 teli
2355 1261 2528 1315 genus
2583 1245 2705 1299 usui
2755 1252 2920 1305 esset,
2961 1242 3419 1311 imperatorisque

1849 1335 2151 1388 exercitum
2201 1349 2300 1387 nec
2342 1336 2522 1404 gravis
2564 1339 2579 1354 '
2619 1344 2914 1387 armatura:
2952 1331 3130 1391 miles,
3176 1346 3277 1385 nec
3326 1345 3419 1384 sa-

1851 1424 2127 1492 gittarius,
2167 1441 2267 1477 nee
2294 1427 2549 1493 peltastes
2589 1425 2779 1479 laedere
2810 1424 3036 1477 valeret.
3069 1420 3212 1486 Quin
3254 1422 3418 1474 etiam

1854 1522 2005 1568 tanta
2033 1516 2118 1570 vis
2151 1516 2363 1585 1066
2393 1516 2633 1582 pulveris
2662 1515 2712 1565 in
2759 1528 2949 1567 eorum
3002 1512 3171 1565 facies
3206 1509 3420 1565 feretra-

1855 1614 1967 1668 tur,
2004 1614 2064 1659 ut
2099 1607 2389 1675 palpebras
2420 1606 2696 1667 claudere,
2733 1612 2787 1658 ct
2842 1603 3284 1674 periclitantibus
3322 1618 3423 1670 pu-

1855 1698 2002 1767 pillis
2030 1698 2320 1753 subvenire
2357 1704 2705 1766 cogerentur.
2750 1694 3102 1764 Imperatoris
3136 1709 3267 1747 vero
3321 1693 3424 1746 nti-

1858 1788 2001 1851 lites,
2062 1788 2198 1841 nihil
2254 1786 2581 1841 incommodi
2638 1802 2703 1841 ex
2756 1802 2820 1841 eo
2876 1786 3096 1840 turbine
3131 1785 3421 1855 patientes,

1860 1879 2090 1933 ﬁdenter
2123 1879 2308 1932 hostes
2349 1879 2709 1947 perimebant.
2745 1879 2874 1943 Quae
2930 1878 3007 1930 illi
3056 1888 3180 1930 cum
3229 1890 3423 1929 cerne,-

1860 1979 1998 2033 rent,
2063 1979 2119 2024 et
2172 1985 2330 2041 opem
2382 1969 2623 2022 divinam
2698 1974 3091 2036 agnoscerent,
3159 1966 3425 2036 proiectis

1857 2063 2024 2116 arn.is
2054 2063 2270 2116 veniam
2315 2061 2383 2114 ab
2412 2061 2745 2129 imperatore
2797 2058 3004 2128 precati
3049 2066 3196 2112 sunt.
3246 2056 3426 2111 Cessit

1860 2155 2178 2223 imperator,
2216 2163 2268 2205 et
2326 2152 2764 2205 miscricordiam
2801 2150 3117 2218 indulgens,
3151 2148 3320 2215 jussit
3369 2155 3428 2202 ttt

1858 2250 2149 2311 tyrannum
2174 2241 2237 2293 ad
2270 2256 2327 2293 se
2353 2240 2757 2309 quamprimum
2792 2238 3151 2291 adducerent.
3177 2236 3424 2291 Currnnt

1859 2333 1955 2396 illi,
1997 2342 2049 2387 et
2078 2333 2269 2387 collem
2302 2332 2610 2386 ascendunt
2654 2332 2706 2383 in
2749 2345 2858 2404 quo
2892 2329 3142 2384 residens
3180 2330 3293 2396 ipse.
3336 2343 3428 2382 res

1858 2429 2041 2493 gestas
2077 2423 2378 2491 ignorabat.
2434 2422 2618 2491 Itaque
2666 2420 2992 2474 anhelantes
3048 2418 3426 2487 conspiciens,

1860 2524 1913 2569 et
1947 2513 2353 2567 festinationem
2411 2513 2609 2566 crebro
2669 2512 2914 2564 anhelitu
2970 2512 3308 2573 indicantes,
3352 2511 3431 2562 vi-

1861 2606 2048 2659 ctoria:
2070 2606 2293 2659 nuntios
2319 2604 2545 2673 putavit,
2576 2604 2936 2672 qtnnsivitque
2959 2617 3025 2655 an
3050 2603 3215 2656 etiam
3254 2600 3432 2655 Theo-

1862 2694 2078 2747 dosium
2106 2733 2120 2757 ,
2164 2700 2225 2746 ut
2260 2692 2533 2761 jusserat,
2582 2693 2823 2745 vinctum
2876 2691 3224 2745 adduxerim.
3276 2708 3293 2741 ι
3322 2690 3433 2747 Nos

1862 2799 2014 2848 vero,
2053 2785 2326 2852 inquiunt,
2361 2799 2469 2836 non
2523 2783 2676 2835 illum
2714 2781 2780 2835 ad
2820 2794 2869 2835 te.
2915 2781 3281 2843 adduximus.
3333 2782 3430 2837 sed

1865 2882 1917 2929 te
1948 2875 2011 2928 ad
2042 2876 2189 2928 illiilli
2218 2874 2587 2944 perducemus
2620 2896 2631 2926 :
2658 2874 2760 2926 hoc
2788 2875 2934 2928 enim
2966 2873 3208 2928 universi
3234 2873 3435 2928 Rcctul'

1866 2964 2177 3033 imperavit.
2199 2982 2215 3013 ι
2255 2963 2317 3017 Et
2348 2966 2431 3019 his
2466 2964 2665 3030 dictis,
2706 2964 2773 3017 de
2802 2965 2942 3018 solio
2975 2949 3266 3033 abreptum
3318 2969 3437 3017 vin-

1867 3055 2007 3109 culis
2036 3055 2253 3122 injectis
2290 3054 2670 3117 abduxerunt,
2719 3055 3106 3123 captivumque
3159 3056 3436 3109 duxerunt

1792 3162 1834 3216 ρ
1867 3156 1987 3192 eum
2021 3142 2112 3208 qui
2150 3142 2311 3209 paulo
2340 3151 2466 3194 ante
2512 3143 2810 3194 insolenter
2845 3142 3213 3211 gloriabatur.
3260 3142 3436 3213 Impe-

1871 3242 2021 3281 rator
2072 3245 2201 3283 vero
2252 3239 2305 3283 et
2339 3246 2399 3284 ea
2434 3245 2554 3298 qua}
2598 3232 2649 3283 in
2685 3228 3132 3285 Valentinianum
3187 3240 3436 3301 patrarat

1870 3323 2344 3385 commemoravit,
2382 3333 2434 3376 et
2477 3323 2720 3391 iniquam
2784 3325 3154 3393 tyrannidem,
3189 3332 3242 3377 et
3296 3325 3436 3377 bella

1870 3422 2058 3463 contia
2117 3411 2414 3479 legitimum
2469 3412 2760 3481 imperium
2818 3422 3076 3481 suscepta
3129 3430 3141 3465 :
3200 3413 3438 3468 irridens

1872 3500 2030 3552 simul
2059 3498 2311 3555 Herculis
2346 3502 2661 3569 imaginem,
2705 3510 2757 3555 et
2809 3504 3027 3554 inanem
3076 3517 3143 3555 ex
3193 3517 3255 3555 ea
3301 3518 3438 3556 con-

1876 3600 2089 3657 ceptum
2147 3590 2457 3643 audaciam.
2503 3590 2678 3659 Atque
2731 3593 2804 3644 ita
2865 3592 3069 3659 justam
3128 3602 3181 3645 et
3233 3592 3441 3661 legibus

1869 3691 2254 3751 congruentem
2319 3682 2373 3755 in
2433 3698 2554 3734 eum
2619 3686 2844 3751 protulit
2911 3685 3162 3737 vindicta:
3222 3696 3443 3740 senten-

1874 3770 2025 3822 tiam.
2078 3768 2229 3823 Talis
2272 3770 2361 3824 ille
2392 3778 2445 3823 ct
2493 3772 2546 3823 itt
2594 3787 2724 3839 pace
2761 3784 2811 3825 et
2874 3773 2926 3825 in
2996 3774 3140 3827 bello
3202 3775 3440 3840 exstitit,

1869 3862 2112 3915 divinum
2146 3876 2358 3928 semper
2409 3862 2674 3915 auxilium
2729 3864 3048 3932 implorans,
3095 3880 3310 3936 semper
3350 3868 3443 3921 illo

1874 3954 2111 4023 potiens.

204 4029 447 4102 βραχέως
490 4030 1017 4101 μεγαλαυχούμενον.
1060 4032 1118 4083 '0
1153 4032 1211 4084 δὲ
1248 4031 1498 4101 βασιλεὺς
1549 4037 1657 4089 τῶν
1697 4058 1755 4093 τε
1804 4045 1882 4106 είς
1946 4042 2352 4094 Βαλεντινιανδν
2436 4044 2935 4114 πλημμεληθέντων
2991 4048 3284 4117 ἀνέμνησε,
3353 4048 3445 4103 καὶ

199 4120 300 4191 τῆς
334 4124 655 4192 παρανόμου
680 4122 1028 4192 τυραννίδος.
1080 4123 1169 4174 καί
1197 4122 1307 4175 τῶν
1337 4126 1477 4178 κατὰ
1507 4127 1605 4196 τῆς
1662 4133 1886 4204 ἐννόμου
1962 4134 2238 4204 βασιλείας
2287 4135 2567 4203 πολέμων·
2644 4137 2971 4207 ἐκωμιρδησέ
3001 4155 3057 4190 τε
3103 4140 3145 4169 ¹¹
3211 4140 3301 4191 καὶ
3347 4140 3446 4211 τὴν

215 4215 545 4286 Ἡρακλέους
588 4217 808 4282 εἰκόνα,
843 4216 933 4269 καὶ
963 4217 1025 4269 τὸ
1058 4217 1287 4287 μάταιον
1344 4218 1409 4271 δι’
1445 4222 1661 4293 ἐκείνην
1693 4229 1984 4297 γενόμενον
2040 4229 2258 4299 θάρσος.
2323 4232 2433 4283 Καὶ
2491 4232 2613 4282 τότε
2661 4232 2876 4283 δικαίαν
2941 4233 3033 4284 καὶ
3079 4232 3299 4303 ἔννομον
3358 4233 3446 4298 ἐξ-

204 4308 401 4378 ἤνεγκε
452 4305 601 4377 [254]
646 4308 742 4376 τῆς
771 4310 891 4361 κατ’
920 4310 1084 4364 αὑτοῦ
1140 4311 1410 4380 τιμωρίας
1442 4312 1537 4384 τὴν
1570 4317 1770 4387 ψῆφον.
1810 4322 2059 4385 Τοιοῦτος
2088 4318 2154 4390 ἦν
2187 4323 2393 4386 ἐκεῖνος
2422 4324 2515 4375 καὶ
2549 4325 2605 4375 ἐν
2654 4324 2844 4395 εἰρήνῃ
2865 4363 2879 4386 ,
2922 4324 3017 4376 καὶ
3089 4325 3146 4376 ἐν
3202 4325 3445 4397 πολέμῳ,

202 4398 290 4453 ἀεὶ
324 4397 427 4468 μὶν
456 4399 552 4468 τὴν
582 4398 731 4451 θείαν
777 4401 1101 4470 ἐπικουρίαν
1133 4403 1315 4466 αίτῶν,
1346 4405 1431 4457 άεὶ
1474 4406 1529 4459 δὲ
1572 4408 1777 4478 ταύτης
1805 4414 2086 4482 τυγχάνων
2106 4414 2169 4466 ¹³.

784 4490 1029 4545 ΚΕΦᾹΛ.
1064 4494 1187 4547 KE'.

1812 4507 1854 4559 ι)
2062 4506 2271 4576 1067
2305 4506 2455 4559 car.
2484 4504 2647 4559 xxv.
2690 4504 2769 4575 [13.
2808 4504 2887 4559 St.
2925 4503 2987 4559 v.
3020 4506 3121 4560 Ch.
3157 4506 3273 4578 εει

274 4580 418 4647 Περὶ
452 4578 561 4646 τῆς
588 4580 910 4635 Θεοδοσίου
939 4582 1045 4635 τοῦ
1067 4585 1372 4651 ,βασιλέως
1401 4589 1707 4657 τελευτῆς,

2205 4597 2280 4650 De
2308 4597 2583 4651 Theodosii
2621 4599 2949 4664 imperatoris
2982 4597 3147 4650 obitu.

269 4672 432 4724 Μετὰ
468 4671 523 4723 δὲ
550 4671 723 4741 τήνδε
767 4673 866 4739 τὴν
905 4674 1060 4744 νίκην
1102 4678 1483 4747 ἀρρωστήσας,
1514 4684 1622 4743 τοῖς
1650 4684 1755 4733 υίοῖ

1952 4688 2079 4743 Post
2116 4690 2257 4743 hanc
2306 4692 2586 4743 victoriam
2624 4692 2816 4744 morbo
2846 4701 3156 4759 correptus.
3188 4691 3318 4745 [iliis
3347 4692 3449 4747 im-

206 4761 305 4832 τὴν
331 4760 605 4831 βασιλείαν
651 4762 905 4832 διένειμε·
937 4766 1030 4817 καὶ
1058 4765 1133 4837 τῷ
1168 4767 1268 4836 μὲν
1305 4770 1657 4842 πρεσϐυτέρῳ
1685 4772 1751 4842 τὴ

1882 4780 2092 4848 perium
2149 4780 2357 4846 divisit,
2422 4790 2472 4834 et
2523 4782 2714 4849 majori
2774 4782 2991 4849 quidem
3050 4790 3179 4834 natu
3240 4793 3450 4851 partem

206 4857 417 4910 οἰκείαν
451 4856 650 4909 ἔδωκεν
696 4859 1012 4928 ἡγεμονίαν,
1048 4862 1125 4933 τῷ
1171 4865 1417 4935 νεωτέρῳ
1461 4866 1517 4918 δὲ
1560 4866 1656 4935 τῆς
1679 4867 1752 4918 Εὐ

1883 4887 2045 4940 quant
2094 4872 2209 4940 ipse
2248 4882 2485 4933 rexerat,
2535 4874 2730 4925 minori
2784 4888 2913 4927 vero
2960 4871 3189 4941 Europa:
3236 4886 3454 4942 sceptra

210 4948 404 5019 ρώπης
448 4948 517 5001 τὰ
561 4949 835 5018 σκῆπτρα.
882 4951 991 5021 Τὴν
1037 4954 1312 5006 εὐσέϐειαν
1344 4956 1398 5008 δὲ
1438 4956 1646 5010 τελείαν
1692 4975 1755 5010 κα

1881 4959 2155 5014 οοηιιιιὶεὲι
2187 4978 2200 5012 :
2234 4971 2532 5028 utrumque
2580 4969 2784 5023 autem,
2822 4968 2879 5013 ut
2912 4961 3209 5027 perfectam
3276 4965 3453 5029 piela.

207 5038 397 5092 τοῦτον
441 5038 583 5108 ἔχειν
634 5040 881 5093 κάκεῖνον
927 5043 1218 5113 παρῄνεσε.
1246 5061 1263 5093 ι
1292 5045 1388 5097 Διά
1424 5046 1621 5116 ταύτης
1650 5046 1780 5116 γάρ,

1889 5057 1997 5104 tem
2027 5050 2346 5115 retinerent,
2382 5052 2634 5106 hortatus
2669 5061 2775 5105 est.
2809 5069 2826 5100 ι
2870 5051 2972 5104 Per
3008 5050 3148 5103 hanc
3171 5052 3337 5109 enim.
3373 5054 3457 5105 in-

210 5130 340 5199 ἔφη,
364 5130 459 5182 καὶ
502 5131 535 5198 ἡ
566 5131 610 5163 ιδ
637 5132 825 5203 εἰρήνη
858 5132 1203 5202 φυλάττεται,
1230 5137 1324 5189 καὶ
1358 5137 1589 5207 πόλεμος
1615 5156 1782 5193 κατα-

1888 5142 2028 5209 quit,
2058 5150 2113 5195 et
2146 5156 2247 5212 pax
2299 5152 2682 5207 conservatur,
2721 5150 2774 5196 et
2808 5141 3013 5195 bellum
3055 5139 3370 5206 conficitur,
3399 5152 3455 5197 et

895 5348 904 5381 ,
1530 5309 1757 5365 νΑΒΙᾸΞ
1791 5311 2189 5368 LECTIONES.

334 5398 610 5475 ’ταύτηςιι
663 5397 1000 5475 (Σίπίειρριι.,
1074 5400 1310 5475 Scalig,
1354 5400 1719 5475 _Qasaubon1h
1817 5402 2155 5475 ‘_1tpoGup.fqt.
2209 5402 2374 5475 Basil.
2416 5404 2509 5458 Gr.
2542 5472 2563 5475 ι
2619 5406 2637 5436 ⁷
2682 5402 3459 5475 πολεμοσείοντας.ᾼΕίιτὶδῑοο

214 5468 798 5542 ρίιρῐεοηέιεζίξεειὶιιδ
838 5468 1081 5542 Scaliger
1105 5479 1164 5542 _et
1194 5468 1328 5542 Pini
1354 5471 1639 5542 Iiberhcum
1661 5469 1884 5542 Niceph.
1905 5468 2399 5542 πολεμησείοντας.
2478 5475 2499 5505 ⁸
2534 5472 2623 5527 Sic
2664 5482 2718 5527 et
2758 5468 3121 5542 Ni'cepltorus.
3159 5473 3262 5525 Sed
3293 5473 3459 5524 Θανασ

214 5537 339 5593 τοῦν
361 5556 418 5590 τε
446 5537 566 5592 Pini
598 5540 737 5609 liber
770 5549 824 5593 et
863 5537 1058 5607 Scalig.
1092 5538 1435 5592 Θανατοῦντα
1491 5539 1654 5594 Basil.
1689 5537 1809 5592 ϐτί
1838 5550 1891 5592 et
1945 5537 2166 5609 Steptel;
2202 5544 2514 5597 θανατῶντα
2545 5537 2915 5597 Camerarius.
2991 5543 3012 5573 ⁹
3041 5542 3115 5594 Ila
3145 5543 3464 5609 (Ihristoph.

216 5618 268 5680 et
286 5609 549 5680 Scaliger,
594 5608 829 5680 itemque
860 5608 982 5680 Pini
1008 5610 1198 5680 codex,
1230 5610 1371 5677 quod
1424 5625 1528 5662 non
1561 5610 1815 5680 displicet
1848 5608 2084 5680 Vale-sio.
2130 5612 2298 5680 Basil.
2332 5614 2425 5667 Gr.
2480 5621 2533 5667 et
2573 5612 2762 5680 Steph.
2816 5613 3021 5665 habent
3053 5608 3456 5675 ἀπαλλάξαντα.

221 5677 408 5750 Savilii
444 5676 615 5750 eode;
638 5676 833 5750 vitiose
862 5678 1206 5750 ἀπαλλάξειν.
1248 5676 1337 5750 λ¹⁰γ
1363 5680 1411 5729 oi
1442 5679 1587 5732 addit
1623 5676 1804 5750 Basil.
1840 5679 1932 5731 Gr.
1982 5682 2047 5750 7“
2080 5678 2262 5750 τύχεῖν
2311 5683 2462 5736 abest
2495 5697 2522 5733 a
2562 5676 2725 5735 Basil.
2761 5682 2853 5735 Gr.
2932 5682 2973 5710 ”
3007 5681 3249 5750 csgabest
3272 5681 3463 5750 abeo-

219 5746 341 5800 dent
375 5756 426 5800 et
451 5747 639 5815 Steph.
712 5748 753 5779 ’³
794 5749 1227 5818 μεταλαγχάνων.
1269 5746 1450 5802 Iidem.
1506 5748 1919 5819 Ἀποτυγχάνων
1953 5746 2178 5820 Nirrpli.
2261 5753 2301 5781 ”
2329 5752 2610 5807 Articulns
2630 5753 2777 5805 abest
2810 5766 2837 5803 a
2870 5748 3126 5806 Basil.Gr
3180 5757 3233 5805 et
3265 5749 3457 5819 Steph.
