  <div class='ocr_page' id='page_1' title='image "/cluster/home/n/w/nwhite01/storage/ocr_20150623/82/nnc1.0046979700/673.png"; bbox 0 0 4206 6456; ppageno 0'>
   <div class='ocr_carea' id='block_1_1' title="bbox 768 385 4050 464">
    <p class='ocr_par' dir='ltr' id='par_1_1' title="bbox 768 385 4050 464">
     <span class='ocr_line' id='line_1_1' title="bbox 768 385 4050 464; baseline -0.007 0"><span class='ocrx_word' id='word_1_1' title='bbox 768 398 904 464; x_wconf 73' lang='grc'><strong>1255</strong></span> <span class='ocrx_word' id='word_1_2' title='bbox 1752 388 2241 451; x_wconf 81' lang='lat' dir='ltr'><strong>THEODORETI</strong></span> <span class='ocrx_word' id='word_1_3' title='bbox 2266 386 2606 448; x_wconf 84' lang='lat' dir='ltr'><strong>EPISCOPI</strong></span> <span class='ocrx_word' id='word_1_4' title='bbox 2637 388 3001 451; x_wconf 84' lang='lat' dir='ltr'><strong>CYRENSIS</strong></span> <span class='ocrx_word' id='word_1_5' title='bbox 3889 385 4050 445; x_wconf 65' lang='lat'><strong>2256</strong></span> 
     </span>
    </p>
   </div>
   <div class='ocr_carea' id='block_1_2' title="bbox 768 498 2429 574">
    <p class='ocr_par' dir='ltr' id='par_1_2' title="bbox 768 501 2411 574">
     <span class='ocr_line' id='line_1_2' title="bbox 768 501 2411 574; baseline -0.008 -11"><span class='ocrx_word' id='word_1_6' title='bbox 768 510 961 563; x_wconf 86' lang='lat' dir='ltr'><strong>hostes</strong></span> <span class='ocrx_word' id='word_1_7' title='bbox 1019 503 1296 574; x_wconf 73' lang='lat' dir='ltr'><strong>fugantur,</strong></span> <span class='ocrx_word' id='word_1_8' title='bbox 1346 512 1400 557; x_wconf 85' lang='lat' dir='ltr'><strong>et</strong></span> <span class='ocrx_word' id='word_1_9' title='bbox 1444 512 1643 572; x_wconf 71' lang='lat' dir='ltr'><strong>tropaea</strong></span> <span class='ocrx_word' id='word_1_10' title='bbox 1676 504 1982 572; x_wconf 81' lang='lat' dir='ltr'><strong>eriguntur,</strong></span> <span class='ocrx_word' id='word_1_11' title='bbox 2013 510 2067 556; x_wconf 92' lang='lat' dir='ltr'><strong>et</strong></span> <span class='ocrx_word' id='word_1_12' title='bbox 2111 501 2335 553; x_wconf 84' lang='lat' dir='ltr'><strong>victoria</strong></span> <span class='ocrx_word' id='word_1_13' title='bbox 2366 504 2411 559; x_wconf 79' lang='grc' dir='ltr'><strong>Α</strong></span> 
     </span>
    </p>
   </div>
   <div class='ocr_carea' id='block_1_3' title="bbox 2367 498 4028 574">
    <p class='ocr_par' dir='ltr' id='par_1_3' title="bbox 2367 498 4028 569">
     <span class='ocr_line' id='line_1_3' title="bbox 2367 498 4028 569; baseline 0.002 -19"><span class='ocrx_word' id='word_1_14' title='bbox 2367 504 2411 559; x_wconf 79' lang='grc' dir='ltr'><strong>Α</strong></span> <span class='ocrx_word' id='word_1_15' title='bbox 2439 498 2645 563; x_wconf 85' lang='grc' dir='ltr'>λύεται,</span> <span class='ocrx_word' id='word_1_16' title='bbox 2678 500 2770 552; x_wconf 82' lang='grc' dir='ltr'>καὶ</span> <span class='ocrx_word' id='word_1_17' title='bbox 2796 500 3044 569; x_wconf 87' lang='grc' dir='ltr'>πολέμιοι</span> <span class='ocrx_word' id='word_1_18' title='bbox 3077 498 3390 569; x_wconf 82' lang='grc' dir='ltr'>τρέπονται.</span> <span class='ocrx_word' id='word_1_19' title='bbox 3424 500 3518 553; x_wconf 75' lang='grc' dir='ltr'><strong>καί</strong></span> <span class='ocrx_word' id='word_1_20' title='bbox 3549 499 3863 553; x_wconf 78' lang='grc' dir='ltr'>ἀνίστανται</span> <span class='ocrx_word' id='word_1_21' title='bbox 3901 504 4028 569; x_wconf 64' lang='grc' dir='ltr'>τρο·</span> 
     </span>
    </p>
   </div>
   <div class='ocr_carea' id='block_1_4' title="bbox 762 586 2423 669">
    <p class='ocr_par' dir='ltr' id='par_1_4' title="bbox 762 594 2337 669">
     <span class='ocr_line' id='line_1_4' title="bbox 762 594 2337 669; baseline -0.004 -18"><span class='ocrx_word' id='word_1_22' title='bbox 762 596 1135 669; x_wconf 81' lang='lat' dir='ltr'><strong>dispensatur.</strong></span> <span class='ocrx_word' id='word_1_23' title='bbox 1190 615 1209 647; x_wconf 77' lang='grc' dir='ltr'><strong>ι</strong></span> <span class='ocrx_word' id='word_1_24' title='bbox 1261 594 1388 649; x_wconf 77' lang='lat' dir='ltr'><strong>Haec</strong></span> <span class='ocrx_word' id='word_1_25' title='bbox 1445 595 1535 648; x_wconf 91' lang='lat' dir='ltr'><strong>ille</strong></span> <span class='ocrx_word' id='word_1_26' title='bbox 1596 595 1799 646; x_wconf 88' lang='lat' dir='ltr'><strong>monita</strong></span> <span class='ocrx_word' id='word_1_27' title='bbox 1856 595 1983 648; x_wconf 89' lang='lat' dir='ltr'><strong>liliis</strong></span> <span class='ocrx_word' id='word_1_28' title='bbox 2036 606 2337 661; x_wconf 81' lang='lat' dir='ltr'><strong>Suggercns</strong></span> 
     </span>
    </p>
   </div>
   <div class='ocr_carea' id='block_1_5' title="bbox 2366 586 4027 669">
    <p class='ocr_par' dir='ltr' id='par_1_5' title="bbox 2440 586 4027 659">
     <span class='ocr_line' id='line_1_5' title="bbox 2440 586 4027 659; baseline 0.001 -20"><span class='ocrx_word' id='word_1_29' title='bbox 2440 605 2601 649; x_wconf 86' lang='grc' dir='ltr'>παια,</span> <span class='ocrx_word' id='word_1_30' title='bbox 2644 589 2737 641; x_wconf 73' lang='grc' dir='ltr'>καὶ</span> <span class='ocrx_word' id='word_1_31' title='bbox 2791 588 2912 658; x_wconf 85' lang='grc' dir='ltr'>νίκη</span> <span class='ocrx_word' id='word_1_32' title='bbox 2970 588 3313 659; x_wconf 80' lang='grc' dir='ltr'>βραδεύεται.</span> <span class='ocrx_word' id='word_1_33' title='bbox 3355 607 3375 639; x_wconf 84' lang='grc'><strong>›</strong></span> <span class='ocrx_word' id='word_1_34' title='bbox 3423 589 3660 650; x_wconf 84' lang='grc' dir='ltr'>Ἐκεῖνος</span> <span class='ocrx_word' id='word_1_35' title='bbox 3709 586 3807 657; x_wconf 83' lang='grc' dir='ltr'>μὲν</span> <span class='ocrx_word' id='word_1_36' title='bbox 3850 587 4027 641; x_wconf 70' lang='grc' dir='ltr'>ταῦτα</span> 
     </span>
    </p>
   </div>
   <div class='ocr_carea' id='block_1_6' title="bbox 766 684 1893 756">
    <p class='ocr_par' dir='ltr' id='par_1_6' title="bbox 766 684 1893 756">
     <span class='ocr_line' id='line_1_6' title="bbox 766 684 1893 756; baseline -0.005 -13"><span class='ocrx_word' id='word_1_37' title='bbox 766 690 908 743; x_wconf 89' lang='lat' dir='ltr'><strong>diem</strong></span> <span class='ocrx_word' id='word_1_38' title='bbox 952 687 1107 749; x_wconf 86' lang='lat' dir='ltr'><strong>obiit,</strong></span> <span class='ocrx_word' id='word_1_39' title='bbox 1151 687 1446 740; x_wconf 71' lang='lat' dir='ltr'><strong>immortali</strong></span> <span class='ocrx_word' id='word_1_40' title='bbox 1472 686 1646 756; x_wconf 78' lang='lat' dir='ltr'><strong>gloria</strong></span> <span class='ocrx_word' id='word_1_41' title='bbox 1683 684 1893 738; x_wconf 84' lang='lat' dir='ltr'><strong>relicta.</strong></span> 
     </span>
    </p>
   </div>
   <div class='ocr_carea' id='block_1_7' title="bbox 835 854 2338 933">
    <p class='ocr_par' dir='ltr' id='par_1_7' title="bbox 835 854 2338 933">
     <span class='ocr_line' id='line_1_7' title="bbox 835 854 2338 933; baseline -0.005 -18"><span class='ocrx_word' id='word_1_42' title='bbox 835 862 955 933; x_wconf 75' lang='grc' dir='ltr'>[ΟΙι.</span> <span class='ocrx_word' id='word_1_43' title='bbox 992 862 1111 932; x_wconf 71' lang='lat'><strong>26.]</strong></span> <span class='ocrx_word' id='word_1_44' title='bbox 1162 861 1379 931; x_wconf 85' lang='lat' dir='ltr'><strong>Imperii</strong></span> <span class='ocrx_word' id='word_1_45' title='bbox 1441 873 1607 929; x_wconf 90' lang='lat' dir='ltr'><strong>porro</strong></span> <span class='ocrx_word' id='word_1_46' title='bbox 1678 871 2056 918; x_wconf 86' lang='lat' dir='ltr'><strong>successores.</strong></span> <span class='ocrx_word' id='word_1_47' title='bbox 2117 854 2338 925; x_wconf 88' lang='lat' dir='ltr'><strong>pietatis</strong></span> 
     </span>
    </p>
   </div>
   <div class='ocr_carea' id='block_1_8' title="bbox 765 954 1536 1026">
    <p class='ocr_par' dir='ltr' id='par_1_8' title="bbox 765 954 1536 1026">
     <span class='ocr_line' id='line_1_8' title="bbox 765 954 1536 1026; baseline -0.006 -18"><span class='ocrx_word' id='word_1_48' title='bbox 765 971 985 1026; x_wconf 88' lang='lat' dir='ltr'><strong>quoque</strong></span> <span class='ocrx_word' id='word_1_49' title='bbox 1021 955 1262 1008; x_wconf 54' lang='lat' dir='ltr'><strong>hatredes</strong></span> <span class='ocrx_word' id='word_1_50' title='bbox 1296 954 1536 1005; x_wconf 80' lang='lat' dir='ltr'><strong>fuerunt.</strong></span> 
     </span>
    </p>
   </div>
   <div class='ocr_carea' id='block_1_9' title="bbox 1010 1037 2089 1112">
    <p class='ocr_par' dir='ltr' id='par_1_9' title="bbox 1010 1037 2089 1112">
     <span class='ocr_line' id='line_1_9' title="bbox 1010 1037 2089 1112; baseline -0.006 -15"><span class='ocrx_word' id='word_1_51' title='bbox 1010 1049 1027 1063; x_wconf 88' lang='grc'><strong>·</strong></span> <span class='ocrx_word' id='word_1_52' title='bbox 1055 1043 1208 1097; x_wconf 69' lang='lat' dir='ltr'><strong>cap.</strong></span> <span class='ocrx_word' id='word_1_53' title='bbox 1240 1041 1430 1101; x_wconf 76' lang='lat' dir='ltr'><strong>xxvi.</strong></span> <span class='ocrx_word' id='word_1_54' title='bbox 1469 1040 1571 1112; x_wconf 75' lang='grc' dir='ltr'>[ιι.</span> <span class='ocrx_word' id='word_1_55' title='bbox 1605 1039 1685 1092; x_wconf 77' lang='grc' dir='ltr'><strong>ει.</strong></span> <span class='ocrx_word' id='word_1_56' title='bbox 1723 1040 1786 1093; x_wconf 91' lang='lat' dir='ltr'><strong>v.</strong></span> <span class='ocrx_word' id='word_1_57' title='bbox 1819 1040 1919 1092; x_wconf 74' lang='lat' dir='ltr'><strong>cn.</strong></span> <span class='ocrx_word' id='word_1_58' title='bbox 1959 1037 2089 1108; x_wconf 75' lang='lat'><strong>26.]</strong></span> 
     </span>
    </p>
   </div>
   <div class='ocr_carea' id='block_1_10' title="bbox 835 1125 2263 1201">
    <p class='ocr_par' dir='ltr' id='par_1_10' title="bbox 835 1125 2263 1201">
     <span class='ocr_line' id='line_1_10' title="bbox 835 1125 2263 1201; baseline -0.004 -15"><span class='ocrx_word' id='word_1_59' title='bbox 835 1134 912 1187; x_wconf 88' lang='lat' dir='ltr'><strong>De</strong></span> <span class='ocrx_word' id='word_1_60' title='bbox 932 1135 1169 1189; x_wconf 84' lang='lat' dir='ltr'><strong>Honorio</strong></span> <span class='ocrx_word' id='word_1_61' title='bbox 1198 1133 1535 1201; x_wconf 69' lang='lat' dir='ltr'><strong>imperatore,</strong></span> <span class='ocrx_word' id='word_1_62' title='bbox 1562 1140 1611 1183; x_wconf 86' lang='lat' dir='ltr'><strong>et</strong></span> <span class='ocrx_word' id='word_1_63' title='bbox 1647 1129 1954 1183; x_wconf 79' lang='lat' dir='ltr'><strong>Telemacho</strong></span> <span class='ocrx_word' id='word_1_64' title='bbox 1988 1125 2263 1181; x_wconf 85' lang='lat' dir='ltr'><strong>monacho.</strong></span> 
     </span>
    </p>
   </div>
   <div class='ocr_carea' id='block_1_11' title="bbox 837 1289 2338 1360">
    <p class='ocr_par' dir='ltr' id='par_1_11' title="bbox 837 1289 2338 1360">
     <span class='ocr_line' id='line_1_11' title="bbox 837 1289 2338 1360; baseline -0.003 -12"><span class='ocrx_word' id='word_1_65' title='bbox 837 1294 1114 1348; x_wconf 86' lang='lat' dir='ltr'><strong>Honorius</strong></span> <span class='ocrx_word' id='word_1_66' title='bbox 1172 1292 1467 1360; x_wconf 83' lang='lat' dir='ltr'><strong>siquidem,</strong></span> <span class='ocrx_word' id='word_1_67' title='bbox 1509 1290 1602 1359; x_wconf 88' lang='lat' dir='ltr'><strong>qui</strong></span> <span class='ocrx_word' id='word_1_68' title='bbox 1644 1289 1876 1360; x_wconf 74' lang='lat' dir='ltr'><strong>Europa:</strong></span> <span class='ocrx_word' id='word_1_69' title='bbox 1938 1291 2169 1345; x_wconf 88' lang='lat' dir='ltr'><strong>sortitus</strong></span> <span class='ocrx_word' id='word_1_70' title='bbox 2219 1299 2338 1344; x_wconf 89' lang='lat' dir='ltr'><strong>erat</strong></span> 
     </span>
    </p>
   </div>
   <div class='ocr_carea' id='block_1_12' title="bbox 2437 679 4024 749">
    <p class='ocr_par' dir='ltr' id='par_1_12' title="bbox 2437 679 4024 749">
     <span class='ocr_line' id='line_1_12' title="bbox 2437 679 4024 749; baseline -0.001 -18"><span class='ocrx_word' id='word_1_71' title='bbox 2437 682 2549 741; x_wconf 85' lang='grc' dir='ltr'>τοῖς</span> <span class='ocrx_word' id='word_1_72' title='bbox 2570 680 2724 732; x_wconf 78' lang='grc' dir='ltr'>παισί</span> <span class='ocrx_word' id='word_1_73' title='bbox 2759 680 3092 749; x_wconf 76' lang='grc' dir='ltr'><strong>παραινέσας</strong></span> <span class='ocrx_word' id='word_1_74' title='bbox 3124 679 3493 749; x_wconf 78' lang='grc' dir='ltr'>ἐτελεύτησεν,</span> <span class='ocrx_word' id='word_1_75' title='bbox 3524 680 3849 749; x_wconf 80' lang='grc' dir='ltr'><strong>ἀείμνηστον</strong></span> <span class='ocrx_word' id='word_1_76' title='bbox 3867 679 4024 741; x_wconf 81' lang='grc' dir='ltr'>κλέος</span> 
     </span>
    </p>
   </div>
   <div class='ocr_carea' id='block_1_13' title="bbox 2442 769 2776 823">
    <p class='ocr_par' dir='ltr' id='par_1_13' title="bbox 2442 769 2776 823">
     <span class='ocr_line' id='line_1_13' title="bbox 2442 769 2776 823; baseline -0.006 0"><span class='ocrx_word' id='word_1_77' title='bbox 2442 769 2776 823; x_wconf 84' lang='grc' dir='ltr'>καταλιπών.</span> 
     </span>
    </p>
   </div>
   <div class='ocr_carea' id='block_1_14' title="bbox 2509 857 4027 929">
    <p class='ocr_par' dir='ltr' id='par_1_14' title="bbox 2509 857 4027 929">
     <span class='ocr_line' id='line_1_14' title="bbox 2509 857 4027 929; baseline -0.001 -17"><span class='ocrx_word' id='word_1_78' title='bbox 2509 860 2571 912; x_wconf 84' lang='grc' dir='ltr'><strong>Οἱ</strong></span> <span class='ocrx_word' id='word_1_79' title='bbox 2600 860 2656 911; x_wconf 80' lang='grc' dir='ltr'>δὲ</span> <span class='ocrx_word' id='word_1_80' title='bbox 2702 859 2802 928; x_wconf 85' lang='grc' dir='ltr'>τῆς</span> <span class='ocrx_word' id='word_1_81' title='bbox 2862 857 3137 928; x_wconf 73' lang='grc' dir='ltr'>βασιλείας</span> <span class='ocrx_word' id='word_1_82' title='bbox 3177 857 3431 928; x_wconf 76' lang='grc' dir='ltr'><strong>διάδοχοι,</strong></span> <span class='ocrx_word' id='word_1_83' title='bbox 3476 858 3693 929; x_wconf 74' lang='grc' dir='ltr'>καὶτῆς</span> <span class='ocrx_word' id='word_1_84' title='bbox 3733 857 4027 919; x_wconf 79' lang='grc' dir='ltr'>εὐσεϐείας</span> 
     </span>
    </p>
   </div>
   <div class='ocr_carea' id='block_1_15' title="bbox 2440 948 3070 1019">
    <p class='ocr_par' dir='ltr' id='par_1_15' title="bbox 2440 948 3070 1019">
     <span class='ocr_line' id='line_1_15' title="bbox 2440 948 3070 1019; baseline -0.002 -16"><span class='ocrx_word' id='word_1_85' title='bbox 2440 948 2695 1017; x_wconf 76' lang='grc' dir='ltr'>ἐγένοντο</span> <span class='ocrx_word' id='word_1_86' title='bbox 2726 948 3070 1019; x_wconf 78' lang='grc' dir='ltr'><strong>κληρονόμοι.</strong></span> 
     </span>
    </p>
   </div>
   <div class='ocr_carea' id='block_1_16' title="bbox 3012 1040 3439 1107">
    <p class='ocr_par' dir='ltr' id='par_1_16' title="bbox 3012 1040 3439 1107">
     <span class='ocr_line' id='line_1_16' title="bbox 3012 1040 3439 1107; baseline 0 -14"><span class='ocrx_word' id='word_1_87' title='bbox 3012 1040 3266 1093; x_wconf 81' lang='grc' dir='ltr'><strong>ΚΕΦΑΛ.</strong></span> <span class='ocrx_word' id='word_1_88' title='bbox 3295 1042 3439 1107; x_wconf 71' lang='grc' dir='ltr'>κεῖν.</span> 
     </span>
    </p>
   </div>
   <div class='ocr_carea' id='block_1_17' title="bbox 2440 1131 4028 1201">
    <p class='ocr_par' dir='ltr' id='par_1_17' title="bbox 2440 1131 4028 1201">
     <span class='ocr_line' id='line_1_17' title="bbox 2440 1131 4028 1201; baseline 0.002 -17"><span class='ocrx_word' id='word_1_89' title='bbox 2440 1131 2581 1199; x_wconf 78' lang='grc' dir='ltr'>Περὶ</span> <span class='ocrx_word' id='word_1_90' title='bbox 2651 1131 2927 1198; x_wconf 84' lang='grc' dir='ltr'>ὈνωρΙου</span> <span class='ocrx_word' id='word_1_91' title='bbox 2977 1131 3087 1183; x_wconf 83' lang='grc' dir='ltr'>τοῦ</span> <span class='ocrx_word' id='word_1_92' title='bbox 3127 1132 3459 1197; x_wconf 76' lang='grc' dir='ltr'>βασιλέως,</span> <span class='ocrx_word' id='word_1_93' title='bbox 3512 1132 3607 1187; x_wconf 79' lang='grc' dir='ltr'><strong>καί</strong></span> <span class='ocrx_word' id='word_1_94' title='bbox 3671 1131 4028 1201; x_wconf 71' lang='grc' dir='ltr'><strong>Τηλεμάχου</strong></span> 
     </span>
    </p>
   </div>
   <div class='ocr_carea' id='block_1_18' title="bbox 3025 1201 3414 1270">
    <p class='ocr_par' dir='ltr' id='par_1_18' title="bbox 3025 1201 3414 1270">
     <span class='ocr_line' id='line_1_18' title="bbox 3025 1201 3414 1270; baseline 0.01 -18"><span class='ocrx_word' id='word_1_95' title='bbox 3025 1201 3414 1270; x_wconf 56' lang='lat' dir='ltr'><strong>portitor-mc.</strong></span> 
     </span>
    </p>
   </div>
   <div class='ocr_carea' id='block_1_19' title="bbox 2519 1291 4031 1364">
    <p class='ocr_par' dir='ltr' id='par_1_19' title="bbox 2519 1291 4031 1364">
     <span class='ocr_line' id='line_1_19' title="bbox 2519 1291 4031 1364; baseline 0.001 -20"><span class='ocrx_word' id='word_1_96' title='bbox 2519 1291 2774 1364; x_wconf 88' lang='grc' dir='ltr'>Ὀνώριος</span> <span class='ocrx_word' id='word_1_97' title='bbox 2809 1293 2907 1362; x_wconf 82' lang='grc' dir='ltr'>μὲν</span> <span class='ocrx_word' id='word_1_98' title='bbox 2943 1293 3074 1364; x_wconf 83' lang='grc' dir='ltr'>γὰρ,</span> <span class='ocrx_word' id='word_1_99' title='bbox 3111 1296 3139 1346; x_wconf 91' lang='grc' dir='ltr'><strong>ό</strong></span> <span class='ocrx_word' id='word_1_100' title='bbox 3170 1294 3271 1363; x_wconf 81' lang='grc' dir='ltr'>τῆς</span> <span class='ocrx_word' id='word_1_101' title='bbox 3295 1294 3568 1362; x_wconf 76' lang='grc' dir='ltr'><strong>Εὐρώπης</strong></span> <span class='ocrx_word' id='word_1_102' title='bbox 3597 1294 3699 1364; x_wconf 81' lang='grc' dir='ltr'>τὴν</span> <span class='ocrx_word' id='word_1_103' title='bbox 3748 1294 4031 1363; x_wconf 84' lang='grc' dir='ltr'>βασιλείαν</span> 
     </span>
    </p>
   </div>
   <div class='ocr_carea' id='block_1_20' title="bbox 764 1381 2425 1455">
    <p class='ocr_par' dir='ltr' id='par_1_20' title="bbox 764 1381 2335 1454">
     <span class='ocr_line' id='line_1_20' title="bbox 764 1381 2335 1454; baseline -0.004 -13"><span class='ocrx_word' id='word_1_104' title='bbox 764 1388 1073 1454; x_wconf 71' lang='lat' dir='ltr'><strong>imperium,</strong></span> <span class='ocrx_word' id='word_1_105' title='bbox 1113 1383 1437 1453; x_wconf 87' lang='lat' dir='ltr'><strong>gladiatoria</strong></span> <span class='ocrx_word' id='word_1_106' title='bbox 1470 1384 1796 1445; x_wconf 76' lang='lat' dir='ltr'><strong>certamina,</strong></span> <span class='ocrx_word' id='word_1_107' title='bbox 1832 1398 1953 1451; x_wconf 67' lang='lat' dir='ltr'><strong>qua:</strong></span> <span class='ocrx_word' id='word_1_108' title='bbox 1992 1383 2176 1436; x_wconf 69' lang='lat' dir='ltr'><strong>Roma:</strong></span> <span class='ocrx_word' id='word_1_109' title='bbox 2221 1381 2335 1436; x_wconf 83' lang='lat' dir='ltr'><strong>ﬁeri</strong></span> 
     </span>
    </p>
   </div>
   <div class='ocr_carea' id='block_1_21' title="bbox 2369 1381 4030 1455">
    <p class='ocr_par' dir='ltr' id='par_1_21' title="bbox 2437 1384 4030 1455">
     <span class='ocr_line' id='line_1_21' title="bbox 2437 1384 4030 1455; baseline 0.001 -19"><span class='ocrx_word' id='word_1_110' title='bbox 2437 1384 2760 1453; x_wconf 78' lang='grc' dir='ltr'>δεξάμενος,</span> <span class='ocrx_word' id='word_1_111' title='bbox 2786 1387 2885 1448; x_wconf 85' lang='grc' dir='ltr'>τὰς</span> <span class='ocrx_word' id='word_1_112' title='bbox 2917 1388 2974 1438; x_wconf 82' lang='grc' dir='ltr'>ἐν</span> <span class='ocrx_word' id='word_1_113' title='bbox 3013 1385 3202 1455; x_wconf 81' lang='grc' dir='ltr'><strong>Ῥώμῃ</strong></span> <span class='ocrx_word' id='word_1_114' title='bbox 3248 1386 3415 1438; x_wconf 80' lang='grc' dir='ltr'>πάλαι</span> <span class='ocrx_word' id='word_1_115' title='bbox 3452 1386 3741 1455; x_wconf 84' lang='grc' dir='ltr'>γινομένας</span> <span class='ocrx_word' id='word_1_116' title='bbox 3784 1402 4030 1455; x_wconf 87' lang='grc' dir='ltr'>μονομα-</span> 
     </span>
    </p>
   </div>
   <div class='ocr_carea' id='block_1_22' title="bbox 764 1472 2337 1542">
    <p class='ocr_par' dir='ltr' id='par_1_22' title="bbox 764 1472 2337 1542">
     <span class='ocr_line' id='line_1_22' title="bbox 764 1472 2337 1542; baseline -0.006 -9"><span class='ocrx_word' id='word_1_117' title='bbox 764 1480 1036 1537; x_wconf 75' lang='lat' dir='ltr'><strong>Solebant,</strong></span> <span class='ocrx_word' id='word_1_118' title='bbox 1070 1477 1163 1528; x_wconf 90' lang='lat' dir='ltr'><strong>tali</strong></span> <span class='ocrx_word' id='word_1_119' title='bbox 1217 1475 1511 1528; x_wconf 84' lang='lat' dir='ltr'><strong>occasione</strong></span> <span class='ocrx_word' id='word_1_120' title='bbox 1548 1474 1789 1527; x_wconf 88' lang='lat' dir='ltr'><strong>sustulit.</strong></span> <span class='ocrx_word' id='word_1_121' title='bbox 1828 1472 2190 1526; x_wconf 79' lang='lat' dir='ltr'><strong>Telemachus</strong></span> <span class='ocrx_word' id='word_1_122' title='bbox 2217 1472 2337 1542; x_wconf 87' lang='lat' dir='ltr'><strong>qui-</strong></span> 
     </span>
    </p>
   </div>
   <div class='ocr_carea' id='block_1_23' title="bbox 763 1560 2333 1635">
    <p class='ocr_par' dir='ltr' id='par_1_23' title="bbox 763 1560 2333 1635">
     <span class='ocr_line' id='line_1_23' title="bbox 763 1560 2333 1635; baseline -0.005 -14"><span class='ocrx_word' id='word_1_123' title='bbox 763 1570 912 1632; x_wconf 83' lang='lat' dir='ltr'><strong>dam,</strong></span> <span class='ocrx_word' id='word_1_124' title='bbox 945 1570 1109 1619; x_wconf 87' lang='lat' dir='ltr'><strong>vitam</strong></span> <span class='ocrx_word' id='word_1_125' title='bbox 1138 1581 1304 1635; x_wconf 87' lang='lat' dir='ltr'><strong>agens</strong></span> <span class='ocrx_word' id='word_1_126' title='bbox 1330 1566 1646 1627; x_wconf 77' lang='lat' dir='ltr'><strong>asceticam,</strong></span> <span class='ocrx_word' id='word_1_127' title='bbox 1678 1564 1745 1616; x_wconf 88' lang='lat' dir='ltr'><strong>ab</strong></span> <span class='ocrx_word' id='word_1_128' title='bbox 1775 1560 1997 1616; x_wconf 83' lang='lat' dir='ltr'><strong>Oriente</strong></span> <span class='ocrx_word' id='word_1_129' title='bbox 2033 1561 2333 1631; x_wconf 81' lang='lat' dir='ltr'><strong>profectus,</strong></span> 
     </span>
    </p>
   </div>
   <div class='ocr_carea' id='block_1_24' title="bbox 764 1652 2340 1720">
    <p class='ocr_par' dir='ltr' id='par_1_24' title="bbox 764 1652 2340 1720">
     <span class='ocr_line' id='line_1_24' title="bbox 764 1652 2340 1720; baseline -0.005 -9"><span class='ocrx_word' id='word_1_130' title='bbox 764 1657 993 1711; x_wconf 80' lang='lat' dir='ltr'><strong>Romam</strong></span> <span class='ocrx_word' id='word_1_131' title='bbox 1026 1657 1126 1709; x_wconf 88' lang='lat' dir='ltr'><strong>hac</strong></span> <span class='ocrx_word' id='word_1_132' title='bbox 1153 1658 1219 1709; x_wconf 89' lang='lat' dir='ltr'><strong>de</strong></span> <span class='ocrx_word' id='word_1_133' title='bbox 1248 1670 1413 1709; x_wconf 79' lang='lat' dir='ltr'><strong>causa</strong></span> <span class='ocrx_word' id='word_1_134' title='bbox 1447 1660 1692 1707; x_wconf 80' lang='lat' dir='ltr'><strong>venerat.</strong></span> <span class='ocrx_word' id='word_1_135' title='bbox 1728 1654 1776 1707; x_wconf 91' lang='lat' dir='ltr'><strong>Is</strong></span> <span class='ocrx_word' id='word_1_136' title='bbox 1799 1666 1909 1720; x_wconf 92' lang='lat' dir='ltr'><strong>quo</strong></span> <span class='ocrx_word' id='word_1_137' title='bbox 1942 1660 2185 1720; x_wconf 91' lang='lat' dir='ltr'><strong>tempore</strong></span> <span class='ocrx_word' id='word_1_138' title='bbox 2215 1652 2340 1704; x_wconf 91' lang='lat' dir='ltr'><strong>hor-</strong></span> 
     </span>
    </p>
   </div>
   <div class='ocr_carea' id='block_1_25' title="bbox 767 1742 2337 1813">
    <p class='ocr_par' dir='ltr' id='par_1_25' title="bbox 767 1742 2337 1813">
     <span class='ocr_line' id='line_1_25' title="bbox 767 1742 2337 1813; baseline -0.005 -11"><span class='ocrx_word' id='word_1_139' title='bbox 767 1750 999 1803; x_wconf 86' lang='lat' dir='ltr'><strong>rendum</strong></span> <span class='ocrx_word' id='word_1_140' title='bbox 1048 1749 1178 1800; x_wconf 91' lang='lat' dir='ltr'><strong>illud</strong></span> <span class='ocrx_word' id='word_1_141' title='bbox 1230 1746 1604 1813; x_wconf 87' lang='lat' dir='ltr'><strong>spectaculum</strong></span> <span class='ocrx_word' id='word_1_142' title='bbox 1651 1744 1937 1807; x_wconf 80' lang='lat' dir='ltr'><strong>edebatur,</strong></span> <span class='ocrx_word' id='word_1_143' title='bbox 1988 1743 2224 1796; x_wconf 77' lang='lat' dir='ltr'><strong>stadium</strong></span> <span class='ocrx_word' id='word_1_144' title='bbox 2254 1742 2337 1794; x_wconf 91' lang='lat' dir='ltr'><strong>in-</strong></span> 
     </span>
    </p>
   </div>
   <div class='ocr_carea' id='block_1_26' title="bbox 2438 1476 4029 1547">
    <p class='ocr_par' dir='ltr' id='par_1_26' title="bbox 2438 1476 4029 1547">
     <span class='ocr_line' id='line_1_26' title="bbox 2438 1476 4029 1547; baseline 0 -20"><span class='ocrx_word' id='word_1_145' title='bbox 2438 1476 2561 1545; x_wconf 90' lang='grc' dir='ltr'>χίας</span> <span class='ocrx_word' id='word_1_146' title='bbox 2603 1476 2918 1540; x_wconf 79' lang='grc' dir='ltr'><strong>κατέλυσεν,</strong></span> <span class='ocrx_word' id='word_1_147' title='bbox 2956 1476 3208 1547; x_wconf 80' lang='grc' dir='ltr'>ἀφορμὴν</span> <span class='ocrx_word' id='word_1_148' title='bbox 3256 1477 3465 1529; x_wconf 85' lang='grc' dir='ltr'><strong>τοιάνδε</strong></span> <span class='ocrx_word' id='word_1_149' title='bbox 3513 1478 3554 1508; x_wconf 85' lang='grc'><strong>¹⁸</strong></span> <span class='ocrx_word' id='word_1_150' title='bbox 3598 1476 3802 1533; x_wconf 79' lang='grc' dir='ltr'>λαϐὼν,</span> <span class='ocrx_word' id='word_1_151' title='bbox 3851 1476 4029 1545; x_wconf 83' lang='grc' dir='ltr'>Τηλέ-</span> 
     </span>
    </p>
   </div>
   <div class='ocr_carea' id='block_1_27' title="bbox 2444 1561 4028 1634">
    <p class='ocr_par' dir='ltr' id='par_1_27' title="bbox 2444 1561 4028 1634">
     <span class='ocr_line' id='line_1_27' title="bbox 2444 1561 4028 1634; baseline -0.001 -17"><span class='ocrx_word' id='word_1_152' title='bbox 2444 1564 2614 1633; x_wconf 84' lang='grc' dir='ltr'>μαχός</span> <span class='ocrx_word' id='word_1_153' title='bbox 2651 1564 2693 1593; x_wconf 79' lang='grc'><strong>¹⁶</strong></span> <span class='ocrx_word' id='word_1_154' title='bbox 2726 1581 2808 1627; x_wconf 88' lang='grc' dir='ltr'><strong>τις</strong></span> <span class='ocrx_word' id='word_1_155' title='bbox 2853 1561 2921 1631; x_wconf 82' lang='grc' dir='ltr'>ἦν</span> <span class='ocrx_word' id='word_1_156' title='bbox 2961 1566 3051 1618; x_wconf 73' lang='grc' dir='ltr'><strong>τὸν</strong></span> <span class='ocrx_word' id='word_1_157' title='bbox 3108 1564 3403 1632; x_wconf 73' lang='grc' dir='ltr'><strong>ἀσκητικὸν</strong></span> <span class='ocrx_word' id='word_1_158' title='bbox 3455 1565 3834 1634; x_wconf 76' lang='grc' dir='ltr'>ἀσπαζόμενος</span> <span class='ocrx_word' id='word_1_159' title='bbox 3895 1564 4028 1632; x_wconf 84' lang='grc' dir='ltr'>βίον.</span> 
     </span>
    </p>
   </div>
   <div class='ocr_carea' id='block_1_28' title="bbox 2445 1650 4033 1725">
    <p class='ocr_par' dir='ltr' id='par_1_28' title="bbox 2445 1650 4033 1725">
     <span class='ocr_line' id='line_1_28' title="bbox 2445 1650 4033 1725; baseline 0 -21"><span class='ocrx_word' id='word_1_160' title='bbox 2445 1650 2613 1714; x_wconf 75' lang='grc' dir='ltr'>Οὗτος</span> <span class='ocrx_word' id='word_1_161' title='bbox 2642 1654 2749 1705; x_wconf 70' lang='grc' dir='ltr'><strong>ἀπὸ</strong></span> <span class='ocrx_word' id='word_1_162' title='bbox 2777 1653 2875 1722; x_wconf 76' lang='grc' dir='ltr'>τῆς</span> <span class='ocrx_word' id='word_1_163' title='bbox 2918 1654 3090 1724; x_wconf 81' lang='grc' dir='ltr'>Ἐᾠας</span> <span class='ocrx_word' id='word_1_164' title='bbox 3118 1656 3356 1725; x_wconf 82' lang='grc' dir='ltr'><strong>ἀπάρας,</strong></span> <span class='ocrx_word' id='word_1_165' title='bbox 3386 1656 3478 1708; x_wconf 80' lang='grc' dir='ltr'><strong>καὶ</strong></span> <span class='ocrx_word' id='word_1_166' title='bbox 3523 1655 3711 1709; x_wconf 84' lang='grc' dir='ltr'>τούτου</span> <span class='ocrx_word' id='word_1_167' title='bbox 3742 1656 3905 1724; x_wconf 82' lang='grc' dir='ltr'>χάριν</span> <span class='ocrx_word' id='word_1_168' title='bbox 3933 1656 4033 1722; x_wconf 73' lang='grc' dir='ltr'>τὴν</span> 
     </span>
    </p>
   </div>
   <div class='ocr_carea' id='block_1_29' title="bbox 2453 1744 4032 1816">
    <p class='ocr_par' dir='ltr' id='par_1_29' title="bbox 2453 1744 4032 1816">
     <span class='ocr_line' id='line_1_29' title="bbox 2453 1744 4032 1816; baseline 0 -21"><span class='ocrx_word' id='word_1_169' title='bbox 2453 1744 2671 1814; x_wconf 79' lang='grc' dir='ltr'>Ῥώμην</span> <span class='ocrx_word' id='word_1_170' title='bbox 2693 1744 3037 1807; x_wconf 74' lang='grc' dir='ltr'>καταλαϐὼν,</span> <span class='ocrx_word' id='word_1_171' title='bbox 3067 1747 3163 1815; x_wconf 82' lang='grc' dir='ltr'>τῆς</span> <span class='ocrx_word' id='word_1_172' title='bbox 3210 1750 3459 1816; x_wconf 83' lang='grc' dir='ltr'>μυσαρᾶς</span> <span class='ocrx_word' id='word_1_173' title='bbox 3488 1747 3704 1815; x_wconf 78' lang='grc' dir='ltr'>ἐκείνης</span> <span class='ocrx_word' id='word_1_174' title='bbox 3750 1746 4032 1799; x_wconf 79' lang='grc' dir='ltr'>ἐπιτελου-</span> 
     </span>
    </p>
   </div>
   <div class='ocr_carea' id='block_1_30' title="bbox 768 1828 2429 1909">
    <p class='ocr_par' dir='ltr' id='par_1_30' title="bbox 768 1828 2415 1909">
     <span class='ocr_line' id='line_1_30' title="bbox 768 1828 2415 1909; baseline -0.007 -17"><span class='ocrx_word' id='word_1_175' title='bbox 768 1855 1026 1909; x_wconf 60' lang='lat' dir='ltr'><strong>gressus,</strong></span> <span class='ocrx_word' id='word_1_176' title='bbox 1064 1846 1117 1890; x_wconf 89' lang='lat' dir='ltr'><strong>et</strong></span> <span class='ocrx_word' id='word_1_177' title='bbox 1157 1837 1210 1888; x_wconf 91' lang='lat' dir='ltr'><strong>in</strong></span> <span class='ocrx_word' id='word_1_178' title='bbox 1243 1850 1462 1889; x_wconf 88' lang='lat' dir='ltr'><strong>arenam</strong></span> <span class='ocrx_word' id='word_1_179' title='bbox 1498 1834 1835 1888; x_wconf 76' lang='lat' dir='ltr'><strong>descendens</strong></span> <span class='ocrx_word' id='word_1_180' title='bbox 1857 1874 1872 1898; x_wconf 98' lang='lat'><strong>,</strong></span> <span class='ocrx_word' id='word_1_181' title='bbox 1905 1834 2076 1887; x_wconf 88' lang='lat' dir='ltr'><strong>armis</strong></span> <span class='ocrx_word' id='word_1_182' title='bbox 2106 1834 2246 1885; x_wconf 80' lang='lat' dir='ltr'><strong>inter</strong></span> <span class='ocrx_word' id='word_1_183' title='bbox 2280 1848 2338 1886; x_wconf 85' lang='lat' dir='ltr'><strong>se</strong></span> <span class='ocrx_word' id='word_1_184' title='bbox 2373 1828 2415 1881; x_wconf 86' lang='grc' dir='ltr'><strong><em>Β</em></strong></span> 
     </span>
    </p>
   </div>
   <div class='ocr_carea' id='block_1_31' title="bbox 2367 1828 4028 1909">
    <p class='ocr_par' dir='ltr' id='par_1_31' title="bbox 2373 1828 4028 1904">
     <span class='ocr_line' id='line_1_31' title="bbox 2373 1828 4028 1904; baseline 0.003 -23"><span class='ocrx_word' id='word_1_185' title='bbox 2373 1828 2415 1881; x_wconf 86' lang='grc' dir='ltr'><strong><em>Β</em></strong></span> <span class='ocrx_word' id='word_1_186' title='bbox 2446 1832 2614 1902; x_wconf 81' lang='grc' dir='ltr'>μένης</span> <span class='ocrx_word' id='word_1_187' title='bbox 2658 1833 2805 1898; x_wconf 83' lang='grc' dir='ltr'>Θέας,</span> <span class='ocrx_word' id='word_1_188' title='bbox 2845 1835 3159 1904; x_wconf 73' lang='grc' dir='ltr'>εἰσελήλυθε</span> <span class='ocrx_word' id='word_1_189' title='bbox 3215 1838 3309 1888; x_wconf 76' lang='grc' dir='ltr'><strong>καὶ</strong></span> <span class='ocrx_word' id='word_1_190' title='bbox 3346 1837 3505 1899; x_wconf 75' lang='grc' dir='ltr'>αὐτὸς</span> <span class='ocrx_word' id='word_1_191' title='bbox 3561 1839 3642 1899; x_wconf 85' lang='grc' dir='ltr'><strong>είς</strong></span> <span class='ocrx_word' id='word_1_192' title='bbox 3685 1836 3743 1888; x_wconf 74' lang='grc' dir='ltr'><strong>τὸ</strong></span> <span class='ocrx_word' id='word_1_193' title='bbox 3790 1836 4028 1901; x_wconf 86' lang='grc' dir='ltr'>στάδιον,</span> 
     </span>
    </p>
   </div>
   <div class='ocr_carea' id='block_1_32' title="bbox 766 1922 2337 1999">
    <p class='ocr_par' dir='ltr' id='par_1_32' title="bbox 766 1922 2337 1999">
     <span class='ocr_line' id='line_1_32' title="bbox 766 1922 2337 1999; baseline -0.004 -17"><span class='ocrx_word' id='word_1_194' title='bbox 766 1938 1077 1999; x_wconf 85' lang='lat' dir='ltr'><strong>pugnantes</strong></span> <span class='ocrx_word' id='word_1_195' title='bbox 1118 1941 1467 1994; x_wconf 81' lang='lat' dir='ltr'><strong>compescere</strong></span> <span class='ocrx_word' id='word_1_196' title='bbox 1497 1934 1728 1978; x_wconf 84' lang='lat' dir='ltr'><strong>conatus</strong></span> <span class='ocrx_word' id='word_1_197' title='bbox 1748 1935 1850 1977; x_wconf 87' lang='lat' dir='ltr'><strong>est.</strong></span> <span class='ocrx_word' id='word_1_198' title='bbox 1884 1922 2038 1988; x_wconf 87' lang='lat' dir='ltr'><strong>Quod</strong></span> <span class='ocrx_word' id='word_1_199' title='bbox 2069 1925 2337 1993; x_wconf 77' lang='lat' dir='ltr'><strong>indignati</strong></span> 
     </span>
    </p>
   </div>
   <div class='ocr_carea' id='block_1_33' title="bbox 765 2014 2340 2083">
    <p class='ocr_par' dir='ltr' id='par_1_33' title="bbox 765 2014 2340 2083">
     <span class='ocr_line' id='line_1_33' title="bbox 765 2014 2340 2083; baseline -0.004 -11"><span class='ocrx_word' id='word_1_200' title='bbox 765 2026 1006 2072; x_wconf 68' lang='lat' dir='ltr'><strong>cruentze</strong></span> <span class='ocrx_word' id='word_1_201' title='bbox 1031 2017 1196 2070; x_wconf 64' lang='lat' dir='ltr'><strong>caedis</strong></span> <span class='ocrx_word' id='word_1_202' title='bbox 1224 2023 1585 2083; x_wconf 84' lang='lat' dir='ltr'><strong>spectatores,</strong></span> <span class='ocrx_word' id='word_1_203' title='bbox 1619 2014 1994 2081; x_wconf 79' lang='lat' dir='ltr'><strong>damiouisque</strong></span> <span class='ocrx_word' id='word_1_204' title='bbox 2017 2052 2031 2075; x_wconf 88' lang='lat'><strong>,</strong></span> <span class='ocrx_word' id='word_1_205' title='bbox 2064 2014 2157 2081; x_wconf 89' lang='lat' dir='ltr'><strong>qui</strong></span> <span class='ocrx_word' id='word_1_206' title='bbox 2211 2028 2340 2065; x_wconf 85' lang='lat' dir='ltr'><strong>san-</strong></span> 
     </span>
    </p>
   </div>
   <div class='ocr_carea' id='block_1_34' title="bbox 765 2106 2337 2182">
    <p class='ocr_par' dir='ltr' id='par_1_34' title="bbox 765 2106 2337 2182">
     <span class='ocr_line' id='line_1_34' title="bbox 765 2106 2337 2182; baseline -0.004 -17"><span class='ocrx_word' id='word_1_207' title='bbox 765 2113 931 2182; x_wconf 79' lang='lat' dir='ltr'><strong>guine</strong></span> <span class='ocrx_word' id='word_1_208' title='bbox 966 2111 1057 2163; x_wconf 87' lang='lat' dir='ltr'><strong>illo</strong></span> <span class='ocrx_word' id='word_1_209' title='bbox 1086 2109 1484 2169; x_wconf 86' lang='lat' dir='ltr'><strong>delectabatur,</strong></span> <span class='ocrx_word' id='word_1_210' title='bbox 1522 2106 1705 2158; x_wconf 81' lang='lat' dir='ltr'><strong>furore</strong></span> <span class='ocrx_word' id='word_1_211' title='bbox 1756 2106 1990 2173; x_wconf 88' lang='lat' dir='ltr'><strong>perciti,</strong></span> <span class='ocrx_word' id='word_1_212' title='bbox 2037 2106 2187 2174; x_wconf 80' lang='lat' dir='ltr'><strong>pacis</strong></span> <span class='ocrx_word' id='word_1_213' title='bbox 2241 2120 2337 2158; x_wconf 88' lang='lat' dir='ltr'><strong>au-</strong></span> 
     </span>
    </p>
   </div>
   <div class='ocr_carea' id='block_1_35' title="bbox 766 2196 2338 2269">
    <p class='ocr_par' dir='ltr' id='par_1_35' title="bbox 766 2196 2338 2269">
     <span class='ocr_line' id='line_1_35' title="bbox 766 2196 2338 2269; baseline -0.005 -10"><span class='ocrx_word' id='word_1_214' title='bbox 766 2218 971 2259; x_wconf 82' lang='lat' dir='ltr'><strong>elorem</strong></span> <span class='ocrx_word' id='word_1_215' title='bbox 1005 2201 1277 2269; x_wconf 81' lang='lat' dir='ltr'><strong>lapidibus</strong></span> <span class='ocrx_word' id='word_1_216' title='bbox 1318 2200 1643 2251; x_wconf 85' lang='lat' dir='ltr'><strong>obruerunt.</strong></span> <span class='ocrx_word' id='word_1_217' title='bbox 1680 2196 1757 2253; x_wconf 80' lang='lat' dir='ltr'><strong>Re</strong></span> <span class='ocrx_word' id='word_1_218' title='bbox 1793 2198 2013 2264; x_wconf 83' lang='lat' dir='ltr'><strong>cognita</strong></span> <span class='ocrx_word' id='word_1_219' title='bbox 2045 2196 2338 2252; x_wconf 86' lang='lat' dir='ltr'><strong>laudabilis</strong></span> 
     </span>
    </p>
   </div>
   <div class='ocr_carea' id='block_1_36' title="bbox 767 2289 2339 2362">
    <p class='ocr_par' dir='ltr' id='par_1_36' title="bbox 767 2289 2339 2362">
     <span class='ocr_line' id='line_1_36' title="bbox 767 2289 2339 2362; baseline -0.003 -14"><span class='ocrx_word' id='word_1_220' title='bbox 767 2294 1085 2362; x_wconf 81' lang='lat' dir='ltr'><strong>imperator,</strong></span> <span class='ocrx_word' id='word_1_221' title='bbox 1121 2298 1177 2345; x_wconf 88' lang='lat' dir='ltr'><strong>et</strong></span> <span class='ocrx_word' id='word_1_222' title='bbox 1212 2290 1361 2342; x_wconf 90' lang='lat' dir='ltr'><strong>illum</strong></span> <span class='ocrx_word' id='word_1_223' title='bbox 1404 2289 1733 2343; x_wconf 84' lang='lat' dir='ltr'><strong>invictorum</strong></span> <span class='ocrx_word' id='word_1_224' title='bbox 1770 2296 2071 2358; x_wconf 81' lang='lat' dir='ltr'><strong>martyrum</strong></span> <span class='ocrx_word' id='word_1_225' title='bbox 2111 2304 2339 2343; x_wconf 86' lang='lat' dir='ltr'><strong>numero</strong></span> 
     </span>
    </p>
   </div>
   <div class='ocr_carea' id='block_1_37' title="bbox 767 2380 2338 2453">
    <p class='ocr_par' dir='ltr' id='par_1_37' title="bbox 767 2380 2338 2453">
     <span class='ocr_line' id='line_1_37' title="bbox 767 2380 2338 2453; baseline -0.004 -12"><span class='ocrx_word' id='word_1_226' title='bbox 767 2385 1058 2453; x_wconf 84' lang='lat' dir='ltr'><strong>ascripsit,</strong></span> <span class='ocrx_word' id='word_1_227' title='bbox 1094 2392 1148 2437; x_wconf 90' lang='lat' dir='ltr'><strong>et</strong></span> <span class='ocrx_word' id='word_1_228' title='bbox 1184 2380 1451 2436; x_wconf 78' lang='lat' dir='ltr'><strong>nefarium</strong></span> <span class='ocrx_word' id='word_1_229' title='bbox 1486 2380 1787 2449; x_wconf 86' lang='lat' dir='ltr'><strong>spectaculi</strong></span> <span class='ocrx_word' id='word_1_230' title='bbox 1820 2395 1997 2450; x_wconf 88' lang='lat' dir='ltr'><strong>genus</strong></span> <span class='ocrx_word' id='word_1_231' title='bbox 2029 2380 2338 2435; x_wconf 76' lang='lat' dir='ltr'><strong>interdixit.</strong></span> 
     </span>
    </p>
   </div>
   <div class='ocr_carea' id='block_1_38' title="bbox 912 2641 2208 2719">
    <p class='ocr_par' dir='ltr' id='par_1_38' title="bbox 912 2641 2208 2719">
     <span class='ocr_line' id='line_1_38' title="bbox 912 2641 2208 2719; baseline -0.003 -18"><span class='ocrx_word' id='word_1_232' title='bbox 912 2648 1128 2719; x_wconf 72' lang='lat'><strong>1033</strong></span> <span class='ocrx_word' id='word_1_233' title='bbox 1154 2645 1308 2701; x_wconf 83' lang='lat' dir='ltr'><strong>CAP.</strong></span> <span class='ocrx_word' id='word_1_234' title='bbox 1348 2643 1558 2699; x_wconf 78' lang='lat' dir='ltr'><strong>xxv&quot;.</strong></span> <span class='ocrx_word' id='word_1_235' title='bbox 1604 2644 1688 2716; x_wconf 76' lang='grc' dir='ltr'>[Β.</span> <span class='ocrx_word' id='word_1_236' title='bbox 1726 2642 1807 2699; x_wconf 86' lang='lat' dir='ltr'><strong>St.</strong></span> <span class='ocrx_word' id='word_1_237' title='bbox 1848 2644 1909 2699; x_wconf 90' lang='lat' dir='ltr'><strong>v.</strong></span> <span class='ocrx_word' id='word_1_238' title='bbox 1936 2643 2036 2699; x_wconf 77' lang='lat' dir='ltr'><strong>cn.</strong></span> <span class='ocrx_word' id='word_1_239' title='bbox 2066 2641 2208 2717; x_wconf 75' lang='lat'><strong>27.]</strong></span> 
     </span>
    </p>
   </div>
   <div class='ocr_carea' id='block_1_39' title="bbox 840 2736 2270 2805">
    <p class='ocr_par' dir='ltr' id='par_1_39' title="bbox 840 2736 2270 2805">
     <span class='ocr_line' id='line_1_39' title="bbox 840 2736 2270 2805; baseline -0.005 -10"><span class='ocrx_word' id='word_1_240' title='bbox 840 2740 917 2795; x_wconf 81' lang='lat' dir='ltr'><strong>De</strong></span> <span class='ocrx_word' id='word_1_241' title='bbox 951 2740 1169 2793; x_wconf 75' lang='lat' dir='ltr'><strong>Arcadii</strong></span> <span class='ocrx_word' id='word_1_242' title='bbox 1219 2739 1556 2805; x_wconf 80' lang='lat' dir='ltr'><strong>imperatoris</strong></span> <span class='ocrx_word' id='word_1_243' title='bbox 1604 2740 1797 2802; x_wconf 75' lang='lat' dir='ltr'><strong>pietate</strong></span> <span class='ocrx_word' id='word_1_244' title='bbox 1833 2748 1880 2791; x_wconf 83' lang='lat' dir='ltr'><strong>et</strong></span> <span class='ocrx_word' id='word_1_245' title='bbox 1930 2736 2270 2790; x_wconf 80' lang='lat' dir='ltr'><strong>ordinatione</strong></span> 
     </span>
    </p>
   </div>
   <div class='ocr_carea' id='block_1_40' title="bbox 1226 2805 1883 2875">
    <p class='ocr_par' dir='ltr' id='par_1_40' title="bbox 1226 2805 1883 2875">
     <span class='ocr_line' id='line_1_40' title="bbox 1226 2805 1883 2875; baseline -0.002 -15"><span class='ocrx_word' id='word_1_246' title='bbox 1226 2806 1449 2861; x_wconf 80' lang='lat' dir='ltr'><strong>Joannis</strong></span> <span class='ocrx_word' id='word_1_247' title='bbox 1500 2805 1883 2875; x_wconf 80' lang='lat' dir='ltr'><strong>Chrysostomi.</strong></span> 
     </span>
    </p>
   </div>
   <div class='ocr_carea' id='block_1_41' title="bbox 840 2894 2342 2967">
    <p class='ocr_par' dir='ltr' id='par_1_41' title="bbox 840 2894 2342 2967">
     <span class='ocr_line' id='line_1_41' title="bbox 840 2894 2342 2967; baseline -0.005 -11"><span class='ocrx_word' id='word_1_248' title='bbox 840 2899 1318 2967; x_wconf 83' lang='lat' dir='ltr'><strong>Constantinopoli</strong></span> <span class='ocrx_word' id='word_1_249' title='bbox 1376 2906 1582 2959; x_wconf 90' lang='lat' dir='ltr'><strong>autem,</strong></span> <span class='ocrx_word' id='word_1_250' title='bbox 1631 2906 1850 2951; x_wconf 89' lang='lat' dir='ltr'><strong>mortuo</strong></span> <span class='ocrx_word' id='word_1_251' title='bbox 1916 2895 2192 2961; x_wconf 87' lang='lat' dir='ltr'><strong>Nectario,</strong></span> <span class='ocrx_word' id='word_1_252' title='bbox 2247 2894 2342 2965; x_wconf 88' lang='lat' dir='ltr'><strong>qui</strong></span> 
     </span>
    </p>
   </div>
   <div class='ocr_carea' id='block_1_42' title="bbox 772 2988 2341 3059">
    <p class='ocr_par' dir='ltr' id='par_1_42' title="bbox 772 2988 2341 3059">
     <span class='ocr_line' id='line_1_42' title="bbox 772 2988 2341 3059; baseline -0.003 -12"><span class='ocrx_word' id='word_1_253' title='bbox 772 2993 1070 3047; x_wconf 70' lang='lat' dir='ltr'><strong>Ecclesium</strong></span> <span class='ocrx_word' id='word_1_254' title='bbox 1100 2991 1244 3043; x_wconf 89' lang='lat' dir='ltr'><strong>illam</strong></span> <span class='ocrx_word' id='word_1_255' title='bbox 1279 2989 1633 3059; x_wconf 75' lang='lat' dir='ltr'><strong>gubernaret,</strong></span> <span class='ocrx_word' id='word_1_256' title='bbox 1669 2988 1960 3053; x_wconf 87' lang='lat' dir='ltr'><strong>Arcadius,</strong></span> <span class='ocrx_word' id='word_1_257' title='bbox 1988 2989 2075 3041; x_wconf 87' lang='lat' dir='ltr'><strong>cui</strong></span> <span class='ocrx_word' id='word_1_258' title='bbox 2123 2989 2341 3057; x_wconf 90' lang='lat' dir='ltr'><strong>imperii</strong></span> 
     </span>
    </p>
   </div>
   <div class='ocr_carea' id='block_1_43' title="bbox 773 3077 2343 3157">
    <p class='ocr_par' dir='ltr' id='par_1_43' title="bbox 773 3077 2343 3157">
     <span class='ocr_line' id='line_1_43' title="bbox 773 3077 2343 3157; baseline -0.003 -19"><span class='ocrx_word' id='word_1_259' title='bbox 773 3102 901 3157; x_wconf 88' lang='lat' dir='ltr'><strong>pars</strong></span> <span class='ocrx_word' id='word_1_260' title='bbox 934 3084 1023 3137; x_wconf 91' lang='lat' dir='ltr'><strong>illa</strong></span> <span class='ocrx_word' id='word_1_261' title='bbox 1056 3082 1371 3141; x_wconf 83' lang='lat' dir='ltr'><strong>obvenerat,</strong></span> <span class='ocrx_word' id='word_1_262' title='bbox 1400 3095 1523 3132; x_wconf 84' lang='lat' dir='ltr'><strong>cum</strong></span> <span class='ocrx_word' id='word_1_263' title='bbox 1552 3077 1842 3144; x_wconf 86' lang='lat' dir='ltr'><strong>Joannem,</strong></span> <span class='ocrx_word' id='word_1_264' title='bbox 1878 3094 2133 3149; x_wconf 89' lang='lat' dir='ltr'><strong>magnum</strong></span> <span class='ocrx_word' id='word_1_265' title='bbox 2160 3081 2343 3133; x_wconf 89' lang='lat' dir='ltr'><strong>lumen</strong></span> 
     </span>
    </p>
   </div>
   <div class='ocr_carea' id='block_1_44' title="bbox 2447 1924 4034 1995">
    <p class='ocr_par' dir='ltr' id='par_1_44' title="bbox 2447 1924 4034 1995">
     <span class='ocr_line' id='line_1_44' title="bbox 2447 1924 4034 1995; baseline 0 -19"><span class='ocrx_word' id='word_1_266' title='bbox 2447 1924 2542 1976; x_wconf 71' lang='grc' dir='ltr'><strong>καὶ</strong></span> <span class='ocrx_word' id='word_1_267' title='bbox 2578 1924 2822 1987; x_wconf 78' lang='grc' dir='ltr'>καταϐὰς</span> <span class='ocrx_word' id='word_1_268' title='bbox 2858 1925 3051 1978; x_wconf 90' lang='grc' dir='ltr'>παύειν</span> <span class='ocrx_word' id='word_1_269' title='bbox 3076 1928 3333 1995; x_wconf 75' lang='grc' dir='ltr'>ἐπειρᾶτο</span> <span class='ocrx_word' id='word_1_270' title='bbox 3366 1927 3491 1988; x_wconf 73' lang='grc' dir='ltr'>τοὺς</span> <span class='ocrx_word' id='word_1_271' title='bbox 3522 1928 3641 1977; x_wconf 81' lang='grc' dir='ltr'>κατ’</span> <span class='ocrx_word' id='word_1_272' title='bbox 3668 1926 3921 1994; x_wconf 81' lang='grc' dir='ltr'>ἀλλήλων</span> <span class='ocrx_word' id='word_1_273' title='bbox 3946 1942 4034 1976; x_wconf 86' lang='grc' dir='ltr'>κε-</span> 
     </span>
    </p>
   </div>
   <div class='ocr_carea' id='block_1_45' title="bbox 2452 2015 4035 2087">
    <p class='ocr_par' dir='ltr' id='par_1_45' title="bbox 2452 2015 4035 2087">
     <span class='ocr_line' id='line_1_45' title="bbox 2452 2015 4035 2087; baseline -0.011 -2"><span class='ocrx_word' id='word_1_274' title='bbox 2452 2015 2761 2085; x_wconf 80' lang='grc' dir='ltr'>χρημένους</span> <span class='ocrx_word' id='word_1_275' title='bbox 2798 2018 2910 2079; x_wconf 82' lang='grc' dir='ltr'>τοῖς</span> <span class='ocrx_word' id='word_1_276' title='bbox 2950 2016 3154 2079; x_wconf 79' lang='grc' dir='ltr'>ὅπλοις.</span> <span class='ocrx_word' id='word_1_277' title='bbox 3185 2016 3297 2085; x_wconf 80' lang='grc' dir='ltr'><strong>Τῆς</strong></span> <span class='ocrx_word' id='word_1_278' title='bbox 3330 2018 3387 2069; x_wconf 83' lang='grc' dir='ltr'>δὲ</span> <span class='ocrx_word' id='word_1_279' title='bbox 3421 2018 3732 2087; x_wconf 75' lang='grc' dir='ltr'>μιαιφονίας</span> <span class='ocrx_word' id='word_1_280' title='bbox 3758 2018 3808 2069; x_wconf 86' lang='grc' dir='ltr'><strong>οἰ</strong></span> <span class='ocrx_word' id='word_1_281' title='bbox 3840 2016 4035 2068; x_wconf 71' lang='grc' dir='ltr'>θεαταὶ</span> 
     </span>
    </p>
   </div>
   <div class='ocr_carea' id='block_1_46' title="bbox 2448 2103 4033 2175">
    <p class='ocr_par' dir='ltr' id='par_1_46' title="bbox 2448 2103 4033 2175">
     <span class='ocr_line' id='line_1_46' title="bbox 2448 2103 4033 2175; baseline -0.001 -18"><span class='ocrx_word' id='word_1_282' title='bbox 2448 2107 2874 2175; x_wconf 79' lang='grc' dir='ltr'>χαλεπήναντες,</span> <span class='ocrx_word' id='word_1_283' title='bbox 2899 2104 2993 2157; x_wconf 76' lang='grc' dir='ltr'>καὶ</span> <span class='ocrx_word' id='word_1_284' title='bbox 3017 2103 3109 2157; x_wconf 82' lang='grc' dir='ltr'>τοῦ</span> <span class='ocrx_word' id='word_1_285' title='bbox 3160 2108 3273 2168; x_wconf 89' lang='grc' dir='ltr'>τοῖς</span> <span class='ocrx_word' id='word_1_286' title='bbox 3299 2106 3521 2175; x_wconf 82' lang='grc' dir='ltr'>αἴμασιν</span> <span class='ocrx_word' id='word_1_287' title='bbox 3551 2106 3777 2167; x_wconf 79' lang='grc' dir='ltr'>ἐκείνοις</span> <span class='ocrx_word' id='word_1_288' title='bbox 3811 2108 4033 2174; x_wconf 78' lang='grc' dir='ltr'>ἐπιτερ-</span> 
     </span>
    </p>
   </div>
   <div class='ocr_carea' id='block_1_47' title="bbox 2446 2195 4034 2267">
    <p class='ocr_par' dir='ltr' id='par_1_47' title="bbox 2446 2195 4034 2267">
     <span class='ocr_line' id='line_1_47' title="bbox 2446 2195 4034 2267; baseline -0.001 -18"><span class='ocrx_word' id='word_1_289' title='bbox 2446 2198 2681 2267; x_wconf 82' lang='grc' dir='ltr'>πομένον</span> <span class='ocrx_word' id='word_1_290' title='bbox 2723 2196 2973 2266; x_wconf 89' lang='grc' dir='ltr'>δαίμονος</span> <span class='ocrx_word' id='word_1_291' title='bbox 3022 2195 3393 2265; x_wconf 79' lang='grc' dir='ltr'>εἰσδεξάμενοι</span> <span class='ocrx_word' id='word_1_292' title='bbox 3436 2196 3535 2266; x_wconf 87' lang='grc' dir='ltr'>τὴν</span> <span class='ocrx_word' id='word_1_293' title='bbox 3570 2197 3849 2266; x_wconf 85' lang='grc' dir='ltr'>βακχείαν.</span> <span class='ocrx_word' id='word_1_294' title='bbox 3904 2212 4034 2247; x_wconf 83' lang='grc' dir='ltr'>κατ·</span> 
     </span>
    </p>
   </div>
   <div class='ocr_carea' id='block_1_48' title="bbox 2446 2284 4033 2357">
    <p class='ocr_par' dir='ltr' id='par_1_48' title="bbox 2446 2284 4033 2357">
     <span class='ocr_line' id='line_1_48' title="bbox 2446 2284 4033 2357; baseline -0.003 -17"><span class='ocrx_word' id='word_1_295' title='bbox 2446 2288 2669 2341; x_wconf 85' lang='grc' dir='ltr'>έλευσαν</span> <span class='ocrx_word' id='word_1_296' title='bbox 2722 2287 2821 2357; x_wconf 80' lang='grc' dir='ltr'>τῆς</span> <span class='ocrx_word' id='word_1_297' title='bbox 2868 2286 3089 2356; x_wconf 78' lang='grc' dir='ltr'>εἰρήνης</span> <span class='ocrx_word' id='word_1_298' title='bbox 3116 2287 3205 2339; x_wconf 79' lang='grc' dir='ltr'>τὸν</span> <span class='ocrx_word' id='word_1_299' title='bbox 3236 2286 3520 2357; x_wconf 85' lang='grc' dir='ltr'>πρύτανιν.</span> <span class='ocrx_word' id='word_1_300' title='bbox 3567 2286 3737 2340; x_wconf 80' lang='grc' dir='ltr'>Τοῦτο</span> <span class='ocrx_word' id='word_1_301' title='bbox 3784 2284 3975 2355; x_wconf 85' lang='grc' dir='ltr'>μαθὼν</span> <span class='ocrx_word' id='word_1_302' title='bbox 4003 2285 4033 2336; x_wconf 88' lang='grc' dir='ltr'><strong>ό</strong></span> 
     </span>
    </p>
   </div>
   <div class='ocr_carea' id='block_1_49' title="bbox 2447 2377 4037 2448">
    <p class='ocr_par' dir='ltr' id='par_1_49' title="bbox 2447 2377 4037 2448">
     <span class='ocr_line' id='line_1_49' title="bbox 2447 2377 4037 2448; baseline -0.003 -16"><span class='ocrx_word' id='word_1_303' title='bbox 2447 2377 2758 2448; x_wconf 74' lang='grc' dir='ltr'>Θαυμαστὸς</span> <span class='ocrx_word' id='word_1_304' title='bbox 2808 2377 3080 2447; x_wconf 81' lang='grc' dir='ltr'>βασιλεὺς,</span> <span class='ocrx_word' id='word_1_305' title='bbox 3126 2377 3216 2430; x_wconf 75' lang='grc' dir='ltr'>τὸν</span> <span class='ocrx_word' id='word_1_306' title='bbox 3269 2378 3367 2448; x_wconf 84' lang='grc' dir='ltr'>μὲν</span> <span class='ocrx_word' id='word_1_307' title='bbox 3394 2381 3506 2441; x_wconf 83' lang='grc' dir='ltr'>τοῖς</span> <span class='ocrx_word' id='word_1_308' title='bbox 3554 2378 3870 2447; x_wconf 73' lang='grc' dir='ltr'>νικηφόροις</span> <span class='ocrx_word' id='word_1_309' title='bbox 3907 2392 4037 2428; x_wconf 77' lang='grc' dir='ltr'>συν-</span> 
     </span>
    </p>
   </div>
   <div class='ocr_carea' id='block_1_50' title="bbox 2444 2468 4037 2542">
    <p class='ocr_par' dir='ltr' id='par_1_50' title="bbox 2444 2468 4037 2542">
     <span class='ocr_line' id='line_1_50' title="bbox 2444 2468 4037 2542; baseline -0.002 -20"><span class='ocrx_word' id='word_1_310' title='bbox 2444 2470 2717 2542; x_wconf 82' lang='grc' dir='ltr'>ηρίθμησε</span> <span class='ocrx_word' id='word_1_311' title='bbox 2776 2468 3036 2541; x_wconf 82' lang='grc' dir='ltr'>μάρτυσι,</span> <span class='ocrx_word' id='word_1_312' title='bbox 3076 2468 3174 2540; x_wconf 79' lang='grc' dir='ltr'>τὴν</span> <span class='ocrx_word' id='word_1_313' title='bbox 3198 2469 3254 2522; x_wconf 83' lang='grc' dir='ltr'>δὲ</span> <span class='ocrx_word' id='word_1_314' title='bbox 3311 2469 3552 2541; x_wconf 79' lang='grc' dir='ltr'>πονηρὰν</span> <span class='ocrx_word' id='word_1_315' title='bbox 3581 2469 3790 2539; x_wconf 71' lang='grc' dir='ltr'>εκείνην</span> <span class='ocrx_word' id='word_1_316' title='bbox 3828 2468 4037 2520; x_wconf 74' lang='grc' dir='ltr'>ἔπαυσε</span> 
     </span>
    </p>
   </div>
   <div class='ocr_carea' id='block_1_51' title="bbox 2448 2562 2704 2634">
    <p class='ocr_par' dir='ltr' id='par_1_51' title="bbox 2448 2562 2704 2634">
     <span class='ocr_line' id='line_1_51' title="bbox 2448 2562 2704 2634; baseline 0.004 -19"><span class='ocrx_word' id='word_1_317' title='bbox 2448 2562 2704 2634; x_wconf 79' lang='grc' dir='ltr'>θεωρίαν.</span> 
     </span>
    </p>
   </div>
   <div class='ocr_carea' id='block_1_52' title="bbox 2941 2649 3536 2723">
    <p class='ocr_par' dir='ltr' id='par_1_52' title="bbox 2941 2649 3536 2723">
     <span class='ocr_line' id='line_1_52' title="bbox 2941 2649 3536 2723; baseline 0.003 -20"><span class='ocrx_word' id='word_1_318' title='bbox 2941 2649 3097 2723; x_wconf 71' lang='lat'><strong>[235]</strong></span> <span class='ocrx_word' id='word_1_319' title='bbox 3128 2651 3376 2704; x_wconf 79' lang='grc' dir='ltr'>ΚΕΦΔΛ.</span> <span class='ocrx_word' id='word_1_320' title='bbox 3409 2653 3536 2705; x_wconf 86' lang='lat' dir='ltr'><strong>KZ&#39;.</strong></span> 
     </span>
    </p>
   </div>
   <div class='ocr_carea' id='block_1_53' title="bbox 2451 2740 4038 2811">
    <p class='ocr_par' dir='ltr' id='par_1_53' title="bbox 2451 2740 4038 2811">
     <span class='ocr_line' id='line_1_53' title="bbox 2451 2740 4038 2811; baseline -0.003 -16"><span class='ocrx_word' id='word_1_321' title='bbox 2451 2740 2587 2811; x_wconf 81' lang='grc' dir='ltr'>Περὶ</span> <span class='ocrx_word' id='word_1_322' title='bbox 2643 2740 3112 2811; x_wconf 15' lang='grc' dir='ltr'>τῆςνἋρκαδίου</span> <span class='ocrx_word' id='word_1_323' title='bbox 3172 2740 3279 2794; x_wconf 85' lang='grc' dir='ltr'>τοῦ</span> <span class='ocrx_word' id='word_1_324' title='bbox 3331 2740 3638 2807; x_wconf 74' lang='grc' dir='ltr'>βασιλέως</span> <span class='ocrx_word' id='word_1_325' title='bbox 3700 2742 4038 2808; x_wconf 69' lang='grc' dir='ltr'>εὐσεϐείας,</span> 
     </span>
    </p>
   </div>
   <div class='ocr_carea' id='block_1_54' title="bbox 2519 2810 3957 2879">
    <p class='ocr_par' dir='ltr' id='par_1_54' title="bbox 2519 2810 3957 2879">
     <span class='ocr_line' id='line_1_54' title="bbox 2519 2810 3957 2879; baseline -0.001 -15"><span class='ocrx_word' id='word_1_326' title='bbox 2519 2810 2618 2865; x_wconf 67' lang='grc' dir='ltr'><strong>καί</strong></span> <span class='ocrx_word' id='word_1_327' title='bbox 2662 2810 2937 2863; x_wconf 78' lang='grc' dir='ltr'>Ἰωάννου</span> <span class='ocrx_word' id='word_1_328' title='bbox 2967 2810 3072 2863; x_wconf 85' lang='grc' dir='ltr'>τοῦ</span> <span class='ocrx_word' id='word_1_329' title='bbox 3101 2812 3534 2878; x_wconf 82' lang='grc' dir='ltr'>Χρυσοστόμου</span> <span class='ocrx_word' id='word_1_330' title='bbox 3566 2811 3957 2879; x_wconf 75' lang='grc' dir='ltr'>χειροτονίας.</span> 
     </span>
    </p>
   </div>
   <div class='ocr_carea' id='block_1_55' title="bbox 2532 2899 4043 2971">
    <p class='ocr_par' dir='ltr' id='par_1_55' title="bbox 2532 2899 4043 2971">
     <span class='ocr_line' id='line_1_55' title="bbox 2532 2899 4043 2971; baseline -0.001 -18"><span class='ocrx_word' id='word_1_331' title='bbox 2532 2902 2621 2953; x_wconf 87' lang='grc' dir='ltr'><strong>Ἐν</strong></span> <span class='ocrx_word' id='word_1_332' title='bbox 2650 2901 2705 2954; x_wconf 85' lang='grc' dir='ltr'>δὲ</span> <span class='ocrx_word' id='word_1_333' title='bbox 2725 2899 3311 2961; x_wconf 83' lang='grc' dir='ltr'>Κωνσταντινουπόλει,</span> <span class='ocrx_word' id='word_1_334' title='bbox 3344 2900 3647 2969; x_wconf 85' lang='grc' dir='ltr'>Νεκταρίου</span> <span class='ocrx_word' id='word_1_335' title='bbox 3676 2900 4043 2971; x_wconf 67' lang='grc' dir='ltr'>τελευτήσειν.</span> 
     </span>
    </p>
   </div>
   <div class='ocr_carea' id='block_1_56' title="bbox 2448 2990 4043 3062">
    <p class='ocr_par' dir='ltr' id='par_1_56' title="bbox 2448 2990 4043 3062">
     <span class='ocr_line' id='line_1_56' title="bbox 2448 2990 4043 3062; baseline -0.001 -17"><span class='ocrx_word' id='word_1_336' title='bbox 2448 3010 2560 3055; x_wconf 77' lang='grc' dir='ltr'>τος,</span> <span class='ocrx_word' id='word_1_337' title='bbox 2602 2993 2661 3054; x_wconf 80' lang='grc' dir='ltr'>ὃς</span> <span class='ocrx_word' id='word_1_338' title='bbox 2701 2992 2799 3062; x_wconf 80' lang='grc' dir='ltr'>τὴν</span> <span class='ocrx_word' id='word_1_339' title='bbox 2870 2990 3197 3059; x_wconf 77' lang='grc' dir='ltr'>Ἐκκλησίαν</span> <span class='ocrx_word' id='word_1_340' title='bbox 3276 2990 3491 3060; x_wconf 77' lang='grc' dir='ltr'>ἐκείνην</span> <span class='ocrx_word' id='word_1_341' title='bbox 3543 2992 3857 3061; x_wconf 82' lang='grc' dir='ltr'>ἑποίμανεν,</span> <span class='ocrx_word' id='word_1_342' title='bbox 3914 2993 4043 3062; x_wconf 80' lang='grc' dir='ltr'><strong>Ἀρ-</strong></span> 
     </span>
    </p>
   </div>
   <div class='ocr_carea' id='block_1_57' title="bbox 2450 3081 4039 3154">
    <p class='ocr_par' dir='ltr' id='par_1_57' title="bbox 2450 3081 4039 3154">
     <span class='ocr_line' id='line_1_57' title="bbox 2450 3081 4039 3154; baseline 0 -17"><span class='ocrx_word' id='word_1_343' title='bbox 2450 3085 2634 3146; x_wconf 81' lang='grc' dir='ltr'>κάδιος</span> <span class='ocrx_word' id='word_1_344' title='bbox 2674 3085 2702 3136; x_wconf 84' lang='grc' dir='ltr'>ὁ</span> <span class='ocrx_word' id='word_1_345' title='bbox 2728 3084 2931 3152; x_wconf 88' lang='grc' dir='ltr'>ταύτην</span> <span class='ocrx_word' id='word_1_346' title='bbox 2966 3081 3162 3135; x_wconf 79' lang='grc' dir='ltr'>ἰθύνειν</span> <span class='ocrx_word' id='word_1_347' title='bbox 3189 3082 3285 3152; x_wconf 80' lang='grc' dir='ltr'>τὴν</span> <span class='ocrx_word' id='word_1_348' title='bbox 3314 3083 3586 3152; x_wconf 82' lang='grc' dir='ltr'>βασιλείαν</span> <span class='ocrx_word' id='word_1_349' title='bbox 3610 3083 3811 3153; x_wconf 87' lang='grc' dir='ltr'>λαχὼν,</span> <span class='ocrx_word' id='word_1_350' title='bbox 3841 3083 4039 3154; x_wconf 85' lang='grc' dir='ltr'>μαθὼν</span> 
     </span>
    </p>
   </div>
   <div class='ocr_carea' id='block_1_58' title="bbox 773 3168 2434 3247">
    <p class='ocr_par' dir='ltr' id='par_1_58' title="bbox 773 3168 2427 3241">
     <span class='ocr_line' id='line_1_58' title="bbox 773 3168 2427 3241; baseline -0.002 -13"><span class='ocrx_word' id='word_1_351' title='bbox 773 3176 923 3231; x_wconf 89' lang='lat' dir='ltr'><strong>orbis</strong></span> <span class='ocrx_word' id='word_1_352' title='bbox 959 3182 1252 3241; x_wconf 83' lang='lat' dir='ltr'><strong>terrarum,</strong></span> <span class='ocrx_word' id='word_1_353' title='bbox 1285 3168 1592 3223; x_wconf 70' lang='lat' dir='ltr'><strong>Antiochiae</strong></span> <span class='ocrx_word' id='word_1_354' title='bbox 1622 3171 1765 3224; x_wconf 90' lang='lat' dir='ltr'><strong>inter</strong></span> <span class='ocrx_word' id='word_1_355' title='bbox 1798 3170 2146 3239; x_wconf 84' lang='lat' dir='ltr'><strong>presbyteros</strong></span> <span class='ocrx_word' id='word_1_356' title='bbox 2188 3184 2354 3240; x_wconf 86' lang='lat' dir='ltr'><strong>eoop-</strong></span> <span class='ocrx_word' id='word_1_357' title='bbox 2382 3178 2427 3239; x_wconf 71' lang='grc' dir='ltr'><strong>(ζ</strong></span> 
     </span>
    </p>
   </div>
   <div class='ocr_carea' id='block_1_59' title="bbox 2379 3168 4040 3247">
    <p class='ocr_par' dir='ltr' id='par_1_59' title="bbox 2382 3174 4040 3247">
     <span class='ocr_line' id='line_1_59' title="bbox 2382 3174 4040 3247; baseline 0.002 -20"><span class='ocrx_word' id='word_1_358' title='bbox 2382 3178 2427 3239; x_wconf 83' lang='lat' dir='ltr'><strong><em>C</em></strong></span> <span class='ocrx_word' id='word_1_359' title='bbox 2469 3176 2725 3245; x_wconf 67' lang='grc' dir='ltr'>Ἰωάννην</span> <span class='ocrx_word' id='word_1_360' title='bbox 2784 3175 2877 3227; x_wconf 85' lang='grc' dir='ltr'>τὸν</span> <span class='ocrx_word' id='word_1_361' title='bbox 2930 3174 3103 3243; x_wconf 86' lang='grc' dir='ltr'>μέγαν</span> <span class='ocrx_word' id='word_1_362' title='bbox 3142 3174 3242 3243; x_wconf 80' lang='grc' dir='ltr'>τῆς</span> <span class='ocrx_word' id='word_1_363' title='bbox 3288 3177 3609 3245; x_wconf 77' lang='grc' dir='ltr'>οἰκουμένης</span> <span class='ocrx_word' id='word_1_364' title='bbox 3661 3180 3928 3247; x_wconf 72' lang='grc' dir='ltr'>φωστῆρα</span> <span class='ocrx_word' id='word_1_365' title='bbox 3979 3180 4040 3230; x_wconf 81' lang='grc' dir='ltr'>ὲν</span> 
     </span>
    </p>
   </div>
   <div class='ocr_carea' id='block_1_60' title="bbox 775 3261 2348 3333">
    <p class='ocr_par' dir='ltr' id='par_1_60' title="bbox 775 3261 2348 3333">
     <span class='ocr_line' id='line_1_60' title="bbox 775 3261 2348 3333; baseline -0.001 -19"><span class='ocrx_word' id='word_1_366' title='bbox 775 3279 948 3322; x_wconf 62' lang='lat' dir='ltr'><strong>ratum</strong></span> <span class='ocrx_word' id='word_1_367' title='bbox 1000 3262 1371 3333; x_wconf 74' lang='lat' dir='ltr'><strong>cognovisset,</strong></span> <span class='ocrx_word' id='word_1_368' title='bbox 1430 3261 1495 3313; x_wconf 90' lang='lat' dir='ltr'><strong>ad</strong></span> <span class='ocrx_word' id='word_1_369' title='bbox 1546 3277 1605 3315; x_wconf 89' lang='lat' dir='ltr'><strong>se</strong></span> <span class='ocrx_word' id='word_1_370' title='bbox 1655 3262 1969 3323; x_wconf 87' lang='lat' dir='ltr'><strong>accersivit,</strong></span> <span class='ocrx_word' id='word_1_371' title='bbox 2009 3270 2063 3315; x_wconf 92' lang='lat' dir='ltr'><strong>ct</strong></span> <span class='ocrx_word' id='word_1_372' title='bbox 2115 3276 2348 3331; x_wconf 87' lang='lat' dir='ltr'><strong>congre-</strong></span> 
     </span>
    </p>
   </div>
   <div class='ocr_carea' id='block_1_61' title="bbox 774 3350 2350 3431">
    <p class='ocr_par' dir='ltr' id='par_1_61' title="bbox 774 3350 2350 3431">
     <span class='ocr_line' id='line_1_61' title="bbox 774 3350 2350 3431; baseline -0.003 -21"><span class='ocrx_word' id='word_1_373' title='bbox 774 3360 917 3431; x_wconf 81' lang='lat' dir='ltr'><strong>gatis</strong></span> <span class='ocrx_word' id='word_1_374' title='bbox 944 3354 1240 3424; x_wconf 86' lang='lat' dir='ltr'><strong>episcopis</strong></span> <span class='ocrx_word' id='word_1_375' title='bbox 1296 3350 1599 3415; x_wconf 83' lang='lat' dir='ltr'><strong>mandavit,</strong></span> <span class='ocrx_word' id='word_1_376' title='bbox 1632 3358 1690 3404; x_wconf 93' lang='lat' dir='ltr'><strong>ut</strong></span> <span class='ocrx_word' id='word_1_377' title='bbox 1721 3351 1962 3404; x_wconf 85' lang='lat' dir='ltr'><strong>divinam</strong></span> <span class='ocrx_word' id='word_1_378' title='bbox 1995 3352 2350 3421; x_wconf 87' lang='lat' dir='ltr'><strong>episcopatus</strong></span> 
     </span>
    </p>
   </div>
   <div class='ocr_carea' id='block_1_62' title="bbox 774 3442 2347 3518">
    <p class='ocr_par' dir='ltr' id='par_1_62' title="bbox 774 3442 2347 3518">
     <span class='ocr_line' id='line_1_62' title="bbox 774 3442 2347 3518; baseline -0.004 -19"><span class='ocrx_word' id='word_1_379' title='bbox 774 3448 1006 3518; x_wconf 82' lang='lat' dir='ltr'><strong>gratiam</strong></span> <span class='ocrx_word' id='word_1_380' title='bbox 1039 3445 1086 3499; x_wconf 91' lang='lat' dir='ltr'><strong>ei</strong></span> <span class='ocrx_word' id='word_1_381' title='bbox 1119 3442 1455 3502; x_wconf 78' lang='lat' dir='ltr'><strong>conferrent,</strong></span> <span class='ocrx_word' id='word_1_382' title='bbox 1483 3442 1842 3511; x_wconf 60' lang='lat' dir='ltr'><strong>maximaeque</strong></span> <span class='ocrx_word' id='word_1_383' title='bbox 1882 3442 2035 3495; x_wconf 90' lang='lat' dir='ltr'><strong>urbis</strong></span> <span class='ocrx_word' id='word_1_384' title='bbox 2072 3450 2347 3511; x_wconf 83' lang='lat' dir='ltr'><strong>pastorem</strong></span> 
     </span>
    </p>
   </div>
   <div class='ocr_carea' id='block_1_63' title="bbox 777 3531 2351 3599">
    <p class='ocr_par' dir='ltr' id='par_1_63' title="bbox 777 3531 2351 3599">
     <span class='ocr_line' id='line_1_63' title="bbox 777 3531 2351 3599; baseline -0.003 -8"><span class='ocrx_word' id='word_1_385' title='bbox 777 3540 929 3591; x_wconf 88' lang='lat' dir='ltr'><strong>illum</strong></span> <span class='ocrx_word' id='word_1_386' title='bbox 976 3536 1400 3589; x_wconf 84' lang='lat' dir='ltr'><strong>constituerent.</strong></span> <span class='ocrx_word' id='word_1_387' title='bbox 1454 3531 1572 3595; x_wconf 86' lang='lat' dir='ltr'><strong>Quo</strong></span> <span class='ocrx_word' id='word_1_388' title='bbox 1600 3548 1709 3585; x_wconf 92' lang='lat' dir='ltr'><strong>uno</strong></span> <span class='ocrx_word' id='word_1_389' title='bbox 1736 3548 1798 3585; x_wconf 87' lang='lat' dir='ltr'><strong>ex</strong></span> <span class='ocrx_word' id='word_1_390' title='bbox 1833 3531 1976 3584; x_wconf 81' lang='lat' dir='ltr'><strong>facto</strong></span> <span class='ocrx_word' id='word_1_391' title='bbox 2003 3532 2351 3599; x_wconf 88' lang='lat' dir='ltr'><strong>imperatoris</strong></span> 
     </span>
    </p>
   </div>
   <div class='ocr_carea' id='block_1_64' title="bbox 775 3615 2351 3696">
    <p class='ocr_par' dir='ltr' id='par_1_64' title="bbox 775 3615 2351 3696">
     <span class='ocr_line' id='line_1_64' title="bbox 775 3615 2351 3696; baseline -0.008 -16"><span class='ocrx_word' id='word_1_392' title='bbox 775 3642 903 3696; x_wconf 82' lang='lat' dir='ltr'><strong>erga</strong></span> <span class='ocrx_word' id='word_1_393' title='bbox 958 3640 1044 3678; x_wconf 89' lang='lat' dir='ltr'><strong>res</strong></span> <span class='ocrx_word' id='word_1_394' title='bbox 1091 3623 1307 3676; x_wconf 87' lang='lat' dir='ltr'><strong>divinas</strong></span> <span class='ocrx_word' id='word_1_395' title='bbox 1348 3620 1590 3673; x_wconf 88' lang='lat' dir='ltr'><strong>stmlium</strong></span> <span class='ocrx_word' id='word_1_396' title='bbox 1642 3619 1836 3672; x_wconf 83' lang='lat' dir='ltr'><strong>eluxit.</strong></span> <span class='ocrx_word' id='word_1_397' title='bbox 1898 3616 2001 3670; x_wconf 88' lang='lat' dir='ltr'><strong>Per</strong></span> <span class='ocrx_word' id='word_1_398' title='bbox 2026 3615 2168 3670; x_wconf 88' lang='lat' dir='ltr'><strong>idem</strong></span> <span class='ocrx_word' id='word_1_399' title='bbox 2222 3629 2351 3668; x_wconf 86' lang='lat' dir='ltr'><strong>vero</strong></span> 
     </span>
    </p>
   </div>
   <div class='ocr_carea' id='block_1_65' title="bbox 778 3707 2349 3786">
    <p class='ocr_par' dir='ltr' id='par_1_65' title="bbox 778 3707 2349 3786">
     <span class='ocr_line' id='line_1_65' title="bbox 778 3707 2349 3786; baseline -0.009 -12"><span class='ocrx_word' id='word_1_400' title='bbox 778 3731 1022 3786; x_wconf 87' lang='lat' dir='ltr'><strong>tempus,</strong></span> <span class='ocrx_word' id='word_1_401' title='bbox 1092 3714 1393 3768; x_wconf 65' lang='lat' dir='ltr'><strong>Antiochiae</strong></span> <span class='ocrx_word' id='word_1_402' title='bbox 1455 3712 1675 3765; x_wconf 89' lang='lat' dir='ltr'><strong>divinus</strong></span> <span class='ocrx_word' id='word_1_403' title='bbox 1736 3716 1966 3779; x_wconf 69' lang='lat' dir='ltr'><strong>proterat</strong></span> <span class='ocrx_word' id='word_1_404' title='bbox 2033 3707 2349 3771; x_wconf 86' lang='lat' dir='ltr'><strong>Flavianus,</strong></span> 
     </span>
    </p>
   </div>
   <div class='ocr_carea' id='block_1_66' title="bbox 781 3796 2351 3872">
    <p class='ocr_par' dir='ltr' id='par_1_66' title="bbox 781 3796 2351 3872">
     <span class='ocr_line' id='line_1_66' title="bbox 781 3796 2351 3872; baseline -0.01 -7"><span class='ocrx_word' id='word_1_405' title='bbox 781 3811 1062 3865; x_wconf 69' lang='lat' dir='ltr'><strong>Laodiceae</strong></span> <span class='ocrx_word' id='word_1_406' title='bbox 1113 3817 1292 3860; x_wconf 89' lang='lat' dir='ltr'><strong>autem</strong></span> <span class='ocrx_word' id='word_1_407' title='bbox 1330 3804 1603 3872; x_wconf 75' lang='lat' dir='ltr'><strong>Elpidius,</strong></span> <span class='ocrx_word' id='word_1_408' title='bbox 1642 3802 1735 3870; x_wconf 89' lang='lat' dir='ltr'><strong>qui</strong></span> <span class='ocrx_word' id='word_1_409' title='bbox 1773 3800 1956 3870; x_wconf 80' lang='lat' dir='ltr'><strong>Inagni</strong></span> <span class='ocrx_word' id='word_1_410' title='bbox 1990 3798 2190 3853; x_wconf 79' lang='lat' dir='ltr'><strong>Meletii</strong></span> <span class='ocrx_word' id='word_1_411' title='bbox 2235 3796 2351 3850; x_wconf 82' lang='lat' dir='ltr'><strong>fue-</strong></span> 
     </span>
    </p>
   </div>
   <div class='ocr_carea' id='block_1_67' title="bbox 780 3888 2352 3961">
    <p class='ocr_par' dir='ltr' id='par_1_67' title="bbox 780 3888 2352 3961">
     <span class='ocr_line' id='line_1_67' title="bbox 780 3888 2352 3961; baseline -0.008 -7"><span class='ocrx_word' id='word_1_412' title='bbox 780 3911 864 3955; x_wconf 87' lang='lat' dir='ltr'><strong>rat</strong></span> <span class='ocrx_word' id='word_1_413' title='bbox 891 3897 1324 3955; x_wconf 88' lang='lat' dir='ltr'><strong>contubernalis,</strong></span> <span class='ocrx_word' id='word_1_414' title='bbox 1352 3896 1579 3961; x_wconf 78' lang='lat' dir='ltr'><strong>ejusque</strong></span> <span class='ocrx_word' id='word_1_415' title='bbox 1603 3891 2077 3944; x_wconf 89' lang='lat' dir='ltr'><strong>conversationem</strong></span> <span class='ocrx_word' id='word_1_416' title='bbox 2100 3888 2352 3941; x_wconf 81' lang='lat' dir='ltr'><strong>exactius</strong></span> 
     </span>
    </p>
   </div>
   <div class='ocr_carea' id='block_1_68' title="bbox 780 3979 2351 4067">
    <p class='ocr_par' dir='ltr' id='par_1_68' title="bbox 780 3979 2351 4067">
     <span class='ocr_line' id='line_1_68' title="bbox 780 3979 2351 4067; baseline -0.009 -20"><span class='ocrx_word' id='word_1_417' title='bbox 780 4011 943 4067; x_wconf 85' lang='lat' dir='ltr'><strong>quam</strong></span> <span class='ocrx_word' id='word_1_418' title='bbox 974 4007 1097 4047; x_wconf 83' lang='lat' dir='ltr'><strong>cera</strong></span> <span class='ocrx_word' id='word_1_419' title='bbox 1127 3990 1454 4043; x_wconf 90' lang='lat' dir='ltr'><strong>annulorum</strong></span> <span class='ocrx_word' id='word_1_420' title='bbox 1491 3986 1697 4039; x_wconf 81' lang='lat' dir='ltr'><strong>formas</strong></span> <span class='ocrx_word' id='word_1_421' title='bbox 1725 3981 2086 4049; x_wconf 78' lang='lat' dir='ltr'><strong>exprimebat.</strong></span> <span class='ocrx_word' id='word_1_422' title='bbox 2122 3979 2351 4033; x_wconf 80' lang='lat' dir='ltr'><strong>Succes-</strong></span> 
     </span>
    </p>
   </div>
   <div class='ocr_carea' id='block_1_69' title="bbox 782 4072 2346 4150">
    <p class='ocr_par' dir='ltr' id='par_1_69' title="bbox 782 4072 2346 4150">
     <span class='ocr_line' id='line_1_69' title="bbox 782 4072 2346 4150; baseline -0.008 -10"><span class='ocrx_word' id='word_1_423' title='bbox 782 4095 931 4140; x_wconf 89' lang='lat' dir='ltr'><strong>serat</strong></span> <span class='ocrx_word' id='word_1_424' title='bbox 979 4085 1068 4136; x_wconf 90' lang='lat' dir='ltr'><strong>hic</strong></span> <span class='ocrx_word' id='word_1_425' title='bbox 1104 4080 1319 4150; x_wconf 80' lang='lat' dir='ltr'><strong>quidem</strong></span> <span class='ocrx_word' id='word_1_426' title='bbox 1370 4094 1568 4147; x_wconf 86' lang='lat' dir='ltr'><strong>magno</strong></span> <span class='ocrx_word' id='word_1_427' title='bbox 1621 4075 1840 4146; x_wconf 81' lang='lat' dir='ltr'><strong>Pelagio</strong></span> <span class='ocrx_word' id='word_1_428' title='bbox 1891 4072 2128 4127; x_wconf 88' lang='lat' dir='ltr'><strong>:divino</strong></span> <span class='ocrx_word' id='word_1_429' title='bbox 2163 4082 2346 4127; x_wconf 89' lang='lat' dir='ltr'><strong>autem</strong></span> 
     </span>
    </p>
   </div>
   <div class='ocr_carea' id='block_1_70' title="bbox 783 4163 2350 4239">
    <p class='ocr_par' dir='ltr' id='par_1_70' title="bbox 783 4163 2350 4239">
     <span class='ocr_line' id='line_1_70' title="bbox 783 4163 2350 4239; baseline -0.009 -12"><span class='ocrx_word' id='word_1_430' title='bbox 783 4173 1038 4227; x_wconf 76' lang='lat' dir='ltr'><strong>Marcello</strong></span> <span class='ocrx_word' id='word_1_431' title='bbox 1065 4170 1344 4239; x_wconf 80' lang='lat' dir='ltr'><strong>Agapelus</strong></span> <span class='ocrx_word' id='word_1_432' title='bbox 1376 4169 1523 4221; x_wconf 88' lang='lat' dir='ltr'><strong>oumi</strong></span> <span class='ocrx_word' id='word_1_433' title='bbox 1560 4167 1719 4219; x_wconf 89' lang='lat' dir='ltr'><strong>laude</strong></span> <span class='ocrx_word' id='word_1_434' title='bbox 1755 4163 2157 4234; x_wconf 77' lang='lat' dir='ltr'><strong>przedicandus,</strong></span> <span class='ocrx_word' id='word_1_435' title='bbox 2186 4177 2350 4231; x_wconf 89' lang='lat' dir='ltr'><strong>quem</strong></span> 
     </span>
    </p>
   </div>
   <div class='ocr_carea' id='block_1_71' title="bbox 785 4251 2353 4322">
    <p class='ocr_par' dir='ltr' id='par_1_71' title="bbox 785 4251 2353 4322">
     <span class='ocr_line' id='line_1_71' title="bbox 785 4251 2353 4322; baseline -0.01 -3"><span class='ocrx_word' id='word_1_436' title='bbox 785 4262 1102 4320; x_wconf 87' lang='lat' dir='ltr'><strong>monasticis</strong></span> <span class='ocrx_word' id='word_1_437' title='bbox 1183 4256 1676 4313; x_wconf 82' lang='lat' dir='ltr'><strong>exercitationibus</strong></span> <span class='ocrx_word' id='word_1_438' title='bbox 1755 4254 2025 4307; x_wconf 60' lang='lat' dir='ltr'><strong>haeretica</strong></span> <span class='ocrx_word' id='word_1_439' title='bbox 2098 4251 2353 4322; x_wconf 56' lang='lat' dir='ltr'><strong>procella!</strong></span> 
     </span>
    </p>
   </div>
   <div class='ocr_carea' id='block_1_72' title="bbox 785 4340 2353 4423">
    <p class='ocr_par' dir='ltr' id='par_1_72' title="bbox 785 4340 2353 4423">
     <span class='ocr_line' id='line_1_72' title="bbox 785 4340 2353 4423; baseline -0.01 -14"><span class='ocrx_word' id='word_1_440' title='bbox 785 4354 1125 4423; x_wconf 86' lang='lat' dir='ltr'><strong>temperibus</strong></span> <span class='ocrx_word' id='word_1_441' title='bbox 1182 4350 1509 4404; x_wconf 85' lang='lat' dir='ltr'><strong>excelluisse</strong></span> <span class='ocrx_word' id='word_1_442' title='bbox 1579 4345 1715 4401; x_wconf 87' lang='lat' dir='ltr'><strong>dixi.</strong></span> <span class='ocrx_word' id='word_1_443' title='bbox 1778 4343 2040 4398; x_wconf 65' lang='lat' dir='ltr'><strong>Seleucia!</strong></span> <span class='ocrx_word' id='word_1_444' title='bbox 2097 4357 2227 4397; x_wconf 88' lang='lat' dir='ltr'><strong>vero</strong></span> <span class='ocrx_word' id='word_1_445' title='bbox 2286 4340 2353 4395; x_wconf 91' lang='lat' dir='ltr'><strong>ad</strong></span> 
     </span>
    </p>
   </div>
   <div class='ocr_carea' id='block_1_73' title="bbox 787 4434 2351 4510">
    <p class='ocr_par' dir='ltr' id='par_1_73' title="bbox 787 4434 2351 4510">
     <span class='ocr_line' id='line_1_73' title="bbox 787 4434 2351 4510; baseline -0.01 -9"><span class='ocrx_word' id='word_1_446' title='bbox 787 4446 1029 4501; x_wconf 87' lang='lat' dir='ltr'><strong>Taurum</strong></span> <span class='ocrx_word' id='word_1_447' title='bbox 1084 4446 1203 4497; x_wconf 66' lang='lat' dir='ltr'><strong>sitae</strong></span> <span class='ocrx_word' id='word_1_448' title='bbox 1264 4440 1565 4510; x_wconf 82' lang='lat' dir='ltr'><strong>episcopus</strong></span> <span class='ocrx_word' id='word_1_449' title='bbox 1615 4446 1733 4491; x_wconf 86' lang='lat' dir='ltr'><strong>erat</strong></span> <span class='ocrx_word' id='word_1_450' title='bbox 1786 4434 2096 4497; x_wconf 83' lang='lat' dir='ltr'><strong>Maximus,</strong></span> <span class='ocrx_word' id='word_1_451' title='bbox 2154 4434 2351 4488; x_wconf 84' lang='lat' dir='ltr'><strong>summi</strong></span> 
     </span>
    </p>
   </div>
   <div class='ocr_carea' id='block_1_74' title="bbox 2465 3265 4041 3341">
    <p class='ocr_par' dir='ltr' id='par_1_74' title="bbox 2465 3265 4041 3341">
     <span class='ocr_line' id='line_1_74' title="bbox 2465 3265 4041 3341; baseline 0.003 -23"><span class='ocrx_word' id='word_1_452' title='bbox 2465 3268 2771 3337; x_wconf 71' lang='grc' dir='ltr'>Ἀντιοχείᾳ.</span> <span class='ocrx_word' id='word_1_453' title='bbox 2788 3265 2863 3334; x_wconf 81' lang='grc' dir='ltr'>τῷ</span> <span class='ocrx_word' id='word_1_454' title='bbox 2885 3267 2989 3319; x_wconf 80' lang='grc' dir='ltr'>τῶν</span> <span class='ocrx_word' id='word_1_455' title='bbox 3014 3267 3397 3337; x_wconf 81' lang='grc' dir='ltr'>πρεσϐυτέρων</span> <span class='ocrx_word' id='word_1_456' title='bbox 3417 3269 3823 3338; x_wconf 84' lang='grc' dir='ltr'>ὲγκατειλέχθαι</span> <span class='ocrx_word' id='word_1_457' title='bbox 3862 3270 4041 3341; x_wconf 85' lang='grc' dir='ltr'>χορῷ,</span> 
     </span>
    </p>
   </div>
   <div class='ocr_carea' id='block_1_75' title="bbox 2451 3358 4042 3429">
    <p class='ocr_par' dir='ltr' id='par_1_75' title="bbox 2451 3358 4042 3429">
     <span class='ocr_line' id='line_1_75' title="bbox 2451 3358 4042 3429; baseline 0.003 -20"><span class='ocrx_word' id='word_1_458' title='bbox 2451 3358 2625 3429; x_wconf 75' lang='grc' dir='ltr'>ἤγαγέ</span> <span class='ocrx_word' id='word_1_459' title='bbox 2654 3374 2732 3419; x_wconf 91' lang='grc' dir='ltr'><strong>τε,</strong></span> <span class='ocrx_word' id='word_1_460' title='bbox 2762 3358 2856 3409; x_wconf 71' lang='grc' dir='ltr'>καὶ</span> <span class='ocrx_word' id='word_1_461' title='bbox 2897 3360 3009 3420; x_wconf 86' lang='grc' dir='ltr'>τοῖς</span> <span class='ocrx_word' id='word_1_462' title='bbox 3046 3358 3479 3425; x_wconf 82' lang='grc' dir='ltr'>συνειλεγμένοις</span> <span class='ocrx_word' id='word_1_463' title='bbox 3518 3360 3838 3422; x_wconf 81' lang='grc' dir='ltr'>ἐπισκόποις</span> <span class='ocrx_word' id='word_1_464' title='bbox 3870 3361 4042 3414; x_wconf 78' lang='grc' dir='ltr'>αὐτὸν</span> 
     </span>
    </p>
   </div>
   <div class='ocr_carea' id='block_1_76' title="bbox 2451 3446 4042 3519">
    <p class='ocr_par' dir='ltr' id='par_1_76' title="bbox 2451 3446 4042 3519">
     <span class='ocr_line' id='line_1_76' title="bbox 2451 3446 4042 3519; baseline 0.001 -20"><span class='ocrx_word' id='word_1_465' title='bbox 2451 3449 2517 3517; x_wconf 79' lang='grc' dir='ltr'><strong>τῇ</strong></span> <span class='ocrx_word' id='word_1_466' title='bbox 2568 3447 2688 3516; x_wconf 81' lang='grc' dir='ltr'>θείᾳ</span> <span class='ocrx_word' id='word_1_467' title='bbox 2750 3449 3124 3516; x_wconf 84' lang='grc' dir='ltr'>προσαγαγεῖν</span> <span class='ocrx_word' id='word_1_468' title='bbox 3156 3446 3515 3515; x_wconf 76' lang='grc' dir='ltr'>παρηγγύησε</span> <span class='ocrx_word' id='word_1_469' title='bbox 3566 3448 3772 3517; x_wconf 88' lang='grc' dir='ltr'>χάριτι,</span> <span class='ocrx_word' id='word_1_470' title='bbox 3809 3449 3906 3501; x_wconf 75' lang='grc' dir='ltr'>καὶ</span> <span class='ocrx_word' id='word_1_471' title='bbox 3939 3451 4042 3519; x_wconf 81' lang='grc' dir='ltr'>τῆς</span> 
     </span>
    </p>
   </div>
   <div class='ocr_carea' id='block_1_77' title="bbox 2455 3538 4042 3607">
    <p class='ocr_par' dir='ltr' id='par_1_77' title="bbox 2455 3538 4042 3607">
     <span class='ocr_line' id='line_1_77' title="bbox 2455 3538 4042 3607; baseline 0.003 -18"><span class='ocrx_word' id='word_1_472' title='bbox 2455 3538 2719 3607; x_wconf 79' lang='grc' dir='ltr'>μεγίστης</span> <span class='ocrx_word' id='word_1_473' title='bbox 2750 3539 2964 3606; x_wconf 78' lang='grc' dir='ltr'>ἐκείνης</span> <span class='ocrx_word' id='word_1_474' title='bbox 2996 3538 3199 3600; x_wconf 88' lang='grc' dir='ltr'>πόλεως</span> <span class='ocrx_word' id='word_1_475' title='bbox 3231 3538 3503 3606; x_wconf 82' lang='grc' dir='ltr'>ἀποφῆναι</span> <span class='ocrx_word' id='word_1_476' title='bbox 3532 3539 3784 3607; x_wconf 84' lang='grc' dir='ltr'>ποιμένα.</span> <span class='ocrx_word' id='word_1_477' title='bbox 3824 3540 4042 3593; x_wconf 78' lang='grc' dir='ltr'>Ἱκανὸν</span> 
     </span>
    </p>
   </div>
   <div class='ocr_carea' id='block_1_78' title="bbox 2451 3626 4044 3701">
    <p class='ocr_par' dir='ltr' id='par_1_78' title="bbox 2451 3626 4044 3701">
     <span class='ocr_line' id='line_1_78' title="bbox 2451 3626 4044 3701; baseline 0.001 -21"><span class='ocrx_word' id='word_1_478' title='bbox 2451 3628 2506 3680; x_wconf 80' lang='grc' dir='ltr'>δὲ</span> <span class='ocrx_word' id='word_1_479' title='bbox 2543 3628 2635 3680; x_wconf 76' lang='grc' dir='ltr'>καὶ</span> <span class='ocrx_word' id='word_1_480' title='bbox 2686 3626 2845 3679; x_wconf 72' lang='grc' dir='ltr'>τοῦτο</span> <span class='ocrx_word' id='word_1_481' title='bbox 2874 3629 3033 3696; x_wconf 89' lang='grc' dir='ltr'>μόνον</span> <span class='ocrx_word' id='word_1_482' title='bbox 3055 3628 3295 3697; x_wconf 83' lang='grc' dir='ltr'>δηλῶσαι</span> <span class='ocrx_word' id='word_1_483' title='bbox 3325 3628 3417 3680; x_wconf 78' lang='grc' dir='ltr'>τοῦ</span> <span class='ocrx_word' id='word_1_484' title='bbox 3463 3628 3727 3697; x_wconf 80' lang='grc' dir='ltr'>βασιλέως</span> <span class='ocrx_word' id='word_1_485' title='bbox 3752 3630 3852 3699; x_wconf 83' lang='grc' dir='ltr'>τὴν</span> <span class='ocrx_word' id='word_1_486' title='bbox 3908 3631 4044 3701; x_wconf 78' lang='grc' dir='ltr'>περὶ</span> 
     </span>
    </p>
   </div>
   <div class='ocr_carea' id='block_1_79' title="bbox 2450 3718 4042 3789">
    <p class='ocr_par' dir='ltr' id='par_1_79' title="bbox 2450 3718 4042 3789">
     <span class='ocr_line' id='line_1_79' title="bbox 2450 3718 4042 3789; baseline 0.002 -19"><span class='ocrx_word' id='word_1_487' title='bbox 2450 3718 2519 3770; x_wconf 72' lang='grc' dir='ltr'><strong>τὰ</strong></span> <span class='ocrx_word' id='word_1_488' title='bbox 2546 3718 2664 3771; x_wconf 87' lang='grc' dir='ltr'>θεῖα</span> <span class='ocrx_word' id='word_1_489' title='bbox 2693 3718 2948 3788; x_wconf 83' lang='grc' dir='ltr'>σπουδήν.</span> <span class='ocrx_word' id='word_1_490' title='bbox 2973 3719 3127 3771; x_wconf 79' lang='grc' dir='ltr'>Κατὰ</span> <span class='ocrx_word' id='word_1_491' title='bbox 3151 3718 3337 3771; x_wconf 84' lang='grc' dir='ltr'>τοῦτον</span> <span class='ocrx_word' id='word_1_492' title='bbox 3368 3720 3457 3772; x_wconf 81' lang='grc' dir='ltr'>τὸν</span> <span class='ocrx_word' id='word_1_493' title='bbox 3477 3721 3686 3789; x_wconf 83' lang='grc' dir='ltr'>χρόνον,</span> <span class='ocrx_word' id='word_1_494' title='bbox 3706 3721 4042 3789; x_wconf 80' lang='grc' dir='ltr'>Ἀντιοχείας</span> 
     </span>
    </p>
   </div>
   <div class='ocr_carea' id='block_1_80' title="bbox 2456 3808 4042 3879">
    <p class='ocr_par' dir='ltr' id='par_1_80' title="bbox 2456 3808 4042 3879">
     <span class='ocr_line' id='line_1_80' title="bbox 2456 3808 4042 3879; baseline 0.002 -19"><span class='ocrx_word' id='word_1_495' title='bbox 2456 3809 2555 3878; x_wconf 74' lang='grc' dir='ltr'>μὲν</span> <span class='ocrx_word' id='word_1_496' title='bbox 2584 3811 2610 3861; x_wconf 88' lang='grc' dir='ltr'><strong>ό</strong></span> <span class='ocrx_word' id='word_1_497' title='bbox 2647 3810 2787 3871; x_wconf 86' lang='grc' dir='ltr'>θεῖος</span> <span class='ocrx_word' id='word_1_498' title='bbox 2819 3810 3002 3879; x_wconf 76' lang='grc' dir='ltr'>ἡγεῖτο</span> <span class='ocrx_word' id='word_1_499' title='bbox 3048 3808 3363 3874; x_wconf 73' lang='grc' dir='ltr'>Φλαόιανδς,</span> <span class='ocrx_word' id='word_1_500' title='bbox 3396 3810 3710 3874; x_wconf 86' lang='grc' dir='ltr'>Λαοδικείας</span> <span class='ocrx_word' id='word_1_501' title='bbox 3736 3812 3779 3842; x_wconf 87' lang='grc'><strong>¹⁷</strong></span> <span class='ocrx_word' id='word_1_502' title='bbox 3828 3811 3884 3863; x_wconf 84' lang='grc' dir='ltr'>δὲ</span> <span class='ocrx_word' id='word_1_503' title='bbox 3918 3812 4042 3863; x_wconf 84' lang='grc' dir='ltr'><strong>Ἐλ-</strong></span> 
     </span>
    </p>
   </div>
   <div class='ocr_carea' id='block_1_81' title="bbox 2453 3898 4040 3969">
    <p class='ocr_par' dir='ltr' id='par_1_81' title="bbox 2453 3898 4040 3969">
     <span class='ocr_line' id='line_1_81' title="bbox 2453 3898 4040 3969; baseline 0 -18"><span class='ocrx_word' id='word_1_504' title='bbox 2453 3900 2647 3960; x_wconf 82' lang='grc' dir='ltr'>πίδιος,</span> <span class='ocrx_word' id='word_1_505' title='bbox 2683 3898 2776 3951; x_wconf 77' lang='grc' dir='ltr'>τοῦ</span> <span class='ocrx_word' id='word_1_506' title='bbox 2808 3898 3043 3968; x_wconf 83' lang='grc' dir='ltr'>μεγάλου</span> <span class='ocrx_word' id='word_1_507' title='bbox 3098 3900 3362 3953; x_wconf 88' lang='grc' dir='ltr'>Μελετίου</span> <span class='ocrx_word' id='word_1_508' title='bbox 3403 3900 3690 3969; x_wconf 89' lang='grc' dir='ltr'>γενόμενος</span> <span class='ocrx_word' id='word_1_509' title='bbox 3741 3898 4040 3968; x_wconf 74' lang='grc' dir='ltr'>σύσκηνος,</span> 
     </span>
    </p>
   </div>
   <div class='ocr_carea' id='block_1_82' title="bbox 2452 3990 4041 4063">
    <p class='ocr_par' dir='ltr' id='par_1_82' title="bbox 2452 3990 4041 4063">
     <span class='ocr_line' id='line_1_82' title="bbox 2452 3990 4041 4063; baseline -0.004 -16"><span class='ocrx_word' id='word_1_510' title='bbox 2452 3992 2549 4047; x_wconf 67' lang='grc' dir='ltr'>καὶ</span> <span class='ocrx_word' id='word_1_511' title='bbox 2569 3993 2668 4063; x_wconf 82' lang='grc' dir='ltr'>τὴν</span> <span class='ocrx_word' id='word_1_512' title='bbox 2698 3991 2905 4045; x_wconf 75' lang='grc' dir='ltr'>ἐκείνου</span> <span class='ocrx_word' id='word_1_513' title='bbox 2938 3992 3216 4055; x_wconf 80' lang='grc' dir='ltr'>πολιτείαν</span> <span class='ocrx_word' id='word_1_514' title='bbox 3258 3992 3633 4062; x_wconf 78' lang='grc' dir='ltr'>ὲκμαξάμενος</span> <span class='ocrx_word' id='word_1_515' title='bbox 3688 3990 3890 4059; x_wconf 80' lang='grc' dir='ltr'>μᾶλλον</span> <span class='ocrx_word' id='word_1_516' title='bbox 3926 3992 3960 4059; x_wconf 82' lang='grc' dir='ltr'>ἢ</span> <span class='ocrx_word' id='word_1_517' title='bbox 3998 3992 4041 4021; x_wconf 82' lang='grc'><strong>¹⁸</strong></span> 
     </span>
    </p>
   </div>
   <div class='ocr_carea' id='block_1_83' title="bbox 2455 4074 4040 4154">
    <p class='ocr_par' dir='ltr' id='par_1_83' title="bbox 2455 4074 4040 4154">
     <span class='ocr_line' id='line_1_83' title="bbox 2455 4074 4040 4154; baseline -0.002 -17"><span class='ocrx_word' id='word_1_518' title='bbox 2455 4086 2621 4154; x_wconf 82' lang='grc' dir='ltr'>κηρὸς</span> <span class='ocrx_word' id='word_1_519' title='bbox 2667 4084 2774 4137; x_wconf 83' lang='grc' dir='ltr'>τῶν</span> <span class='ocrx_word' id='word_1_520' title='bbox 2802 4083 3104 4136; x_wconf 82' lang='grc' dir='ltr'>δακτυλίων</span> <span class='ocrx_word' id='word_1_521' title='bbox 3151 4085 3276 4145; x_wconf 75' lang='grc' dir='ltr'>τοὺς</span> <span class='ocrx_word' id='word_1_522' title='bbox 3307 4084 3532 4145; x_wconf 87' lang='grc' dir='ltr'>τύπους.</span> <span class='ocrx_word' id='word_1_523' title='bbox 3588 4074 3756 4144; x_wconf 72' lang='grc' dir='ltr'>Οὗτος</span> <span class='ocrx_word' id='word_1_524' title='bbox 3791 4082 3893 4151; x_wconf 82' lang='grc' dir='ltr'>μὲν</span> <span class='ocrx_word' id='word_1_525' title='bbox 3940 4079 4040 4135; x_wconf 72' lang='grc' dir='ltr'>οὖν</span> 
     </span>
    </p>
   </div>
   <div class='ocr_carea' id='block_1_84' title="bbox 2452 4173 4042 4245">
    <p class='ocr_par' dir='ltr' id='par_1_84' title="bbox 2452 4173 4042 4245">
     <span class='ocr_line' id='line_1_84' title="bbox 2452 4173 4042 4245; baseline 0.001 -19"><span class='ocrx_word' id='word_1_526' title='bbox 2452 4174 2545 4226; x_wconf 78' lang='grc' dir='ltr'><strong>τὸν</strong></span> <span class='ocrx_word' id='word_1_527' title='bbox 2583 4173 2751 4242; x_wconf 88' lang='grc' dir='ltr'>μέγαν</span> <span class='ocrx_word' id='word_1_528' title='bbox 2806 4173 3068 4240; x_wconf 85' lang='grc' dir='ltr'>Πελάγιον</span> <span class='ocrx_word' id='word_1_529' title='bbox 3112 4174 3402 4240; x_wconf 62' lang='grc' dir='ltr'>διεδέξατω</span> <span class='ocrx_word' id='word_1_530' title='bbox 3449 4173 3541 4225; x_wconf 73' lang='grc' dir='ltr'><strong>τὸν</strong></span> <span class='ocrx_word' id='word_1_531' title='bbox 3582 4174 3639 4225; x_wconf 80' lang='grc' dir='ltr'>δὲ</span> <span class='ocrx_word' id='word_1_532' title='bbox 3692 4173 3836 4225; x_wconf 85' lang='grc' dir='ltr'>θεῖον</span> <span class='ocrx_word' id='word_1_533' title='bbox 3876 4174 4042 4245; x_wconf 82' lang='grc' dir='ltr'>Μάρ-</span> 
     </span>
    </p>
   </div>
   <div class='ocr_carea' id='block_1_85' title="bbox 2454 4264 4038 4335">
    <p class='ocr_par' dir='ltr' id='par_1_85' title="bbox 2454 4264 4038 4335">
     <span class='ocr_line' id='line_1_85' title="bbox 2454 4264 4038 4335; baseline 0.001 -18"><span class='ocrx_word' id='word_1_534' title='bbox 2454 4264 2641 4317; x_wconf 90' lang='grc' dir='ltr'>κελλον</span> <span class='ocrx_word' id='word_1_535' title='bbox 2679 4265 2987 4333; x_wconf 77' lang='grc' dir='ltr'>Ἀγαπητὸς</span> <span class='ocrx_word' id='word_1_536' title='bbox 3019 4265 3047 4317; x_wconf 88' lang='grc' dir='ltr'><strong>ό</strong></span> <span class='ocrx_word' id='word_1_537' title='bbox 3102 4266 3481 4334; x_wconf 77' lang='grc' dir='ltr'>πανεύφημος,</span> <span class='ocrx_word' id='word_1_538' title='bbox 3506 4265 3565 4316; x_wconf 88' lang='grc' dir='ltr'>ὃν</span> <span class='ocrx_word' id='word_1_539' title='bbox 3586 4267 3643 4316; x_wconf 83' lang='grc' dir='ltr'>ἐν</span> <span class='ocrx_word' id='word_1_540' title='bbox 3696 4268 3816 4325; x_wconf 83' lang='grc' dir='ltr'>ταῖς</span> <span class='ocrx_word' id='word_1_541' title='bbox 3855 4267 4038 4335; x_wconf 78' lang='grc' dir='ltr'>ἀσκη-</span> 
     </span>
    </p>
   </div>
   <div class='ocr_carea' id='block_1_86' title="bbox 2454 4358 4041 4429">
    <p class='ocr_par' dir='ltr' id='par_1_86' title="bbox 2454 4358 4041 4429">
     <span class='ocr_line' id='line_1_86' title="bbox 2454 4358 4041 4429; baseline -0.001 -19"><span class='ocrx_word' id='word_1_542' title='bbox 2454 4360 2633 4420; x_wconf 83' lang='grc' dir='ltr'>τικαῖς</span> <span class='ocrx_word' id='word_1_543' title='bbox 2682 4358 3046 4429; x_wconf 80' lang='grc' dir='ltr'>παλαίστραις</span> <span class='ocrx_word' id='word_1_544' title='bbox 3087 4359 3409 4420; x_wconf 84' lang='grc' dir='ltr'>διαπρέπειν</span> <span class='ocrx_word' id='word_1_545' title='bbox 3457 4358 3592 4427; x_wconf 71' lang='grc' dir='ltr'>ἔφην</span> <span class='ocrx_word' id='word_1_546' title='bbox 3643 4360 3782 4410; x_wconf 79' lang='grc' dir='ltr'>κατᾶ</span> <span class='ocrx_word' id='word_1_547' title='bbox 3819 4359 3912 4411; x_wconf 86' lang='grc' dir='ltr'>τὸν</span> <span class='ocrx_word' id='word_1_548' title='bbox 3939 4360 4041 4428; x_wconf 77' lang='grc' dir='ltr'>τῆς</span> 
     </span>
    </p>
   </div>
   <div class='ocr_carea' id='block_1_87' title="bbox 2456 4448 4040 4519">
    <p class='ocr_par' dir='ltr' id='par_1_87' title="bbox 2456 4448 4040 4519">
     <span class='ocr_line' id='line_1_87' title="bbox 2456 4448 4040 4519; baseline -0.001 -17"><span class='ocrx_word' id='word_1_549' title='bbox 2456 4449 2736 4519; x_wconf 74' lang='grc' dir='ltr'>αίρετικῆς</span> <span class='ocrx_word' id='word_1_550' title='bbox 2775 4449 2942 4518; x_wconf 76' lang='grc' dir='ltr'>ζάλης</span> <span class='ocrx_word' id='word_1_551' title='bbox 2993 4449 3201 4519; x_wconf 88' lang='grc' dir='ltr'>καιρόν.</span> <span class='ocrx_word' id='word_1_552' title='bbox 3229 4450 3541 4511; x_wconf 70' lang='grc' dir='ltr'>Σελευκείας</span> <span class='ocrx_word' id='word_1_553' title='bbox 3563 4450 3620 4502; x_wconf 80' lang='grc' dir='ltr'>δὲ</span> <span class='ocrx_word' id='word_1_554' title='bbox 3651 4452 3747 4517; x_wconf 73' lang='grc' dir='ltr'>τῆς</span> <span class='ocrx_word' id='word_1_555' title='bbox 3796 4448 3934 4517; x_wconf 78' lang='grc' dir='ltr'>πρὸς</span> <span class='ocrx_word' id='word_1_556' title='bbox 3960 4449 4040 4519; x_wconf 79' lang='grc' dir='ltr'><strong>τῷ</strong></span> 
     </span>
    </p>
   </div>
   <div class='ocr_carea' id='block_1_88' title="bbox 782 4521 2443 4609">
    <p class='ocr_par' dir='ltr' id='par_1_88' title="bbox 782 4521 2430 4598">
     <span class='ocr_line' id='line_1_88' title="bbox 782 4521 2430 4598; baseline -0.009 -6"><span class='ocrx_word' id='word_1_557' title='bbox 782 4537 1011 4593; x_wconf 84' lang='lat' dir='ltr'><strong>Joannis</strong></span> <span class='ocrx_word' id='word_1_558' title='bbox 1038 4539 1055 4554; x_wconf 89' lang='lat'>&#39;</span> <span class='ocrx_word' id='word_1_559' title='bbox 1090 4530 1529 4598; x_wconf 90' lang='lat' dir='ltr'><strong>condiscipulus,</strong></span> <span class='ocrx_word' id='word_1_560' title='bbox 1578 4538 1631 4581; x_wconf 89' lang='lat' dir='ltr'><strong>et</strong></span> <span class='ocrx_word' id='word_1_561' title='bbox 1657 4524 1984 4580; x_wconf 82' lang='lat' dir='ltr'><strong>Theodorus</strong></span> <span class='ocrx_word' id='word_1_562' title='bbox 2009 4524 2353 4593; x_wconf 55' lang='lat' dir='ltr'><strong>Mopsuestia</strong></span> <span class='ocrx_word' id='word_1_563' title='bbox 2384 4521 2430 4577; x_wconf 74' lang='grc' dir='ltr'><strong>Ι)</strong></span> 
     </span>
    </p>
   </div>
   <div class='ocr_carea' id='block_1_89' title="bbox 2375 4521 4036 4609">
    <p class='ocr_par' dir='ltr' id='par_1_89' title="bbox 2384 4521 4036 4609">
     <span class='ocr_line' id='line_1_89' title="bbox 2384 4521 4036 4609; baseline 0.001 -19"><span class='ocrx_word' id='word_1_564' title='bbox 2384 4521 2430 4577; x_wconf 74' lang='grc' dir='ltr'><strong>Ῐ)</strong></span> <span class='ocrx_word' id='word_1_565' title='bbox 2459 4538 2657 4607; x_wconf 88' lang='grc' dir='ltr'>Ταύρῳ</span> <span class='ocrx_word' id='word_1_566' title='bbox 2691 4538 2963 4607; x_wconf 80' lang='grc' dir='ltr'>Μάξιμος,</span> <span class='ocrx_word' id='word_1_567' title='bbox 3010 4540 3258 4593; x_wconf 88' lang='grc' dir='ltr'>Ἰωάννου</span> <span class='ocrx_word' id='word_1_568' title='bbox 3305 4539 3396 4592; x_wconf 81' lang='grc' dir='ltr'>τοῦ</span> <span class='ocrx_word' id='word_1_569' title='bbox 3445 4540 3586 4592; x_wconf 84' lang='grc' dir='ltr'>πάνυ</span> <span class='ocrx_word' id='word_1_570' title='bbox 3634 4540 4036 4609; x_wconf 77' lang='grc' dir='ltr'>συμφοιτητὴς,</span> 
     </span>
    </p>
   </div>
   <div class='ocr_carea' id='block_1_90' title="bbox 784 4615 2359 4688">
    <p class='ocr_par' dir='ltr' id='par_1_90' title="bbox 784 4615 2359 4688">
     <span class='ocr_line' id='line_1_90' title="bbox 784 4615 2359 4688; baseline -0.01 -6"><span class='ocrx_word' id='word_1_571' title='bbox 784 4628 945 4681; x_wconf 89' lang='lat' dir='ltr'><strong>ambo</strong></span> <span class='ocrx_word' id='word_1_572' title='bbox 976 4626 1231 4678; x_wconf 85' lang='lat' dir='ltr'><strong>ductores</strong></span> <span class='ocrx_word' id='word_1_573' title='bbox 1264 4621 1526 4688; x_wconf 84' lang='lat' dir='ltr'><strong>insignes.</strong></span> <span class='ocrx_word' id='word_1_574' title='bbox 1566 4617 1779 4671; x_wconf 87' lang='lat' dir='ltr'><strong>Claruit</strong></span> <span class='ocrx_word' id='word_1_575' title='bbox 1819 4616 1984 4670; x_wconf 87' lang='lat' dir='ltr'><strong>etiam</strong></span> <span class='ocrx_word' id='word_1_576' title='bbox 2025 4624 2079 4669; x_wconf 90' lang='lat' dir='ltr'><strong>et</strong></span> <span class='ocrx_word' id='word_1_577' title='bbox 2103 4615 2359 4684; x_wconf 88' lang='lat' dir='ltr'><strong>pruden-</strong></span> 
     </span>
    </p>
   </div>
   <div class='ocr_carea' id='block_1_91' title="bbox 785 4707 2359 4776">
    <p class='ocr_par' dir='ltr' id='par_1_91' title="bbox 785 4707 2359 4776">
     <span class='ocr_line' id='line_1_91' title="bbox 785 4707 2359 4776; baseline -0.01 -2"><span class='ocrx_word' id='word_1_578' title='bbox 785 4720 858 4774; x_wconf 89' lang='lat' dir='ltr'><strong>tia</strong></span> <span class='ocrx_word' id='word_1_579' title='bbox 888 4726 942 4772; x_wconf 82' lang='lat' dir='ltr'><strong>et</strong></span> <span class='ocrx_word' id='word_1_580' title='bbox 979 4717 1084 4768; x_wconf 86' lang='lat' dir='ltr'><strong>vita</strong></span> <span class='ocrx_word' id='word_1_581' title='bbox 1114 4715 1331 4769; x_wconf 83' lang='lat' dir='ltr'><strong>divinus</strong></span> <span class='ocrx_word' id='word_1_582' title='bbox 1360 4711 1591 4765; x_wconf 82' lang='lat' dir='ltr'><strong>Aeacius</strong></span> <span class='ocrx_word' id='word_1_583' title='bbox 1615 4750 1628 4770; x_wconf 89' lang='lat'><strong>.</strong></span> <span class='ocrx_word' id='word_1_584' title='bbox 1668 4707 1873 4762; x_wconf 65' lang='lat' dir='ltr'><strong>Bel-(na:</strong></span> <span class='ocrx_word' id='word_1_585' title='bbox 1909 4708 2223 4776; x_wconf 83' lang='lat' dir='ltr'><strong>episcOpus.</strong></span> <span class='ocrx_word' id='word_1_586' title='bbox 2252 4707 2359 4761; x_wconf 88' lang='lat' dir='ltr'><strong>Ga-</strong></span> 
     </span>
    </p>
   </div>
   <div class='ocr_carea' id='block_1_92' title="bbox 787 4798 2359 4874">
    <p class='ocr_par' dir='ltr' id='par_1_92' title="bbox 787 4798 2359 4874">
     <span class='ocr_line' id='line_1_92' title="bbox 787 4798 2359 4874; baseline -0.008 -10"><span class='ocrx_word' id='word_1_587' title='bbox 787 4811 1018 4863; x_wconf 88' lang='lat' dir='ltr'><strong>latarum</strong></span> <span class='ocrx_word' id='word_1_588' title='bbox 1072 4821 1203 4861; x_wconf 83' lang='lat' dir='ltr'><strong>vero</strong></span> <span class='ocrx_word' id='word_1_589' title='bbox 1254 4812 1468 4874; x_wconf 86' lang='lat' dir='ltr'><strong>gentem</strong></span> <span class='ocrx_word' id='word_1_590' title='bbox 1506 4801 1773 4871; x_wconf 88' lang='lat' dir='ltr'><strong>pascebat</strong></span> <span class='ocrx_word' id='word_1_591' title='bbox 1835 4798 2127 4860; x_wconf 89' lang='lat' dir='ltr'><strong>Leontius,</strong></span> <span class='ocrx_word' id='word_1_592' title='bbox 2169 4799 2359 4852; x_wconf 85' lang='lat' dir='ltr'><strong>multis</strong></span> 
     </span>
    </p>
   </div>
   <div class='ocr_carea' id='block_1_93' title="bbox 788 4892 1682 4967">
    <p class='ocr_par' dir='ltr' id='par_1_93' title="bbox 788 4892 1682 4967">
     <span class='ocr_line' id='line_1_93' title="bbox 788 4892 1682 4967; baseline -0.01 -14"><span class='ocrx_word' id='word_1_593' title='bbox 788 4901 1053 4954; x_wconf 85' lang='lat' dir='ltr'><strong>virtutum</strong></span> <span class='ocrx_word' id='word_1_594' title='bbox 1099 4897 1395 4967; x_wconf 87' lang='lat' dir='ltr'><strong>generibus</strong></span> <span class='ocrx_word' id='word_1_595' title='bbox 1425 4892 1682 4946; x_wconf 83' lang='lat' dir='ltr'><strong>illustris.</strong></span> 
     </span>
    </p>
   </div>
   <div class='ocr_carea' id='block_1_94' title="bbox 998 5061 2164 5136">
    <p class='ocr_par' dir='ltr' id='par_1_94' title="bbox 998 5061 2164 5136">
     <span class='ocr_line' id='line_1_94' title="bbox 998 5061 2164 5136; baseline -0.009 -11"><span class='ocrx_word' id='word_1_596' title='bbox 998 5070 1151 5125; x_wconf 78' lang='lat' dir='ltr'><strong>CAP.</strong></span> <span class='ocrx_word' id='word_1_597' title='bbox 1193 5067 1430 5122; x_wconf 78' lang='lat' dir='ltr'><strong>XXVIII.</strong></span> <span class='ocrx_word' id='word_1_598' title='bbox 1531 5065 1616 5136; x_wconf 88' lang='grc' dir='ltr'><strong>ΙΒ.</strong></span> <span class='ocrx_word' id='word_1_599' title='bbox 1654 5064 1735 5118; x_wconf 89' lang='lat' dir='ltr'><strong>St.</strong></span> <span class='ocrx_word' id='word_1_600' title='bbox 1779 5063 1844 5117; x_wconf 77' lang='grc' dir='ltr'><strong>ν.</strong></span> <span class='ocrx_word' id='word_1_601' title='bbox 1884 5062 1986 5117; x_wconf 91' lang='lat' dir='ltr'><strong>Ch.</strong></span> <span class='ocrx_word' id='word_1_602' title='bbox 2026 5061 2164 5134; x_wconf 73' lang='lat'><strong>28.]</strong></span> 
     </span>
    </p>
   </div>
   <div class='ocr_carea' id='block_1_95' title="bbox 1062 5153 2073 5226">
    <p class='ocr_par' dir='ltr' id='par_1_95' title="bbox 1062 5153 2073 5226">
     <span class='ocr_line' id='line_1_95' title="bbox 1062 5153 2073 5226; baseline -0.008 -12"><span class='ocrx_word' id='word_1_603' title='bbox 1062 5161 1134 5214; x_wconf 79' lang='lat' dir='ltr'><strong>De</strong></span> <span class='ocrx_word' id='word_1_604' title='bbox 1169 5162 1346 5213; x_wconf 84' lang='lat' dir='ltr'><strong>divina</strong></span> <span class='ocrx_word' id='word_1_605' title='bbox 1378 5158 1534 5226; x_wconf 81' lang='lat' dir='ltr'><strong>hujus</strong></span> <span class='ocrx_word' id='word_1_606' title='bbox 1556 5156 1785 5225; x_wconf 72' lang='lat' dir='ltr'><strong>episcopi</strong></span> <span class='ocrx_word' id='word_1_607' title='bbox 1816 5153 2073 5207; x_wconf 80' lang='lat' dir='ltr'><strong>libertate.</strong></span> 
     </span>
    </p>
   </div>
   <div class='ocr_carea' id='block_1_96' title="bbox 862 5329 2360 5407">
    <p class='ocr_par' dir='ltr' id='par_1_96' title="bbox 862 5329 2360 5407">
     <span class='ocr_line' id='line_1_96' title="bbox 862 5329 2360 5407; baseline -0.007 -16"><span class='ocrx_word' id='word_1_608' title='bbox 862 5338 1087 5407; x_wconf 81' lang='lat' dir='ltr'><strong>Magnus</strong></span> <span class='ocrx_word' id='word_1_609' title='bbox 1131 5352 1262 5391; x_wconf 86' lang='lat' dir='ltr'><strong>vero</strong></span> <span class='ocrx_word' id='word_1_610' title='bbox 1304 5335 1566 5397; x_wconf 81' lang='lat' dir='ltr'><strong>Joannes,</strong></span> <span class='ocrx_word' id='word_1_611' title='bbox 1636 5330 1910 5399; x_wconf 84' lang='lat' dir='ltr'><strong>susceptis</strong></span> <span class='ocrx_word' id='word_1_612' title='bbox 1953 5329 2213 5383; x_wconf 64' lang='lat' dir='ltr'><strong>Ecclesiae</strong></span> <span class='ocrx_word' id='word_1_613' title='bbox 2259 5344 2360 5398; x_wconf 82' lang='lat' dir='ltr'><strong>gu-</strong></span> 
     </span>
    </p>
   </div>
   <div class='ocr_carea' id='block_1_97' title="bbox 792 5421 2360 5498">
    <p class='ocr_par' dir='ltr' id='par_1_97' title="bbox 792 5421 2360 5498">
     <span class='ocr_line' id='line_1_97' title="bbox 792 5421 2360 5498; baseline -0.006 -14"><span class='ocrx_word' id='word_1_614' title='bbox 792 5428 1120 5493; x_wconf 83' lang='lat' dir='ltr'><strong>bernaculis,</strong></span> <span class='ocrx_word' id='word_1_615' title='bbox 1146 5438 1200 5483; x_wconf 89' lang='lat' dir='ltr'><strong>et</strong></span> <span class='ocrx_word' id='word_1_616' title='bbox 1229 5429 1415 5498; x_wconf 87' lang='lat' dir='ltr'><strong>iniqua</strong></span> <span class='ocrx_word' id='word_1_617' title='bbox 1456 5424 1669 5498; x_wconf 77' lang='lat'><strong>1069</strong></span> <span class='ocrx_word' id='word_1_618' title='bbox 1700 5421 2065 5493; x_wconf 86' lang='lat' dir='ltr'><strong>quorumdam</strong></span> <span class='ocrx_word' id='word_1_619' title='bbox 2108 5421 2248 5475; x_wconf 76' lang='lat' dir='ltr'><strong>facta</strong></span> <span class='ocrx_word' id='word_1_620' title='bbox 2292 5421 2360 5475; x_wconf 92' lang='lat' dir='ltr'><strong>li-</strong></span> 
     </span>
    </p>
   </div>
   <div class='ocr_carea' id='block_1_98' title="bbox 2456 4629 4039 4700">
    <p class='ocr_par' dir='ltr' id='par_1_98' title="bbox 2456 4629 4039 4700">
     <span class='ocr_line' id='line_1_98' title="bbox 2456 4629 4039 4700; baseline -0.001 -17"><span class='ocrx_word' id='word_1_621' title='bbox 2456 4630 2552 4683; x_wconf 73' lang='lat' dir='ltr'><strong>xaI</strong></span> <span class='ocrx_word' id='word_1_622' title='bbox 2588 4630 2861 4700; x_wconf 82' lang='grc' dir='ltr'>Θεόδωρος</span> <span class='ocrx_word' id='word_1_623' title='bbox 2910 4630 3007 4700; x_wconf 83' lang='grc' dir='ltr'>τῆς</span> <span class='ocrx_word' id='word_1_624' title='bbox 3036 4630 3431 4699; x_wconf 78' lang='grc' dir='ltr'>Μοψουεστίας·</span> <span class='ocrx_word' id='word_1_625' title='bbox 3456 4631 3621 4699; x_wconf 72' lang='grc' dir='ltr'>ἄμφω</span> <span class='ocrx_word' id='word_1_626' title='bbox 3643 4630 3698 4681; x_wconf 77' lang='grc' dir='ltr'>δὲ</span> <span class='ocrx_word' id='word_1_627' title='bbox 3727 4629 4039 4682; x_wconf 75' lang='grc' dir='ltr'>διδασκάλω</span> 
     </span>
    </p>
   </div>
   <div class='ocr_carea' id='block_1_99' title="bbox 2455 4718 4040 4791">
    <p class='ocr_par' dir='ltr' id='par_1_99' title="bbox 2455 4718 4040 4791">
     <span class='ocr_line' id='line_1_99' title="bbox 2455 4718 4040 4791; baseline 0.015 -35"><span class='ocrx_word' id='word_1_628' title='bbox 2455 4720 2625 4790; x_wconf 66' lang='grc' dir='ltr'>ἦστην</span> <span class='ocrx_word' id='word_1_629' title='bbox 2662 4718 2920 4789; x_wconf 79' lang='grc' dir='ltr'>λαμπρὼ.</span> <span class='ocrx_word' id='word_1_630' title='bbox 2974 4719 3253 4790; x_wconf 88' lang='grc' dir='ltr'>Διέλαμπε</span> <span class='ocrx_word' id='word_1_631' title='bbox 3301 4721 3356 4773; x_wconf 75' lang='grc' dir='ltr'>δὲ</span> <span class='ocrx_word' id='word_1_632' title='bbox 3408 4721 3621 4773; x_wconf 88' lang='grc' dir='ltr'>συνέσει</span> <span class='ocrx_word' id='word_1_633' title='bbox 3671 4737 3731 4772; x_wconf 92' lang='grc' dir='ltr'><strong>τε</strong></span> <span class='ocrx_word' id='word_1_634' title='bbox 3786 4722 3883 4774; x_wconf 77' lang='grc' dir='ltr'>καὶ</span> <span class='ocrx_word' id='word_1_635' title='bbox 3938 4721 4040 4791; x_wconf 82' lang='grc' dir='ltr'><strong>βίῳ</strong></span> 
     </span>
    </p>
   </div>
   <div class='ocr_carea' id='block_1_100' title="bbox 2455 4810 4041 4881">
    <p class='ocr_par' dir='ltr' id='par_1_100' title="bbox 2455 4810 4041 4881">
     <span class='ocr_line' id='line_1_100' title="bbox 2455 4810 4041 4881; baseline 0 -18"><span class='ocrx_word' id='word_1_636' title='bbox 2455 4812 2483 4863; x_wconf 90' lang='grc' dir='ltr'><strong>ό</strong></span> <span class='ocrx_word' id='word_1_637' title='bbox 2521 4810 2663 4873; x_wconf 85' lang='grc' dir='ltr'>θεῖος</span> <span class='ocrx_word' id='word_1_638' title='bbox 2706 4810 2961 4870; x_wconf 81' lang='grc' dir='ltr'>Ἀκάκιος</span> <span class='ocrx_word' id='word_1_639' title='bbox 3018 4810 3213 4864; x_wconf 79' lang='grc' dir='ltr'>ἰθύνων</span> <span class='ocrx_word' id='word_1_640' title='bbox 3244 4811 3341 4881; x_wconf 86' lang='grc' dir='ltr'>τὴν</span> <span class='ocrx_word' id='word_1_641' title='bbox 3384 4812 3631 4880; x_wconf 76' lang='grc' dir='ltr'>Βέροιαν·</span> <span class='ocrx_word' id='word_1_642' title='bbox 3686 4811 3949 4873; x_wconf 83' lang='grc' dir='ltr'>Λεόντιος</span> <span class='ocrx_word' id='word_1_643' title='bbox 3983 4812 4041 4863; x_wconf 62' lang='grc' dir='ltr'>δὶ</span> 
     </span>
    </p>
   </div>
   <div class='ocr_carea' id='block_1_101' title="bbox 2455 4896 4041 4968">
    <p class='ocr_par' dir='ltr' id='par_1_101' title="bbox 2455 4896 4041 4968">
     <span class='ocr_line' id='line_1_101' title="bbox 2455 4896 4041 4968; baseline -0.003 -16"><span class='ocrx_word' id='word_1_644' title='bbox 2455 4896 2516 4952; x_wconf 80' lang='grc' dir='ltr'><strong>τὸ</strong></span> <span class='ocrx_word' id='word_1_645' title='bbox 2550 4897 2802 4951; x_wconf 84' lang='grc' dir='ltr'>Γαλατῶν</span> <span class='ocrx_word' id='word_1_646' title='bbox 2834 4899 3150 4968; x_wconf 81' lang='grc' dir='ltr'>ἐποίμαινεν</span> <span class='ocrx_word' id='word_1_647' title='bbox 3172 4900 3345 4962; x_wconf 77' lang='grc' dir='ltr'>ἔθνος,</span> <span class='ocrx_word' id='word_1_648' title='bbox 3372 4898 3584 4961; x_wconf 85' lang='grc' dir='ltr'>πολλοῖς</span> <span class='ocrx_word' id='word_1_649' title='bbox 3612 4898 3810 4951; x_wconf 82' lang='grc' dir='ltr'>εῐδεσιν</span> <span class='ocrx_word' id='word_1_650' title='bbox 3834 4897 4041 4968; x_wconf 72' lang='grc' dir='ltr'>ἀρετῆς</span> 
     </span>
    </p>
   </div>
   <div class='ocr_carea' id='block_1_102' title="bbox 2456 4989 2930 5061">
    <p class='ocr_par' dir='ltr' id='par_1_102' title="bbox 2456 4989 2930 5061">
     <span class='ocr_line' id='line_1_102' title="bbox 2456 4989 2930 5061; baseline -0.002 -20"><span class='ocrx_word' id='word_1_651' title='bbox 2456 4989 2930 5061; x_wconf 88' lang='grc' dir='ltr'>λαμπρυνόμενος.</span> 
     </span>
    </p>
   </div>
   <div class='ocr_carea' id='block_1_103' title="bbox 3032 5080 3450 5132">
    <p class='ocr_par' dir='ltr' id='par_1_103' title="bbox 3032 5080 3450 5132">
     <span class='ocr_line' id='line_1_103' title="bbox 3032 5080 3450 5132; baseline -0.002 0"><span class='ocrx_word' id='word_1_652' title='bbox 3032 5080 3285 5132; x_wconf 80' lang='grc' dir='ltr'><strong>ΚΕΦΑΛ.</strong></span> <span class='ocrx_word' id='word_1_653' title='bbox 3314 5080 3450 5131; x_wconf 72' lang='grc' dir='ltr'>κη’.</span> 
     </span>
    </p>
   </div>
   <div class='ocr_carea' id='block_1_104' title="bbox 2456 5167 4043 5306">
    <p class='ocr_par' dir='ltr' id='par_1_104' title="bbox 2456 5167 4043 5306">
     <span class='ocr_line' id='line_1_104' title="bbox 2456 5167 4043 5306; baseline -0.003 -83"><span class='ocrx_word' id='word_1_654' title='bbox 2456 5169 2593 5238; x_wconf 76' lang='grc' dir='ltr'>Περὶ</span> <span class='ocrx_word' id='word_1_655' title='bbox 2624 5168 2732 5237; x_wconf 85' lang='grc' dir='ltr'>τῆς</span> <span class='ocrx_word' id='word_1_656' title='bbox 2763 5170 2909 5223; x_wconf 78' lang='grc' dir='ltr'>κατὰ</span> <span class='ocrx_word' id='word_1_657' title='bbox 2944 5169 3094 5223; x_wconf 86' lang='grc' dir='ltr'>Θεὸν</span> <span class='ocrx_word' id='word_1_658' title='bbox 3118 5171 3331 5306; x_wconf 50' lang='grc' dir='ltr'>Ξούτρυ</span> <span class='ocrx_word' id='word_1_659' title='bbox 3381 5170 3486 5222; x_wconf 82' lang='grc' dir='ltr'>τοῦ</span> <span class='ocrx_word' id='word_1_660' title='bbox 3514 5167 3851 5221; x_wconf 76' lang='grc' dir='ltr'>ἐπισκόπου</span> <span class='ocrx_word' id='word_1_661' title='bbox 3893 5167 4043 5234; x_wconf 61' lang='grc' dir='ltr'>παῤ.</span> 
     </span>
     <span class='ocr_line' id='line_1_105' title="bbox 3168 5255 3365 5305; baseline 0.02 -15"><span class='ocrx_word' id='word_1_662' title='bbox 3168 5255 3365 5305; x_wconf 82' lang='grc' dir='ltr'>ησιας.</span> 
     </span>
    </p>
   </div>
   <div class='ocr_carea' id='block_1_105' title="bbox 3168 5255 3365 5294">
    <p class='ocr_par' dir='ltr' id='par_1_105' title="bbox 3168 5255 3365 5294">
     <span class='ocr_line' id='line_1_106' title="bbox 3168 5255 3365 5294; baseline 0.02 -4"><span class='ocrx_word' id='word_1_663' title='bbox 3168 5255 3365 5294; x_wconf 74' lang='grc' dir='ltr'>ησιαρ.</span> 
     </span>
    </p>
   </div>
   <div class='ocr_carea' id='block_1_106' title="bbox 2536 5258 4042 5399">
    <p class='ocr_par' dir='ltr' id='par_1_106' title="bbox 2536 5258 4042 5399">
     <span class='ocr_line' id='line_1_107' title="bbox 3168 5258 3365 5294; baseline 0.02 -4"><span class='ocrx_word' id='word_1_664' title='bbox 3168 5258 3309 5291; x_wconf 74' lang='lat' dir='ltr'><strong>ima</strong></span> <span class='ocrx_word' id='word_1_665' title='bbox 3352 5282 3365 5294; x_wconf 90' lang='lat'><strong>.</strong></span> 
     </span>
     <span class='ocr_line' id='line_1_108' title="bbox 2536 5258 4042 5399; baseline -0.003 -16"><span class='ocrx_word' id='word_1_666' title='bbox 2536 5329 2596 5383; x_wconf 85' lang='lat'><strong>&#39;0</strong></span> <span class='ocrx_word' id='word_1_667' title='bbox 2634 5330 2688 5382; x_wconf 87' lang='grc' dir='ltr'>δὲ</span> <span class='ocrx_word' id='word_1_668' title='bbox 2720 5330 2892 5399; x_wconf 87' lang='grc' dir='ltr'>μέγας</span> <span class='ocrx_word' id='word_1_669' title='bbox 2928 5258 3345 5399; x_wconf 49' lang='grc' dir='ltr'>Ἰωάνντῗςιτοὺὲ</span> <span class='ocrx_word' id='word_1_670' title='bbox 3362 5330 3402 5363; x_wconf 82' lang='grc'><strong>¹⁹</strong></span> <span class='ocrx_word' id='word_1_671' title='bbox 3441 5327 3763 5397; x_wconf 82' lang='grc' dir='ltr'>Ἐκκλησίας</span> <span class='ocrx_word' id='word_1_672' title='bbox 3802 5325 4042 5396; x_wconf 81' lang='grc' dir='ltr'>δεξάμε-</span> 
     </span>
    </p>
   </div>
   <div class='ocr_carea' id='block_1_107' title="bbox 2459 5412 4045 5491">
    <p class='ocr_par' dir='ltr' id='par_1_107' title="bbox 2459 5412 4045 5491">
     <span class='ocr_line' id='line_1_109' title="bbox 2459 5412 4045 5491; baseline -0.003 -18"><span class='ocrx_word' id='word_1_673' title='bbox 2459 5436 2548 5483; x_wconf 90' lang='grc' dir='ltr'><strong>νος</strong></span> <span class='ocrx_word' id='word_1_674' title='bbox 2568 5420 2779 5483; x_wconf 78' lang='grc' dir='ltr'>οἴακας,</span> <span class='ocrx_word' id='word_1_675' title='bbox 2802 5420 2899 5483; x_wconf 82' lang='grc' dir='ltr'><strong>τάς</strong></span> <span class='ocrx_word' id='word_1_676' title='bbox 2920 5438 2979 5473; x_wconf 90' lang='grc' dir='ltr'><strong>τε</strong></span> <span class='ocrx_word' id='word_1_677' title='bbox 3010 5421 3162 5491; x_wconf 88' lang='grc' dir='ltr'>παρά</span> <span class='ocrx_word' id='word_1_678' title='bbox 3193 5438 3351 5473; x_wconf 87' lang='grc' dir='ltr'>τινων</span> <span class='ocrx_word' id='word_1_679' title='bbox 3376 5412 3665 5489; x_wconf 81' lang='grc' dir='ltr'>γινομένας</span> <span class='ocrx_word' id='word_1_680' title='bbox 3691 5417 3911 5481; x_wconf 86' lang='grc' dir='ltr'>ἀδικίας</span> <span class='ocrx_word' id='word_1_681' title='bbox 3944 5418 4045 5469; x_wconf 76' lang='grc' dir='ltr'>σὺν</span> 
     </span>
    </p>
   </div>
   <div class='ocr_carea' id='block_1_108' title="bbox 2046 5592 2719 5650">
    <p class='ocr_par' dir='ltr' id='par_1_108' title="bbox 2046 5592 2719 5650">
     <span class='ocr_line' id='line_1_110' title="bbox 2046 5592 2719 5650; baseline 0.001 -1"><span class='ocrx_word' id='word_1_682' title='bbox 2046 5595 2279 5649; x_wconf 78' lang='lat' dir='ltr'><strong>VARUE</strong></span> <span class='ocrx_word' id='word_1_683' title='bbox 2322 5592 2719 5650; x_wconf 74' lang='lat' dir='ltr'><strong>LECTIONES.</strong></span> 
     </span>
    </p>
   </div>
   <div class='ocr_carea' id='block_1_109' title="bbox 862 5706 4047 5787">
    <p class='ocr_par' dir='ltr' id='par_1_109' title="bbox 862 5706 4047 5787">
     <span class='ocr_line' id='line_1_111' title="bbox 862 5706 4047 5787; baseline -0.003 -17"><span class='ocrx_word' id='word_1_684' title='bbox 862 5720 903 5751; x_wconf 83' lang='lat'>&quot;</span> <span class='ocrx_word' id='word_1_685' title='bbox 926 5717 1111 5787; x_wconf 76' lang='grc' dir='ltr'>αὐτήν.</span> <span class='ocrx_word' id='word_1_686' title='bbox 1149 5716 1485 5787; x_wconf 72' lang='lat' dir='ltr'><strong>Pinicozlex.</strong></span> <span class='ocrx_word' id='word_1_687' title='bbox 1542 5712 1793 5787; x_wconf 82' lang='lat' dir='ltr'><strong>&quot;_Sic_et</strong></span> <span class='ocrx_word' id='word_1_688' title='bbox 1820 5710 1983 5787; x_wconf 63' lang='lat' dir='ltr'><strong>Basil.</strong></span> <span class='ocrx_word' id='word_1_689' title='bbox 2008 5708 2224 5787; x_wconf 74' lang='lat' dir='ltr'><strong>Gr._Sed</strong></span> <span class='ocrx_word' id='word_1_690' title='bbox 2250 5707 2406 5787; x_wconf 57' lang='lat' dir='ltr'><strong>codd:</strong></span> <span class='ocrx_word' id='word_1_691' title='bbox 2441 5706 2560 5787; x_wconf 61' lang='lat' dir='ltr'><strong>Pini</strong></span> <span class='ocrx_word' id='word_1_692' title='bbox 2589 5717 2643 5763; x_wconf 92' lang='lat' dir='ltr'><strong>et</strong></span> <span class='ocrx_word' id='word_1_693' title='bbox 2671 5708 2932 5779; x_wconf 88' lang='lat' dir='ltr'><strong>Stephani</strong></span> <span class='ocrx_word' id='word_1_694' title='bbox 2967 5728 2979 5762; x_wconf 90' lang='lat'>:</span> <span class='ocrx_word' id='word_1_695' title='bbox 3009 5709 3369 5781; x_wconf 83' lang='grc' dir='ltr'>Τηλεμάχιος.</span> <span class='ocrx_word' id='word_1_696' title='bbox 3444 5710 3489 5742; x_wconf 78' lang='grc'><strong>⁸⁷</strong></span> <span class='ocrx_word' id='word_1_697' title='bbox 3520 5707 3835 5771; x_wconf 75' lang='grc' dir='ltr'>Λαοδικίας.</span> <span class='ocrx_word' id='word_1_698' title='bbox 3868 5708 4047 5764; x_wconf 80' lang='lat' dir='ltr'><strong>Basil.</strong></span> 
     </span>
    </p>
   </div>
   <div class='ocr_carea' id='block_1_110' title="bbox 795 5775 2564 5855">
    <p class='ocr_par' dir='ltr' id='par_1_110' title="bbox 795 5775 2564 5855">
     <span class='ocr_line' id='line_1_112' title="bbox 795 5775 2564 5855; baseline -0.008 -11"><span class='ocrx_word' id='word_1_699' title='bbox 795 5789 890 5844; x_wconf 86' lang='lat' dir='ltr'><strong>Gr.</strong></span> <span class='ocrx_word' id='word_1_700' title='bbox 973 5775 1233 5842; x_wconf 60' lang='lat' dir='ltr'><strong>&quot;baddit</strong></span> <span class='ocrx_word' id='word_1_701' title='bbox 1267 5786 1406 5840; x_wconf 84' lang='lat' dir='ltr'><strong>idem</strong></span> <span class='ocrx_word' id='word_1_702' title='bbox 1441 5783 1771 5855; x_wconf 79' lang='lat' dir='ltr'><strong>cumStcph.</strong></span> <span class='ocrx_word' id='word_1_703' title='bbox 1847 5778 2013 5847; x_wconf 70' lang='grc' dir='ltr'>’ντῆς</span> <span class='ocrx_word' id='word_1_704' title='bbox 2060 5781 2208 5834; x_wconf 85' lang='lat' dir='ltr'><strong>addit</strong></span> <span class='ocrx_word' id='word_1_705' title='bbox 2260 5777 2424 5831; x_wconf 84' lang='lat' dir='ltr'><strong>Basil.</strong></span> <span class='ocrx_word' id='word_1_706' title='bbox 2471 5775 2564 5831; x_wconf 90' lang='lat' dir='ltr'><strong>Gr.</strong></span> 
     </span>
    </p>
   </div>
  </div>
