4206 6456
791 396 925 463 1259

1733 393 2224 454 THEODORETI
2254 388 2592 450 EPISCOPI
2620 394 2986 455 CYRENSIS

3904 406 4045 471 126:)

783 506 974 575 genitis
1003 503 1228 557 idoneos
1265 502 1503 555 mitteret
1536 502 1883 557 obsecrabat.
1919 502 2026 557 Sed
2068 513 2122 555 et
2156 501 2213 555 in
2271 515 2338 554 re

2457 497 2689 569 ἐδήλωσε
2732 502 2829 573 τὴν
2873 504 3194 576 μεταὸολὴν,
3247 508 3341 559 καὶ
3391 509 3701 580 πεμφθῆναι
3748 500 3801 545 ’θ’
3839 515 4046 585 ἄνδρας

779 600 942 667 gione
982 604 1167 649 nostra
1206 592 1498 646 Marcionis
1527 593 1721 649 haeresi
1780 594 2031 649 laborare
2086 593 2355 662 quosdam

780 694 932 744 vicos
988 686 1320 754 intelligens,
1354 685 1618 755 episcOpo
1678 687 1769 756 qui
1802 695 1932 740 tunc
1971 694 2089 741 erat
2148 686 2356 737 litteras

724 815 733 825 ~
778 781 1021 849 scripsit,
1063 778 1290 832 hortans
1326 785 1385 829 ut
1424 777 1679 830 morbum
1719 776 2356 846 proﬂigaret,simulque

779 871 1053 939 regiarum
1105 868 1287 937 legum
1335 867 1654 922 subsidium
1710 866 2166 921 subministratis.
2205 865 2354 931 Quo-

776 964 938 1014 modo
986 959 1153 1029 igitur
1222 958 1597 1014 Ecclesiarum
1673 960 2101 1013 sollicitudinem
2169 957 2353 1011 animo

770 1053 929 1121 juxta
974 1052 1297 1122 Apostolum
1355 1049 1760 1118 circumferret,
1793 1052 1928 1106 satis
1979 1050 2182 1104 docere
2243 1049 2349 1104 ista

775 1151 1031 1214 possunt.

847 1326 1053 1394 1071
1093 1322 1179 1396 [V.
1214 1324 1314 1378 Ch.
1355 1324 1471 1396 '52.|
1506 1325 1634 1394 Ejus
1669 1340 1798 1379 vero
1836 1325 2139 1379 libertatem
2184 1327 2349 1382 etiam

772 1420 994 1472 aliunde
1031 1419 1157 1471 licet
1185 1432 1541 1487 cognoscere.

1131 1515 1145 1533 ‘
1197 1509 1347 1563 CAP.
1399 1508 1617 1563 XXXII.
1648 1509 1733 1582 [Β.
1764 1510 1845 1565 St.
1878 1510 1991 1579 52.]

774 1604 849 1657 lie
907 1602 1093 1657 Guina:
1143 1602 1541 1669 postulatione,
1592 1611 1641 1681 ει
1701 1601 1928 1654 Joannis
1984 1601 2348 1673 Clirysostomi

1383 1688 1743 1739 responsione.

838 1760 1045 1815 Gaiuas
1085 1761 1333 1832 quidam,
1377 1759 1597 1812 natione
1629 1756 1853 1827 Scytha,
1888 1763 1980 1813 sed
2020 1769 2201 1815 mente
2224 1760 2349 1815 bar-

2460 592 2595 660 πρδς
2614 592 2712 662 τὴν
2738 595 2943 648 τούτων
3001 598 3264 666 ποδηγίαν
3297 600 3633 668 ἐπιτηδείους
3665 604 3921 671 ἠξίωσεν.
3945 607 4043 657 Ἐν

2456 684 2522 751 τῇ
2571 681 2726 754 χώρᾳ
2770 686 2827 736 δὲ
2865 689 2930 756 τῇ
2974 688 3219 757 ἡμετέρᾳ
3250 687 3349 759 τὴν
3387 689 3712 760 Μαρκίωνος
3744 692 3900 744 νόσον
3930 694 4045 747 κώ⁸

2459 788 2589 841 μαις
2615 775 2754 826 τισὶν
2777 776 3080 845 ἐπισκῆψαι
3100 778 3307 845 μαθὼν,
3327 780 3604 831 ἐπέστειλε
3629 781 3705 849 τῷ
3732 782 4043 851 τηνικαῦτα

2456 863 2816 932 ποιμαίνοντι,
2850 868 2944 919 καὶ
2973 868 3297 937 προτρέπων
3329 868 3578 932 ἐξελάσαι
3609 871 3708 939 τὴν
3734 872 3911 934 νόσον,
3944 873 4043 925 καὶ

2454 956 2555 1025 τὴν
2580 958 2686 1011 ἀπὺ
2732 959 2841 1012 τῶν
2898 960 3193 1030 βασιλικῶν
3222 962 3403 1031 νόμων
3449 966 3769 1034 ἐπικουρίαν
3803 965 4039 1033 ὀρέγων.

2458 1048 2642 1113 Ὅπως
2674 1052 2770 1121 μὲν
2806 1049 2903 1107 οὖν
2931 1054 3034 1125 τὴν
3062 1055 3170 1107 τῶν
3202 1055 3540 1125 Ἐκκλησιῶν
3570 1056 3843 1125 μέριμναν
3879 1058 3938 1107 ἐν
3971 1060 4037 1126 τῇ

2453 1138 2598 1211 ψυχῇ
2628 1144 2945 1215 περιέφερε,
2983 1144 3126 1198 κατὰ
3160 1145 3250 1199 τὸν
3302 1144 3444 1197 θεῖον
3487 1146 3829 1211 Ἀπόστολον,
3873 1146 4041 1200 ἱκανὰ

2454 1237 2547 1287 καὶ
2567 1235 2739 1289 ταῦτα
2759 1237 2985 1304 διδάξαι.

2527 1326 2684 1380 Ἔστι
2731 1327 2787 1381 δὲ
2842 1330 2934 1382 καὶ
2962 1330 3226 1400 ἑτέρωθεν
3271 1331 3437 1384 αὑτοῦ
3466 1331 3565 1403 τὴν
3589 1331 3905 1403 παρρησίαν
3936 1350 4040 1403 μα-

2454 1419 2585 1471 θεῖν.

3032 1514 3280 1566 ΚΕΦΑΑ.
3317 1513 3439 1565 AB‘.

2456 1602 2596 1670 Περὶ
2636 1603 2747 1671 τῆς
2772 1602 2965 1677 Γαῖ’νᾷ
2981 1605 3024 1636 ³⁰
3047 1604 3358 1677 αἰτήσεως,
3383 1606 3479 1659 καὶ
3503 1605 3613 1673 τῆς
3628 1607 3831 1676 ἀντιρῤ
3842 1609 4032 1677 ήσεως

2831 1675 3114 1729 Ἰωάννου
3142 1676 3249 1730 τοῦ
3290 1677 3654 1731 ἐπισκόπου.

2522 1764 2721 1829 Γαῖνᾶς
2750 1766 2790 1796 ³¹
2834 1784 2937 1830 τις,
2977 1766 3190 1837 Σκύθης
3230 1768 3327 1837 μὲν
3367 1768 3429 1820 τὸ
3469 1769 3647 1837 γένος,
3682 1769 4034 1839 βαρὸαρικῶο

767 1852 974 1916 lmrinr,
1007 1866 1059 1907 et
1096 1851 1389 1907 insolentia
1437 1850 1745 1920 tyrannica,
1805 1852 2063 1920 magister
2109 1853 2338 1905 militum

2450 1871 2607 1925 τερος
2643 1856 2699 1908 δὲ
2727 1857 2827 1927 τὴν
2857 1859 3104 1927 γνώμην,
3151 1860 3457 1928 φρονήματι
3496 1860 3552 1911 δὲ
3595 1862 3908 1930 τυραννικῷ
3941 1879 4034 1914 κε-

763 1957 883 1999 erat
920 1948 1009 2001 illo
1043 1955 1286 2015 tempore
1331 1947 1422 2016 qui
1463 1953 1517 1999 et
1548 1961 1576 1999 e
1608 1954 1766 2013 gente
1807 1961 1905 1999 sua
1950 1948 2053 2000 sub
2084 1962 2142 2000 se
2175 1947 2343 2001 liabe-

768 2041 857 2091 bat
910 2039 1194 2107 plurimos,
1242 2049 1295 2091 et
1353 2052 1475 2089 cum
1526 2035 1611 2089 his
1656 2034 2027 2089 Romanorum
2095 2038 2343 2107 equitum

768 2130 1119 2199 peditumque
1166 2130 1397 2183 ducebat
1448 2130 1772 2181 exercitum.
1824 2127 2137 2183 Metuebant
2188 2130 2340 2184 illum

768 2238 934 2290 porro
963 2238 1069 2274 nou
1108 2222 1285 2275 solum
1322 2219 1412 2273 alii
1454 2235 1665 2283 omnes,
1697 2220 1790 2273 sed
1838 2222 1951 2290 ipse
1981 2222 2143 2276 etiam
2172 2223 2344 2292 impe-

764 2327 934 2375 rator,
984 2313 1239 2367 meditari
1289 2327 1414 2366 eum
1463 2311 1808 2382 tyrannidem
1854 2313 2187 2382 intelligens.
2244 2312 2344 2369 llic

761 2408 963 2460 Ariana
1005 2406 1123 2459 labe
1156 2406 1396 2459 infectus
1427 2419 1549 2455 eum
1584 2413 1754 2470 esset,
1801 2420 1970 2457 unum
2012 2406 2113 2459 sibi
2146 2421 2175 2459 e
2200 2404 2343 2459 divi-

762 2501 847 2553 nis
878 2498 1096 2568 templis
1130 2498 1248 2551 dari
1283 2497 1452 2566 petiit.
1493 2495 1796 2566 Imperator
1833 2506 2253 2567 prospecturum
2286 2516 2343 2556 se

761 2604 1191 2659 i-uraluruinque
1222 2589 1515 2659 promisit:
1548 2599 1632 2655 et,
1670 2592 1845 2645 accito
1880 2590 2067 2645 divino
2106 2591 2340 2656 Joanne,

762 2686 1081 2747 petitionem
1132 2681 1409 2749 exposuit,
1460 2682 1759 2750 potentiam
1814 2684 1959 2738 illius
2005 2699 2342 2741 commento-

760 2791 911 2839 rans,
945 2785 991 2828 et
1020 2773 1330 2844 tyrannidis
1370 2772 1717 2827 allectionem
1746 2774 2005 2839 innuens,
2038 2777 2344 2847 orabatque

760 2878 817 2920 ut
848 2868 1069 2921 barbari
1113 2864 1356 2920 furorem
1412 2868 1770 2921 concessione
1809 2868 1914 2921 isla
1967 2871 2222 2924 frenaret.
2274 2871 2343 2925 At

758 2973 1058 3028 generosus
1086 2957 1175 3011 ille
1211 2957 1335 3008 vir:
1382 2974 1398 3006 ι
1440 2954 1518 3011 Ne
1562 2958 1710 3021 talia,
1750 2960 1946 3029 inquit,
1995 2964 2339 3030 promiseris,

760 3052 1085 3115 imperator,
1129 3059 1229 3100 nec
1252 3054 1443 3099 sancta
1474 3046 1705 3099 canibus
1731 3048 1862 3101 dare
1902 3049 2157 3117 jusseris.
2190 3051 2341 3104 Nun-

756 3154 920 3205 quam
947 3138 1095 3191 enim
1131 3135 1497 3199 committam,
1533 3144 1592 3187 ut
1619 3152 1734 3199 eos,
1770 3139 1863 3207 qui
1896 3138 2065 3193 Deum
2101 3139 2333 3196 Verbum

759 3230 1078 3301 praedicant,
1110 3237 1163 3283 et
1193 3228 1448 3283 laudibus
1471 3228 1772 3295 celebrant,
1794 3230 2032 3298 ejiciam,
2060 3234 2335 3288 dit-inum-

756 3339 865 3393 que
899 3321 1158 3389 templum
1210 3320 1279 3374 iis
1330 3321 1566 3385 tradam,
1618 3322 1710 3390 qui
1773 3324 2028 3376 eumdem
2089 3325 2340 3395 blasphe-

757 3425 924 3468 mant.
964 3412 1069 3467 Nec
1106 3428 1236 3467 vero
1266 3412 1561 3466 barbarum
1624 3414 1776 3467 illum
1838 3412 2120 3481 formides,
2163 3419 2337 3488 impe-

756 3518 904 3560 rator
941 3524 953 3559 :
992 3506 1086 3559 sed
1124 3504 1338 3566 ambos,
1369 3521 1455 3558 me
1506 3514 1558 3557 et
1600 3504 1749 3557 illum
1787 3507 2083 3571 advocatis,
2119 3510 2337 3563 silentio

754 3615 876 3667 qua:
907 3598 1159 3652 dicentur
1195 3596 1417 3657 exaudi,
1460 3606 1512 3651 et
1544 3612 1644 3666 ego
1670 3598 1788 3665 ejus
1817 3599 2056 3669 linguam
2088 3600 2334 3668 frenabo,

754 3692 1152 3760 addueamque,
1201 3700 1257 3743 ut
1313 3689 1538 3743 minime
1584 3690 1634 3742 id
1674 3700 1842 3759 petat,
1877 3692 2019 3760 quod
2068 3691 2185 3746 dari
2227 3711 2333 3748 non

753 3783 990 3853 expedit.
1038 3802 1052 3832 ι
1112 3780 1206 3836 llis
1252 3781 1454 3835 auditis
1516 3783 1738 3850 gavisus
1796 3792 1879 3836 est
1932 3783 2250 3853 imperator,
2283 3793 2335 3839 et

754 3876 1017 3946 postridie
1056 3876 1249 3927 ambos
1286 3873 1497 3942 1072
1530 3876 1843 3928 advocavit.
1884 3874 1948 3928 Et
1980 3875 2184 3932 Gainas
2212 3881 2334 3947 qui-

752 3974 874 4021 item
907 3968 1239 4036 promissum
1273 3968 1606 4034 exposcebat
1633 3987 1643 4021 :
1678 3983 1909 4037 magnus
1939 3984 2064 4023 vero
2091 3969 2332 4027 Joannes

754 4056 1087 4111 reclamabat
1120 4054 1335 4118 dicens,
1378 4071 1484 4108 non
1522 4056 1687 4110 licere
1718 4056 2054 4127 imperatori,
2084 4062 2177 4131 qui
2218 4063 2334 4131 pie-

751 4158 913 4201 tatem
968 4148 1305 4214 proﬁteatur,
1355 4146 1624 4202 adversus
1654 4164 1741 4203 res
1775 4150 1994 4206 divinas
2028 4154 2329 4224 quidquam

753 4240 951 4292 moliri.
983 4240 1229 4307 Cumque
1253 4238 1545 4293 aﬂirmaret
1573 4241 1680 4305 ille,
1709 4242 1811 4296 sibi
1838 4245 2000 4297 etiam
2029 4248 2328 4301 oratoriam

752 4347 969 4385 itutnuiu
998 4331 1236 4399 aliquam
1268 4347 1389 4385 esse
1420 4344 1706 4401 oportere:
1735 4351 1752 4384 ι
1780 4333 1905 4388 Tibi
1937 4352 2085 4399 vero,
2113 4341 2185 4393 ait
2213 4357 2327 4393 ma-

751 4440 890 4489 ιςςιιιε
912 4422 1151 4476 Joannes
1176 4464 1187 4486 ,
1214 4422 1412 4477 divina:
1434 4426 1578 4479 sedes
1605 4440 1798 4480 omnes
1834 4435 2054 4491 patent,
2081 4438 2133 4483 et
2169 4448 2329 4486 nemo

2448 1946 2743 2015 χρημένος.
2792 1948 3119 2017 ἐστρατήγει
3171 1946 3292 2001 κατ’
3342 1950 3549 2001 ἐκεῖνον
3597 1949 3689 2001 τὸν
3730 1951 3924 2019 χρόνον
3964 1952 4032 2000 ⁸⁸.

2446 2037 2674 2101 πολλοὺς
2728 2038 2827 2108 μὲν
2881 2040 2974 2091 καὶ
3023 2039 3133 2091 τῶν
3194 2040 3485 2109 ὁμοφύλων
3538 2042 3815 2111 ὑπηκόους
3866 2044 4031 2112 ἔχων,

2444 2129 2597 2197 ἄγων
2643 2130 2701 2182 δὲ
2761 2130 2899 2199 μετὰ
2947 2130 3152 2183 τούτων
3207 2132 3301 2183 καὶ
3352 2131 3461 2184 τῶν
3509 2132 3796 2202 Ῥωμαίων
3836 2135 3939 2203 τήν
3972 2151 4033 2186 τε

2446 2220 2675 2291 ἱππικὴν
2742 2222 2835 2274 καὶ
2882 2221 3112 2291 πεζικὴν
3158 2223 3435 2293 στρατιάν.
3478 2223 3875 2294 Ἐπεφρίκεσαν
3906 2226 3954 2256 ³³
3974 2225 4033 2279 δὲ

2443 2311 2607 2365 αὑτὸν
2642 2312 2703 2364 οὑ
2742 2312 2902 2382 μόνον
2942 2314 2991 2364 οἱ
3026 2312 3177 2366 ἄλλοι
3216 2312 3439 2374 πάντες,
3475 2312 3621 2365 ἀλλὰ
3650 2314 3745 2367 καὶ
3809 2315 3974 2377 αὐτὸς
4004 2317 4035 2368 δ

2445 2403 2717 2474 βασιλεὺς,
2757 2404 2853 2475 τὴν
2887 2405 3270 2475 μελετωμένην
3315 2404 3670 2476 ὑφορώμενος
3712 2410 4029 2477 τυραννίδα.

2445 2492 2611 2559 Οὗτος
2640 2499 2737 2566 τῆς
2774 2497 2987 2566 Ἀρείου
3020 2496 3202 2567 λώϐης
3228 2497 3572 2568 μεταλαχὼν,
3607 2498 3702 2553 ἕνα
3737 2500 3884 2570 αὑτῷ
3907 2501 4032 2554 δοῦ-

2445 2603 2530 2641 ναι
2560 2586 2605 2618 ³³
2652 2587 2760 2640 τῶν
2799 2588 2959 2640 θείων
3004 2588 3189 2658 σηκῶν
3222 2590 3518 2661 ἐπήγγειλε
3567 2590 3613 2621 ³⁵
3650 2591 3741 2644 τὸν
3777 2591 4029 2661 βασιλέα.

2456 2679 2513 2731 '0
2546 2678 2602 2732 δὲ
2633 2681 2931 2750 σκοπησειν
2982 2680 3108 2750 ἔφη,
3145 2682 3237 2733 καὶ
3285 2681 3645 2751 θεραπεύσειν
3677 2683 3721 2715 ³⁸
3763 2686 4031 2755 ἐπηγγείο

2444 2772 2591 2835 λατο,
2648 2773 2740 2824 καὶ
2771 2772 2861 2825 τὸν
2896 2772 3037 2825 θεῖον
3090 2773 3585 2843 μεταπεμψάμενος
3622 2775 3895 2846 Ἰωάννην,
3934 2780 4033 2829 καὶ

2443 2862 2541 2933 τὴν
2571 2863 2784 2933 αἴτησιν
2812 2860 2953 2929 εἷπε,
2997 2865 3091 2917 καὶ
3120 2865 3219 2934 τῆς
3262 2865 3579 2927 δυναστείας
3608 2866 3904 2936 ἀνέμνησε,
3933 2870 4032 2919 καὶ

2444 2956 2541 3024 τὴν
2577 2955 2960 3025 μελετωμένην
2997 2956 3295 3027 ὑπῃνίξατο
3320 2957 3630 3025 τυραννίδα,
3656 2958 3747 3009 καὶ
3781 2960 4033 3026 παρεκά-

2444 3044 2525 3097 λει
2580 3048 2641 3115 τῇ
2674 3046 2816 3099 δόσει
2849 3046 2938 3099 τὸν
2972 3046 3065 3098 τοῦ
3113 3046 3389 3117 βαρϐάρου
3412 3047 3707 3117 χαλινῶσαι
3742 3048 3934 3117 θυμόν.
3968 3048 4030 3101 Ὀ

2447 3136 2503 3188 δὲ
2546 3141 2791 3202 γενναῖος
2814 3139 3019 3200 ἐκεῖνος
3055 3139 3216 3209 ἀνήρ·
3253 3156 3270 3189 ι
3301 3140 3390 3208 Μὴ
3420 3138 3666 3203 τοιαῦτα,
3698 3140 3821 3209 ἔφη,
3844 3134 3888 3192 ὦ
3924 3140 4028 3210 βα-

2445 3228 2613 3291 σιλεῦ,
2647 3227 2927 3295 ὑπισχνοῦ,
2962 3228 3094 3298 μηδὲ
3124 3228 3319 3280 διδόναι
3369 3223 3744 3298 παρακελεύου
3771 3230 3839 3281 τὰ
3890 3231 4029 3293 arta

2439 3322 2548 3382 τοῖς
2609 3320 2784 3373 κυσίν.
2827 3320 2900 3372 Οὐ
2939 3323 3047 3390 γὰρ
3099 3320 3383 3389 ἀνέξομαι,
3440 3321 3569 3383 τοὺς
3617 3322 3715 3391 μὲν
3750 3322 3839 3373 τὸν
3884 3322 4026 3376 Θεὸν

2438 3409 2609 3476 Λόγον
2661 3408 3045 3475 θεολοχοῦντάς
3102 3426 3158 3461 τε
3218 3409 3311 3460 καὶ
3362 3407 3661 3478 ὑμνοῦντας
3708 3408 4021 3476 ἐξαγαγεῖν,

2436 3506 2549 3563 τοῖς
2598 3503 2653 3555 δὲ
2703 3502 2891 3555 τοῦτον
2939 3503 3347 3572 βλασφημοῦσιν
3377 3502 3620 3555 ἐκδοῦναι
3648 3503 3691 3533 ³⁷
3735 3503 3826 3554 τὸν
3877 3502 4023 3555 θεῖον

2438 3594 2593 3649 νεών,
2632 3596 2741 3647 Καὶ
2800 3594 2959 3663 μήτοι
3012 3595 3194 3664 δείσῃς
3235 3596 3326 3646 τὸν
3364 3594 3641 3664 βάρϐαρον
3686 3596 3921 3659 ἐκεῖνον,
3977 3589 4023 3646 ὦ

2438 3683 2681 3755 βασιλεῦ,
2714 3687 2849 3739 ἀλλὰ
2896 3688 3063 3756 ἄμφω
3094 3688 3354 3749 καλέσας,
3386 3687 3483 3757 ἐμέ
3511 3704 3570 3739 τε
3621 3688 3891 3748 κάκεῖνον,
3954 3692 4020 3740 σὺ

2440 3775 2539 3845 μὲν
2568 3778 2743 3845 ἡσυχῆ
2788 3776 2896 3827 τῶν
2924 3776 3234 3844 λεγομένων
3278 3776 3541 3837 ὑπάκουε,
3571 3775 3679 3840 ἐγὼ
3710 3776 3765 3827 δὲ
3804 3776 4017 3828 ἐκείνου

2434 3867 2720 3938 χαλινώσω
2743 3869 2841 3937 τὴν
2868 3866 3145 3935 γλῶτταν,
3188 3866 3491 3918 καὶ-πείσω
3540 3866 3741 3936 ἥκιστα
3786 3868 4017 3937 αἰτῆσαι

2434 3961 2461 4013 ὃ
2498 3960 2571 4031 μὴ
2619 3960 2804 4012 δοῦναι
2846 3959 3132 4029 συμφέρει.
3170 3980 3187 4009 ο
3239 3958 3455 4011 Τοὺτων
3500 3957 3740 4021 ἀκούσας
3788 3960 3817 4010 δ
3861 3958 4019 4024 βασι⁴

2434 4051 2582 4115 λεὺς,
2613 4051 2753 4121 ἥσθη
2786 4069 2843 4103 τε
2881 4055 2973 4104 καὶ
3003 4053 3067 4121 τῇ
3100 4050 3359 4119 ὑστεραίᾳ
3389 4050 3728 4121 ἀμφοτέρους
3760 4050 4013 4103 ἐκάλεσε.

2434 4147 2542 4198 Καὶ
2565 4148 2591 4197 ὁ
2618 4146 2717 4215 μὲν
2747 4144 2844 4214 τὴν
2894 4142 3044 4215 [23b]
3087 4141 3418 4210 ἐπαγγελίαν
3452 4141 3649 4210 ἐζήτει·
3682 4142 3710 4193 ό
3751 4141 3806 4193 δὲ
3839 4141 4015 4210 μέγας

2432 4235 2685 4306 Ἰωάννης
2716 4236 2967 4302 ἀντέλεγε
3005 4236 3249 4303 φάσκων,
3275 4234 3375 4285 οὑκ
3409 4232 3607 4297 ἐξεῖναι
3664 4232 3873 4302 βασιλεί
3902 4234 4014 4285 τῶν

2432 4328 2589 4379 θείων
2620 4329 2962 4399 κατατολμᾷν
2994 4328 3236 4380 εὐσεϐεῖν
3269 4344 3326 4394 γε
3374 4326 4013 4397 προαιρουμὲνιςι.Ἐκεί-

2431 4435 2519 4468 νου
2545 4419 2599 4470 δὲ
2628 4419 2876 4484 λέγοντος
2931 4417 3005 4480 ὡς
3036 4418 3141 4487 χρὴ
3188 4417 3281 4469 καὶ
3310 4418 3472 4469 αὑτὸν
3517 4417 3805 4484 εὑκτήριον
3862 4417 4011 4485 ἔχειν

748 4525 893 4567 wtat
918 4532 1074 4569 orare
1099 4516 1141 4568 si
1172 4516 1325 4570 velis.
1370 4546 1438 4554 —
1479 4518 1542 4570 At
1570 4534 1690 4587 ego,
1719 4519 1916 4587 inquit,
1944 4520 2167 4586 Gainas,
2194 4525 2327 4580 alte-

2440 4508 2598 4562 οἷκον·
2654 4529 2670 4560 ι
2714 4512 2890 4572 Ἅπας
2933 4527 3037 4571 σοι,
3091 4511 3191 4578 ἔφη
3248 4511 3275 4560 ὁ
3330 4511 3500 4579 μέγας
3549 4510 3825 4576 Ἰωάννης,
3874 4513 3903 4561 ό
3962 4511 4008 4541 ³³

751 4609 857 4658 littS
882 4622 999 4658 sum
1025 4618 1203 4670 sectze,
1228 4619 1425 4661 etcum
1452 4608 1586 4676 ipsis
1609 4610 1868 4677 templum
1893 4627 2059 4666 unum
2085 4614 2330 4673 divinum

750 4698 948 4749 halat-re
975 4698 1210 4764 postulo,
1237 4711 1301 4749 ac
1323 4698 1445 4764 jure
1467 4712 1598 4751 sane
1622 4698 1859 4765 postulo,
1886 4700 1978 4765 qui
2004 4709 2080 4753 tot
2108 4702 2332 4763 bellicos

756 4788 970 4839 labores
1037 4801 1136 4855 pro
1185 4785 1449 4841 Romanis
1516 4786 1805 4856 perferam.
1847 4817 1917 4827 —
1959 4789 2060 4843 Sed
2120 4801 2177 4847 tu
2224 4812 2333 4850 ma-

746 4880 899 4943 jora,
932 4878 1141 4945 inquit,
1175 4878 1457 4933 laboribus
1491 4879 1713 4948 praemia
1750 4883 2078 4951 percepisti:
2117 4901 2241 4940 nam
2277 4903 2333 4947 et

752 4968 1006 5035 magister
1038 4984 1097 5022 es
1143 4970 1373 5022 militum
1396 5011 1409 5034 ,
1461 4980 1515 5023 et
1564 4978 1716 5024 veste
1748 4980 1980 5027 ornatus
2011 4980 2290 5032 consulari
2314 5020 2328 5044 ,

751 5071 907 5127 teque
943 5061 1291 5115 considerare
1331 5078 1427 5130 par
1465 5070 1551 5115 est
1585 5063 1716 5130 quid
1764 5064 1895 5116 olim
1948 5063 2160 5129 fueris,
2196 5068 2326 5136 quid

750 5152 912 5204 modo
940 5154 957 5169 '
989 5153 1082 5214 sis,
1114 5168 1363 5221 quamam
1400 5154 1550 5221 prior
1578 5164 1794 5221 egestas
1818 5153 1998 5219 fuerit,
2032 5172 2151 5225 quin
2184 5174 2328 5213 nunc

752 5258 991 5311 prtesens
1024 5258 1209 5297 rerum
1241 5245 1419 5313 copia.
1455 5246 1657 5313 quibus
1694 5248 2036 5300 vestimentis
2074 5264 2209 5303 usus
2250 5250 2328 5305 sis

752 5334 1063 5403 priusquam
1096 5335 1299 5391 Istrum
1350 5336 1659 5404 trajiceres,
1689 5345 1743 5390 et
1784 5337 2115 5405 quibusnam
2167 5342 2327 5394 modo

2431 4601 2572 4664 θεῖος
2606 4597 2752 4664 οἶκος
2781 4602 3073 4670 ἡνέῳκται,
3126 4600 3219 4653 καὶ⁵
3266 4600 3447 4662 οὐδεὶς.
3487 4600 3659 4669 εἴργει
3705 4599 4007 4668 προσεύξα-

2432 4694 2555 4747 σθαι
2620 4693 3090 4763 προθυμούμενον.
3146 4721 3218 4734 -
3276 4692 3435 4745 Ἀλλά
3483 4690 3613 4759 ἐγὼ,
3646 4691 3749 4760 ἔφη
3799 4693 3828 4743 δ
3875 4692 4005 4743 Γαῖ-

2429 4789 2526 4850 vi;
2557 4786 2620 4849 ³³,
2652 4785 2843 4854 ἐτέρας
2887 4786 3114 4855 ὑπάρχω
3142 4784 3471 4855 συμμορίας,
3524 4785 3616 4837 καὶ
3648 4785 3741 4836 σὺν
3772 4784 4007 4845 ἐκείνοις

2427 4880 2525 4932 ἐνα
2580 4879 2722 4930 θεῖον
2776 4874 2922 4930 οἷκον
2964 4876 3108 4947 ἔχειν
3161 4876 3319 4941 αἰτῶ,
3366 4876 3460 4930 καὶ
3502 4876 3645 4945 μάλα
3688 4892 3753 4943 γε
3775 4876 4008 4937 δικαίως

2426 4968 2560 5023 αἰτῶ
2593 4969 2818 5031 πολλοὺς
2850 4968 2989 5039 ὑπὲρ
3020 4969 3309 5037 Ῥωμαίων
3348 4968 3674 5036 πολεμικοὺς
3714 4967 4007 5034 ὑπομένων

2425 5062 2662 5129 ἀγῶνας.
2715 5092 2784 5101 —
2830 5061 2968 5112 Ἀλλ’
3019 5060 3179 5130 ἔχεις,
3228 5062 3355 5130 ἔφη,
3393 5061 3612 5127 μείζους
3671 5058 3780 5111 τῶν
3821 5061 4009 5111 πόνων

2425 5152 2521 5214 τὰς
2566 5152 2883 5214 ἀντιδόσεις·
2940 5152 3241 5221 στρατηγός
3272 5167 3329 5202 τε
3359 5150 3466 5221 γάρ
3498 5144 3567 5213 εἴ,
3592 5150 3685 5201 καὶ
3725 5149 3826 5217 τῆς
3860 5150 4006 5202 ὑπα-

2424 5249 2584 5319 τικῆς
2633 5247 2872 5319 ἧξιύθης
2928 5248 3143 5317 στολῆς,
3197 5249 3292 5302 καὶ
3317 5244 3432 5318 ’χρή
3486 5264 3545 5299 σε
3602 5247 3901 5315 σκοπῆσαι,
3953 5249 4008 5301 τί

2430 5338 2527 5408 μὲν
2560 5334 2703 5407 ἦσθα
2730 5338 2919 5403 πάλαι,
2940 5339 2994 5391 τί
3022 5338 3078 5391 δὲ
3105 5339 3399 5407 γεγένησαι
3425 5337 3537 5390 νῦν·
3576 5337 3671 5389 καὶ
3695 5336 3780 5399 τίς
3837 5338 3942 5406 μὲν
3970 5341 4008 5408 ὴ

2014 5510 2249 5566 νΑιυᾹι
2292 5512 2699 5572 LECTIONES.

819 5668 861 5695 ν’
891 5668 938 5717 οἱ
983 5666 1131 5720 addit
1199 5664 1319 5719 Ρίιιῖ
1351 5666 1507 5719 liber.
1607 5667 1650 5697 '°
1684 5667 1899 5722 Ιάινοῦ.
1958 5668 2121 5723 Basil.
2176 5669 2271 5725 Gr.

746 5738 791 5767 ⁵³
833 5738 1223 5806 ἐπεφρίκησαν.
1268 5734 1453 5789 Iidem.
1521 5737 1565 5806 θ
1589 5736 1770 5788 δοῦναι
1799 5740 1867 5790 οἱ.
1900 5736 2018 5791 Piui
2052 5741 2205 5793 liber.

746 5806 908 5861 Basil.
930 5804 1024 5861 Gr.
1094 5804 1441 5873 ",Articulus
1482 5804 1550 5860 ab
1579 5808 1767 5862 eodem
1798 5808 1971 5863 abest.

2374 5671 2415 5703 ³¹
2464 5672 2681 5740 Γαῖνῆς.
2724 5671 2888 5727 Basil.
2911 5672 3004 5729 Gr.

2310 5741 2353 5776 sl
2383 5744 2569 5813 ἀπὴγγ

2072 5811 2117 5841 ³⁸
2161 5810 2379 5882 Γαῖνῆς.
2406 5810 2572 5871 Basili.
2624 5813 2719 5869 Gr.

3118 5674 3406 5747 ξ’λκαιρόν.
3446 5673 3594 5747 idem
3642 5690 3766 5747 cum
3806 5673 4009 5747 Steph.

2575 5746 2703 5796 ειλε,
2746 5742 2910 5799 Idem.
2996 5743 3041 5776 "
3071 5744 3233 5800 αὑτὸν
3266 5742 3416 5801 addit
3440 5746 3603 5802 idem.
3684 5744 3727 5776 ³⁷
3752 5742 4012 5801 ἐνδοῦναι
