4206 6456
207 416 340 483 1261

1126 414 1713 476 ECCLESIAS’I‘IC.£
1744 415 2123 474 lilS'l‘OlllJi
2152 417 2293 474 LIB.
2331 408 2393 474 ν.

3317 411 3452 477 1262

199 532 447 603 προτέρα
502 531 680 594 πενία,
725 530 807 593 τίς
860 530 905 582 δ’
947 532 981 599 ἡ
1037 528 1289 600 παροῦσα
1346 528 1651 597 περιουσία·
1688 527 1781 578 καὶ
1813 534 1854 585 Α

1813 534 1854 585 Α
1885 527 2150 582 induaris.
2180 528 2457 598 Perpende
2492 530 2654 598 igitur
2687 532 2913 601 exiguos
2965 531 3087 583 hinc
3135 530 3367 595 labores,
3397 543 3450 585 et

201 624 411 685 ὁποίοις
442 622 539 690 μὲν
586 623 887 691 ἐσθήμασιν
921 622 1191 690 ὲκέχρησο
1231 621 1361 689 πρὶν
1388 618 1637 686 διαϐῆναι
1689 618 1781 669 τὸν

204 711 442 781 Ἵστρον,
494 716 624 767 ποῖα
688 714 736 745 ⁸⁸
775 713 832 765 δὲ
867 713 962 765 νῦν
1026 712 1443 780 περιϐέϐλησαι.
1499 711 1781 780 Σκόπησον

202 805 405 869 τοίνυν,
434 807 510 869 ὡς
554 806 725 875 όλίγοι
776 807 825 859 οἱ
875 806 1029 859 πόνοι
1058 806 1129 867 ⁸⁸,
1187 805 1416 875 μέγιστα
1458 804 1513 855 δὲ
1536 803 1601 855 τὰ
1624 802 1780 869 γέρα,

201 899 301 951 καὶ
361 899 437 970 μὴ
488 900 637 968 γίνου
684 900 814 960 περὶ
863 897 990 960 τοὺς
1043 895 1408 963 τετιμηκότας
1468 892 1778 963 ἀχάριστος.

201 991 247 1041 Τ
247 988 445 1044 οιοῖσδε
480 991 762 1061 χρώμενος
797 988 978 1057 λόγοις
1004 989 1032 1042 ό
1056 988 1154 1056 τῆς
1182 986 1507 1056 οἰκουμένης
1536 984 1784 1037 διδάσκα-

200 1082 292 1145 λος
324 1084 648 1152 ἐπεστόμισε
670 1083 762 1135 τὸν
786 1082 1010 1138 Γαῖνᾶν.
1038 1079 1132 1132 καὶ
1167 1079 1324 1147 σιγὴν
1358 1079 1444 1146 ἔχε
1456 1093 1501 1127 ιν
1551 1077 1593 1106 δ’
1619 1075 1787 1144 ἡναγ-

201 1192 362 1229 κασε.
394 1176 602 1245 Χρόνου
628 1175 685 1227 δὲ
715 1174 1038 1237 διελθόντος,
1070 1171 1168 1240 τὴν
1197 1170 1364 1223 πάλαι
1400 1167 1786 1237 μελετηθεῖσαν

196 1268 406 1328 ἐκεῖνος
449 1267 734 1337 ἐγύμνωσε
782 1264 1094 1336 τυραννίδα,
1147 1264 1241 1314 καὶ
1284 1263 1382 1329 τὴν
1424 1257 1683 1329 στρατιὰν
1732 1257 1787 1307 ἐν

196 1360 264 1425 τῇ
302 1358 493 1430 Θρᾴκῃ
563 1358 910 1425 συναγαγὼν,
964 1355 1208 1425 ὲληῒξετό
1258 1370 1317 1405 τε
1370 1360 1465 1405 καὶ
1526 1348 1681 1419 ἐδῄου
1721 1350 1787 1400 τὰ

197 1448 451 1502 πλεῖστα.
476 1450 660 1503 Ταῦτα
714 1449 1100 1519 μεμαθηκότες
1152 1444 1501 1515 κατέπτηξαν
1538 1447 1584 1483 ⁵³
1618 1441 1789 1494 ᾶπαν-

1883 620 2118 671 maxima
2153 620 2279 673 hinc
2315 623 2556 689 praemia,
2591 632 2643 676 et
2685 625 2792 677 noli
2844 626 3089 694 ingratus
3125 623 3178 675 in
3200 637 3295 677 eos
3333 639 3453 679 esse

1883 711 1974 776 qui
2027 718 2078 764 te
2130 711 2511 765 honestarum.
2559 732 2576 763 ι
2631 712 2743 766 Ilac
2781 714 3030 768 oratione
3074 714 3225 768 orbis
3262 714 3455 767 doctor

1882 796 2069 853 Catina!
2118 817 2179 853 os
2228 802 2523 863 obturavit,
2558 811 2611 857 et
2651 804 3029 865 obmutescere
3068 804 3263 873 coegit.
3289 800 3453 859 Tem-

1885 888 2036 957 poris
2065 898 2246 942 autem
2280 892 2584 957 intervallo,
2630 894 2836 947 dudum
2870 895 3181 948 meditatam
3209 895 3455 965 tyrannis

1885 979 2007 1034 dem
2058 980 2339 1049 patelccit‘,
2389 985 2731 1055 collectoque
2786 986 2842 1040 In
2899 984 3130 1039 Thracia
3187 986 3452 1049 exercitu,

1885 1072 2116 1141 prmdari
2151 1082 2205 1129 et
2240 1084 2459 1130 vastare
2504 1077 2654 1129 varia
2695 1078 2814 1132 loca
2859 1078 3043 1146 cmpit.
3095 1078 3215 1142 Quo
3264 1076 3459 1130 nuntio

1887 1163 1967 1217 sic
1998 1168 2246 1219 exterriti
2276 1175 2405 1220 sunt
2428 1184 2642 1231 omnes,
2674 1179 2729 1223 et
2757 1170 3031 1239 principes
3062 1178 3114 1224 et
3143 1171 3371 1232 subditi,
3399 1180 3460 1224 ut

1886 1272 2047 1309 neun-
2080 1273 2204 1311 cum
2243 1260 2335 1313 illo
2366 1261 2658 1332 conﬂigere
2697 1262 2879 1325 vellet,
2926 1277 3085 1317 nemo
3129 1264 3457 1333 legationem

1886 1349 1952 1401 ad
1981 1349 2136 1401 illum
2169 1351 2322 1406 obire
2351 1364 2522 1406 tutum
2562 1363 2812 1424 putaret,
2841 1370 2966 1408 cum
2999 1355 3290 1409 barbarum
3338 1355 3458 1425 ejus

1889 1440 2168 1510 ingenium
2202 1452 2521 1511 suspectqu
2554 1460 2747 1501 omnes
2779 1447 3063 1501 baberent.

194 1557 309 1605 τες,
345 1545 439 1595 καὶ
490 1545 767 1615 ἄρχοντες,
805 1544 898 1595 καὶ
936 1544 1249 1612 ἀρχόμενοι,
1284 1542 1377 1593 καὶ
1449 1536 1574 1590 οὔτε
1629 1530 2071 1605 παρατάττεσθαι
2145 1554 2225 1599 τις
2298 1539 2432 1609 πρὸς
2491 1541 2697 1590 ἐκεῖνον
2784 1538 3054 1603 ἐϐούλετο,
3129 1539 3251 1593 οὒτε
3321 1551 3443 1613 πρε-

196 1639 489 1693 σόεύεσθαι
540 1640 711 1703 ἀδεῶς
758 1638 1129 1708 ὑπελάμϐανε·
1172 1637 1233 1688 τὸ
1276 1636 1385 1705 γάρ
1422 1633 1520 1701 τῆς
1548 1628 1773 1698 γνώμης
1810 1624 2084 1700 βάρϐαρον
2129 1632 2356 1693 ἕκαστος
2391 1636 2661 1702 ὑφωρᾶτο.

795 1732 1046 1783 ΚΕΦΛΛ.
1065 1731 1183 1783 Al“.

266 1822 409 1890 Περὶ
434 1819 538 1886 τῆς
569 1820 753 1874 αὑτοῦ
788 1820 833 1851 ⁸³
869 1820 1017 1887 πρὸς
1051 1817 1279 1871 Γίιῖνᾶν
1307 1817 1351 1848 ⁸⁸
1368 1815 1706 1882 πρεσϐείας.

267 1914 405 1967 Τότε
461 1913 586 1975 τοὺς
636 1912 826 1974 ἄλλους
882 1912 1130 1971 ἅπαντας
1195 1909 1238 1939 δ’
1280 1908 1516 1969 δεδιότας
1553 1904 1775 1959 καταλι-

194 2006 411 2069 πόντες,
476 2003 566 2057 τὸν
621 2004 791 2073 μέγαν
848 2003 1035 2055 τοῦτον
1089 2000 1312 2053 ἔπεισαν
1374 1998 1612 2070 ἀριστέα
1677 1998 1775 2064 τὴν

192 2096 494 2168 πρεσϐείαν
523 2094 869 2165 ποιήσασθαι.
900 2094 960 2147 Ὀ
1009 2093 1085 2155 δὲ,
1129 2092 1251 2145 οὕτε
1278 2093 1378 2159 τὴν
1406 2089 1775 2158 γεγενημένην

192 2190 508 2242 ἀντίστασιν
554 2188 930 2257 λογισάμενος,
980 2185 1104 2240 οὕτε
1149 2186 1247 2254 τὴν
1286 2183 1345 2246 ἐξ
1386 2181 1599 2248 ἐκείνης
1621 2181 1773 2247 φυεῖ-

194 2297 296 2330 σαν
334 2279 618 2349 διαφορὰν,
648 2279 941 2349 προθύμως
976 2280 1057 2340 είς
1094 2277 1196 2346 τὴν
1220 2276 1441 2346 Θρᾴκην
1468 2270 1772 2342 ἐξώρμησε.

191 2371 365 2434 Γνοὺς
407 2372 462 2424 δὲ
509 2373 712 2435 ἐκεῖνος
772 2372 862 2424 τὸν
911 2368 1288 2441 πρεοὸευτὴν.
1346 2367 1438 2419 καὶ
1486 2364 1584 2433 τὴν
1638 2362 1775 2432 ὑπὲρ

189 2463 295 2532 τῆς
334 2463 613 2526 εὗπεδείας
658 2462 1029 2532 γεγενημένην
1076 2458 1398 2528 ἐνθυμηθεὶς
1444 2455 1775 2526 παρρησίαν,

191 2556 477 2623 ὑπήντησέ
507 2572 567 2607 τε
604 2554 899 2624 προθύμως
942 2554 987 2585 ⁸⁸
1044 2550 1343 2623 πόρρωθεν,
1376 2547 1471 2601 καὶ
1499 2549 1598 2615 τὴν
1637 2544 1777 2597 ὲκεί-

188 2665 284 2699 νου
333 2647 509 2711 δεξιὰν
572 2650 681 2709 τοῖς
734 2646 1029 2716 ὀφθαλμοῖς
1087 2642 1448 2714 περιτέθεικε,
1506 2639 1600 2691 καὶ
1657 2637 1774 2707 μέν·

186 2756 273 2790 τοι
315 2739 411 2790 καὶ
440 2740 565 2799 τοὺς
600 2738 795 2800 παῖδας
825 2740 936 2799 τοῖς
979 2739 1142 2805 ἱεροῖς
1210 2733 1372 2785 αύτοῦ
1426 2729 1575 2801 [9.59]
1608 2741 1775 2799 προσ-

191 2830 421 2898 εκόμισε
448 2830 686 2896 γόνασιν.
732 2827 888 2881 Οὕτω
938 2828 1179 2895 πέφυκεν
1211 2823 1377 2894 ἁρετὴ
1410 2823 1683 2875 καταιδείν
1714 2839 1774 2873 τε

191 2924 288 2974 καὶ
328 2921 728 2992 καταπλήττειν
759 2922 853 2974 καὶ
890 2922 1014 2982 τοὺς
1049 2920 1188 2986 ἄγαν
1217 2917 1701 2985 δυσμενεστάτους.

288 3013 433 3064 Ἀλλ’
472 3013 571 3065 οὐκ
604 3014 835 3083 ἤνεγκεν
880 3013 906 3063 ό
946 3011 1138 3079 φθόνος
1182 3010 1281 3071 τὰς
1314 3010 1411 3077 τῆς
1438 3006 1643 3059 ἑκεί·.ου
1685 3023 1774 3073 φι-

2020 1725 2229 1796 1073
2255 1727 2406 1782 CAP.
2448 1727 2687 1783 XXXIII.
2726 1728 2811 1801 [Β.
2848 1730 2929 1783 St.
2970 1740 3028 1785 v.
3068 1732 3169 1785 Ch.
3213 1728 3342 1800 35.]

2240 1818 2315 1872 De
2338 1820 2450 1887 ejus
2484 1822 2553 1873 ad
2578 1820 2801 1874 Cainam
2832 1824 3107 1893 legatione.

1957 1908 2109 1963 Tunc
2141 1910 2327 1979 igitur,
2366 1913 2750 1980 pnetermissis
2778 1904 2899 1967 aliis
2930 1915 3183 1969 omnibus
3224 1922 3283 1967 ut
3306 1922 3454 1969 metu

1887 2001 2183 2069 perculsis,
2223 2001 2582 2057 fortissimum
2611 2004 2754 2056 hunc
2789 2005 2963 2055 virum
3017 2004 3243 2068 adeunt,
3298 2006 3458 2075 eique

1887 2094 2220 2160 persuadent
2252 2107 2302 2147 ut
2338 2094 2609 2164 legatione
2647 2096 2924 2165 fungatur.
2952 2095 3056 2161 Qui
3091 2110 3189 2150 nec
3220 2097 3457 2151 alterca-

1887 2184 2091 2238 tionem
2129 2202 2235 2254 qua
2272 2188 2346 2239 illi
2386 2190 2683 2250 restiterat,
2719 2203 2816 2241 nec
2856 2205 2919 2243 ex
2949 2206 3009 2241 ea
3044 2197 3224 2242 natam
3264 2190 3457 2244 simni-

1884 2283 2049 2329 tatem
2082 2279 2473 2341 considerans,
2523 2289 2776 2349 prompto
2821 2282 3004 2334 animo
3055 2283 3108 2335 in
3158 2284 3448 2337 Thraciam

1886 2366 2163 2433 profectus
2202 2376 2305 2421 est.
2345 2368 2438 2423 Ille
2480 2380 2684 2430 autem,
2722 2372 2887 2442 legati
2938 2372 3173 2426 adventu
3211 2375 3453 2445 cognito,

1884 2467 1938 2511 et
1972 2458 2276 2514 libertatem
2308 2479 2411 2532 qua
2463 2464 2533 2517 ob
2567 2466 2817 2533 pietatem
2879 2482 3012 2520 usus
3063 2466 3236 2521 fuerat
3274 2468 3457 2523 animo

1887 2552 2191 2617 revolvens,
2228 2567 2279 2608 et
2312 2557 2500 2625 procul
2534 2557 2745 2611 obviam
2785 2558 2961 2612 libens
3001 2561 3267 2623 occurrit,
3300 2561 3455 2628 ejus-

1882 2657 1988 2711 que
2048 2644 2327 2699 dexteram
2388 2648 2565 2701 oculis
2620 2651 2736 2703 suis
2777 2650 3074 2718 applicuit,
3123 2659 3178 2702 et
3246 2651 3456 2708 liberos

1884 2746 2015 2786 suos
2071 2735 2245 2787 sacris
2290 2735 2460 2805 ipsius
2512 2737 2741 2804 genibus
2797 2738 3055 2789 admovit.
3113 2735 3295 2806 Usque
3323 2737 3457 2792 adeo

1884 2824 2045 2877 etiam
2082 2826 2469 2881 infestissimos
2510 2828 2805 2897 percellere
2838 2843 2902 2882 ac
2942 2831 3206 2897 puJorem
3246 2828 3457 2883 summ-

1885 2915 2014 2969 dere
2046 2918 2222 2971 virtus
2258 2920 2416 2976 solet.

1969 3006 2061 3078 [V.
2101 3010 2201 3065 Ch.
2238 3011 2352 3083 τι]
2391 3012 2588 3066 Verum
2636 3012 2944 3067 radiantem
2996 3014 3115 3081 ejus
3171 3015 3455 3084 sapientiae

192 3104 454 3172 λοσοφίας
508 3082 874 3175 μρμαρυγάς
906 3118 921 3133 ⁸
955 3102 1090 3155 ἀλλὰ
1140 3104 1257 3162 ταῖς
1295 3098 1522 3160 οἰκείαις
1564 3096 1770 3167 χρησά-
1807 3082 1850 3139 C

1807 3082 1850 3139 θ
1885 3105 2233 3177 splendorem
2276 3082 2478 3159 invidia
2523 3122 2631 3159 non
2660 3108 2788 3159 tulit
2826 3124 2839 3160 :
2873 3106 2966 3161 sed
2994 3082 3276 3161 consuetis
3318 3109 3454 3162 arti-

198 3213 364 3265 μενος
422 3198 711 3265 μηχαναῖς,
758 3194 856 3265 τὴν
914 3192 1299 3262 βασιλεύουσαν
1350 3190 1521 3253 πόλιν,
1576 3190 1774 3258 μᾶλλον

194 3289 252 3341 ἑὲ
297 3289 399 3357 τὴν
456 3287 778 3356 οἰκουμένην
828 3286 1064 3348 ἃπασαν,
1108 3285 1203 3352 τῆς
1261 3284 1467 3335 ἐκείνου
1525 3279 1771 3350 γλώττης

197 3378 461 3447 ἐστέρησε
511 3380 605 3428 κα)⁸
640 3378 853 3447 φρενός.

770 3468 1017 3520 ΚΕΦΛᾹ.
1051 3468 1169 3520 AA'.

201 3559 342 3623 πᾶσι
366 3559 485 3610 τῶν·
511 3558 608 3610 διὰ
644 3558 747 3610 τὸν
774 3558 817 3587 δ’
835 3560 1266 3626 Χρυσόστομον
1289 3559 1770 3626 συμϐεϐηκότων.

281 3651 427 3719 Ἐγὼ
488 3651 545 3703 δὲ
601 3654 657 3703 ὲν
706 3651 839 3720 τῷδε
890 3652 968 3720 τῷ
1018 3652 1172 3722 μέρει
1202 3651 1298 3720 τῆς
1350 3650 1591 3721 ἱστορίας
1618 3650 1774 3717 γενό-

204 3760 393 3815 μενος,
435 3744 534 3795 οὐκ
590 3738 705 3796 οἶδα
748 3743 775 3793 ὃ
815 3761 867 3795 τι
914 3742 1088 3796 πάθω.
1125 3742 1496 3813 Διηγήσασθαι
1536 3742 1645 3811 γὰρ
1677 3740 1774 3811 τὴν

202 3838 345 3889 κατά
391 3836 584 3888 τούτου
638 3835 1000 3906 τολμηθεῖσαν
1052 3835 1264 3887 ἀδικίαν
1300 3834 1639 3903 βουλόμενος,
1674 3833 1774 3902 τὴν

202 3928 368 3995 ἀλλην
432 3930 632 3997 ἀρετὴν
680 3926 786 3979 τῶν
826 3926 1167 3995 ἠδικηκότων
1201 3926 1547 3995 αἰσχύνομαι.
1600 3917 1676 3976 υῦ
1708 3924 1772 3995 δὴ

200 4020 360 4088 χάριν
392 4017 570 4069 αὐτῶν
599 4016 693 4069 καὶ
723 4018 819 4079 τάς
858 4014 1228 4084 προσηγορίας
1283 4013 1625 4083 κατακρύψαι
1650 4029 1773 4063 πει-

203 4111 459 4178 ράσομαι.
481 4102 638 4162 Οὗτοι
666 4106 948 4179 διαφόρους
970 4106 1288 4175 δυσμενείας
1317 4106 1610 4174 ἐσχηκότες
1637 4120 1772 4173 προ-

200 4200 416 4266 φάσεις,
457 4200 555 4266 τὴν
591 4199 687 4268 μὲν
717 4199 1134 4267 ἁστράπτουσαν
1163 4197 1254 4249 τοῦ
1286 4197 1476 4267 ἀνδρὸς
1523 4196 1649 4248 ἰδεῖν
1675 4197 1773 4249 οὐκ

197 4292 472 4362 ἠθέλησαν
504 4292 703 4363 ἀρετήν
743 4308 755 4320 ·
810 4292 1103 4361 δυστήνους
1142 4290 1196 4343 δέ
1232 4308 1382 4354 τινας
1436 4290 1773 4359 κατηγόρους

200 4383 471 4453 εὑρόντες,
529 4382 623 4434 καὶ
670 4383 768 4449 τῆς
816 4382 1177 4447 συκοφαντίας
1232 4381 1291 4432 τὸ
1320 4382 1591 4450 προφανὲς
1641 4377 1773 4430 Θεώ-

204 4491 379 4538 μενοι,
418 4474 605 4542 πόρῥω
632 4472 724 4525 τοῦ
750 4471 938 4534 ἄστεος
968 4473 1227 4525 ἐκάθισαν
1256 4472 1317 4524 τὸ
1357 4472 1649 4542 συνέδριον,
1679 4475 1773 4526 καὶ

202 4567 303 4635 τὴν
334 4564 513 4633 ψῆφον
540 4565 861 4634 ἐξήνεγκαν.
912 4564 969 4616 '0
1001 4563 1058 4616 δὲ
1088 4563 1358 4632 βασιλεὺς,
1397 4565 1469 4625 ὡς
1498 4563 1700 4632 ἱερεῦσι
1731 4565 1778 4601 ⁸ο

204 4657 524 4719 π.στεύσας,
551 4658 740 4727 πόρρω
778 4656 937 4708 αὐτὸν
973 4654 1065 4708 τοῦ
1097 4655 1284 4717 ἄστεος
1327 4655 1576 4722 γενέσθαι
1610 4674 1778 4725 προσ-

203 4750 414 4813 έταξεν.
477 4750 536 4801 Ὀ
562 4749 639 4811 δὲ,
685 4749 820 4817 μήτε
851 4748 948 4817 τῆς
992 4748 1318 4816 κατηγορίας
1356 4746 1611 4811 ἀκούσας,
1645 4750 1779 4817 μήτε

201 4843 304 4909 τὴν
356 4840 649 4907 ἀπολογίαν
710 4838 1109 4909 προσενεγκὼν,
1164 4837 1239 4901 ὡς
1286 4839 1642 4909 ὲληλεγμένος
1694 4841 1780 4909 ἐφ’

203 4927 286 4995 οἷς
317 4932 534 5002 ᾐτιάθη,
566 4933 662 5001 τὴν
692 4931 843 4983 πόλιν
876 4932 1195 4984 καταλιπεῖν
1224 4932 1564 5000 ἠναγκάσθη,
1602 4934 1694 4986 καὶ
1721 4935 1781 4986 τὸ

204 5025 263 5075 ἐν
323 5024 402 5093 τῷ
460 5025 687 5093 στόματι
744 5024 837 5077 τοῦ
905 5025 1107 5077 Πόντου
1174 5026 1420 5095 κείμενον
1485 5025 1780 5079 κατέλαϐεν

218 5114 387 5183 Ἱερόν
417 5134 431 5145 ·
462 5115 605 5168 οὕτω
631 5116 741 5186 γὰρ
781 5119 954 5170 ὲκεῖνο
984 5117 1043 5168 τὸ
1083 5117 1314 5168 ἐπίνειον
1351 5118 1394 5149 ⁵¹
1435 5118 1780 5187 ὀνομάζουσι.

207 5206 441 5275 Σεισμοῦ
494 5206 550 5259 δὲ
596 5208 853 5277 μεγίστου
905 5207 1119 5278 νύκτωρ
1166 5209 1483 5275 γενομένου,
1533 5209 1627 5262 καὶ
1674 5210 1782 5262 δεί-

1883 3198 1986 3253 bus
2035 3206 2212 3259 utens,
2282 3198 2471 3250 urbem
2529 3198 2755 3265 regiam,
2808 3199 2891 3252 vel
2940 3199 3128 3253 orbem
3190 3208 3457 3255 terrarum

1884 3290 2067 3359 potius
2096 3289 2436 3353 universum,
2472 3288 2619 3344 illius
2646 3288 2830 3359 lingua
2865 3298 2921 3344 et
2950 3300 3129 3345 mente
3176 3289 3454 3360 spoliavit.

2266 3466 2418 3523 CAP.
2450 3467 2692 3522 xxxiv.
2726 3468 2807 3541 [ις.
2837 3469 2913 3525 SI.
2953 3468 3065 3543 σε]

1984 3559 2059 3613 De
2099 3560 2165 3612 iis
2194 3576 2310 3629 quin
2337 3569 2546 3627 propter
2586 3560 3021 3630 Chrysostomum
3052 3573 3354 3617 evenerunt.

1957 3648 2070 3720 Ego
2109 3665 2238 3704 vero
2266 3652 2330 3704 ad
2365 3650 2504 3732 hanc
2530 3652 2770 3707 historia:
2810 3662 3013 3722 partem
3062 3654 3274 3709 delatus
3322 3654 3451 3725 quid

1889 3744 2057 3797 animi
2085 3743 2317 3796 habeam
2344 3745 2550 3797 nescio.
2586 3742 2722 3797 Nam
2757 3745 2885 3799 dum
2923 3746 3156 3813 injurias
3189 3749 3237 3801 ei
3274 3747 3453 3803 illatas

1883 3848 2111 3888 narrare
2154 3835 2408 3899 instituo,
2471 3851 2661 3890 eorum
2699 3838 2793 3905 qui
2840 3838 3184 3892 intulerunt‘
3220 3840 3452 3895 virtutes

1884 3926 2020 3980 alias
2058 3940 2333 3981 revereor.
2373 3926 2490 3992 Qua
2531 3942 2665 3983 sane
2698 3924 2764 3983 de
2800 3942 2965 3984 causa
3008 3931 3249 3999 ipsorum
3284 3932 3445 3985 etiam

1886 4019 2105 4071 nomina
2158 4020 2437 4074 occultare
2475 4022 2737 4075 conabor.
2779 4021 2843 4075 Ili
2895 4037 3019 4076 cum
3066 4024 3318 4079 diversas
3373 4026 3452 4079 si—

1884 4108 2129 4161 multatis
2160 4124 2354 4164 causas
2380 4109 2664 4175 haberent,
2702 4110 3001 4180 fulgentem
3043 4114 3144 4167 viri
3197 4114 3450 4171 virtutem

1881 4215 2105 4254 cernere
2136 4203 2431 4257 noluerunt
2464 4221 2476 4255 :
2516 4199 2728 4275 1074
2760 4203 2853 4258 sed
2900 4203 3147 4259 infelices
3180 4207 3444 4275 quosdam

1883 4301 2238 4347 accusatores
2268 4296 2436 4356 nacti,
2466 4304 2520 4348 et
2553 4297 2899 4350 manifestam
2940 4299 3270 4353 calumniam
3323 4316 3445 4370 per-

1880 4387 2195 4454 spicientes,
2226 4387 2416 4455 procul
2465 4389 2534 4441 ab
2566 4389 2701 4443 urbe
2732 4400 3058 4444 conventum
3109 4390 3441 4458 habuerunt,

1878 4478 2065 4545 ibique
2099 4478 2429 4531 sententiam
2486 4480 2930 4547 pronuntiarunt.
2968 4478 3266 4550 Imperator
3293 4500 3442 4548 vero,

1878 4579 1937 4623 nt
1988 4569 2146 4625 ﬁdem
2219 4570 2427 4625 habens
2481 4572 2886 4638 sacerdotibus,
2952 4577 3142 4643 procul
3194 4577 3347 4631 illum
3376 4580 3446 4633 ab

1878 4660 2013 4713 urbe
2049 4660 2276 4728 relegari
2302 4661 2486 4727 jussit.
2521 4659 2641 4730 Ipse
2668 4677 2855 4731 porro,
2878 4678 2975 4717 nec
3006 4664 3189 4718 audita
3217 4682 3447 4723 accusa-

1879 4749 2046 4809 tione,
2071 4763 2170 4800 ncc
2198 4748 2359 4799 allata
2390 4746 2742 4812 defensione,
2775 4759 3033 4818 tanquam
3065 4767 3256 4806 eorum
3308 4769 3444 4808 con-

1882 4838 2060 4892 victus
2114 4838 2182 4890 de
2214 4838 2412 4906 quibus
2448 4836 2627 4891 fuerat
2683 4851 3000 4905 accusatus,
3040 4842 3228 4897 urbem
3283 4843 3449 4900 relin-

1880 4945 2046 4997 quere
2092 4940 2317 4983 coactus
2377 4944 2481 4995 est,
2537 4934 2591 4985 et
2648 4932 2713 4985 ad
2769 4929 2991 4985 llierum
3028 4936 3082 4987 in
3115 4936 3259 4989 ostio
3284 4934 3447 4994 Ponti

1882 5023 2047 5075 situm
2090 5023 2374 5089 pervenit:
2406 5021 2489 5077 sic
2538 5024 2680 5076 enim
2723 5025 2913 5079 navale
2956 5024 3088 5080 illud
3142 5028 3443 5084 nominant.

1882 5110 2063 5165 Terrae
2093 5121 2273 5165 autem
2312 5121 2461 5166 motu
2514 5116 2751 5167 maximo
2783 5125 2945 5170 noctu
2984 5116 3148 5183 facto,
3182 5130 3236 5173 et
3280 5121 3448 5191 impe-

1886 5205 2085 5257 ratrice
2119 5214 2264 5258 metu
2305 5205 2580 5275 perculsa,
2622 5206 2782 5273 legati
2816 5207 2918 5262 sub
2965 5226 3219 5265 auroram
3251 5210 3319 5266 ad
3345 5229 3446 5268 ex-

1482 5342 1712 5398 ΥᾹΙὶΙᾸΞ
1756 5343 2149 5400 LECTIONES.

278 5486 326 5522 “
354 5489 537 5541 ὁποῖα.
576 5486 746 5542 Basil.
772 5486 864 5542 Gr.
897 5519 952 5545 ν.
980 5486 1170 5555 Steph.

214 5574 407 5630 γησαν.
452 5558 790 5626 Christoph..
844 5559 1066 5626 Scalig..
1094 5556 1403 5610 Casaubon.

207 5629 411 5683 habent
456 5636 683 5682 caetera.
736 5627 783 5659 “
806 5628 985 5680 αὐτόν.
1028 5628 1259 5682 Ezedcm.
1336 5626 1379 5655 δ’

1276 5485 1316 5515 ⁸¹
1349 5484 1548 5555 χρόνοι.
1587 5483 1773 5554 Steph.
1806 5483 1861 5539 2.
1968 5484 2011 5515 "
2050 5483 2203 5547 ἄγειν
2236 5483 2350 5560 Pini
2388 5483 2545 5532 liber.

1278 5556 1403 5609 bon.
1490 5554 1535 5584 “
1560 5555 1994 5622 πρεσϐεύσασθαι
2026 5554 2196 5614 ἀδεές.
2218 5551 2336 5604 l’tni
2367 5548 2557 5622 codex.

1336 5626 1379 5655 "
1417 5623 1491 5675 di:
1531 5626 1679 5678 addit
1722 5626 1883 5680 Basil.
1934 5623 2027 5678 Gr.
2077 5632 2131 5676 et
2162 5622 2349 5690 Steph.

1968 5484 2011 5515 "
2050 5476 2203 5547 ἄγειν
2236 5479 2350 5533 Pini
2388 5479 2545 5532 liber.
2581 5480 2769 5531 ἀσκεῖν
2796 5479 3021 5549 Niceph.
3092 5480 3140 5513 "
3168 5482 3443 5538 κατεπλά-

1978 5572 1990 5580 .
2028 5554 2177 5580 ὶ-ὶρλ-
2218 5551 2334 5580 Ῑ)ἒ“ἶ
2368 5548 2531 5580 ,δῆλον
2658 5550 2705 5580 δ.
2734 5550 2881 5580 ..αλλ
2924 5549 3014 5580 -..π
3055 5551 3438 5580 Vnum-nni..-“

2460 5550 2557 5603 lex.
2658 5550 2705 5580 “
2734 5550 2882 5619 παρά
2924 5550 3015 5601 τοῦ
3054 5551 3442 5621 Χρυσοστόμου

2460 5617 2519 5691 “'7
2534 5618 2838 5691 προθύμως
2870 5620 3024 5675 abest
3064 5635 3094 5673 a
3122 5620 3284 5676 Basil.
3318 5624 3438 5691 Gn,

208 5698 329 5755 Pini
366 5697 687 5773 Saviliique
712 5697 895 5773 codd.,
932 5698 1168 5773 itemque
1214 5693 1601 5773 [\Ziceplr._x_lll,
1661 5694 1784 5773 6_e_t
1817 5694 2131 5773 _E_piph_a_nio
2155 5736 2169 5757 ,
2208 5691 2349 5773 quod
2411 5698 2465 5744 et
2497 5690 2768 5773 ralesius.
2806 5698 3078 5773 tanquanr
3105 5690 3438 5773 superﬂuum

207 5770 484 5838 repudiat.
548 5760 594 5800 ⁸⁵
623 5769 688 5822 δι’
720 5768 898 5820 αὐτόν.
943 5760 1162 5838 Caetera:
1191 5760 1359 5838 editt.’
1404 5765 1455 5838 '3
1492 5764 1569 5838 Ita
1618 5775 1669 5819 et
1710 5765 1827 5819 l’ini
1859 5760 2153 5832 Sai'iliique
2207 5760 2442 5816 codices.
2496 5760 2601 5815 Sed
2632 5760 2899 5829 particula
2928 5760 3003 5823 ὡς
3029 5760 3187 5817 abest
3215 5778 3245 5817 a
3274 5762 3433 5818 Basil.

210 5832 304 5893 Gr.
335 5848 389 5895 et
421 5837 609 5910 Steph.
674 5840 717 5871 ’ί
744 5840 978 5907 ὲπίνηον.
1012 5836 1173 5892 Basil.
1212 5835 1305 5889 Gr.
1338 5845 1388 5891 et
1424 5832 1611 5905 Steph.
