4206 6456
774 398 912 461 i263

1731 390 2211 452 THEODORET]
2249 386 2579 448 l-IPISCOPI
2600 390 2965 455 CYREN‘WS

3883 395 4029 461 1264

773 507 985 575 pulsum
1018 503 1174 557 missi
1202 509 1353 563 sunt,
1386 506 1642 567 rogantes
1682 506 1740 551 ut
1765 498 2032 554 citissime
2058 498 2113 551 in
2150 497 2337 551 urbetn
2369 500 2412 550 Α

2369 500 2412 550 Α
2444 512 2611 563 ματος
2638 496 2739 568 τὴν
2762 496 3007 568 βασιλίδα
3037 499 3461 569 κατεσχηκότος.
3500 500 3758 571 πρέσϐεις
3790 504 3890 555 ὑπὸ
3923 504 4029 573 τὴν

774 597 995 658 rediret,
1056 594 1318 662 urbisque
1390 591 1699 660 periculurn
1761 590 2082 660 depelleret,
2141 589 2344 657 aliique

774 703 967 742 rursus
993 694 1113 755 post
1143 686 1263 740 illos
1293 683 1469 748 missi.
1506 694 1560 739 et
1594 685 1685 737 alii
1720 691 1843 752 post
1879 683 2039 744 istos,
2075 681 2343 735 refertus-

773 793 877 846 que
901 778 1034 830 adeo
1060 775 1344 845 Bosporus
1390 785 1511 829 erat
1550 789 1745 844 magna
1794 772 1955 827 turba
2015 773 2318 841 legatorum

774 868 929 935 Quod
962 868 1051 922 ubi
1085 884 1113 921 a
1156 867 1477 923 ﬁdelissimo
1518 867 1717 936 populo
1769 864 2027 920 rescitum
2077 874 2180 924 est,
2218 863 2348 915 Pro-

776 959 1016 1028 pontidis
1067 960 1267 1014 ostium
1328 959 1559 1027 navigiis
1614 958 2044 1027 compleverunt.
2076 952 2337 1007 Occurre-

777 1058 904 1103 runt
951 1051 1096 1103 enim
1146 1052 1320 1104 cereis
1378 1050 1595 1105 facibus
1657 1049 1907 1103 accensis
1969 1047 2237 1101 universi.
2271 1045 2348 1098 Ac

776 1152 891 1195 tum
949 1143 1163 1211 quidem
1220 1128 1491 1212 dissipata
1552 1152 1637 1197 est
1706 1149 1927 1195 caterva
1976 1140 2344 1193 inimicorum.

778 1232 975 1286 Paucis
1031 1248 1159 1286 vero
1214 1242 1338 1303 post
1389 1232 1669 1287 mensibus
1720 1232 1977 1285 coaluere
2031 1231 2249 1295 iterum,
2297 1237 2350 1282 et

779 1339 969 1391 poenas
994 1340 1244 1395 exegere,
1278 1340 1384 1378 non
1413 1324 1527 1392 jam
1578 1323 1840 1378 falsorum
1904 1325 2123 1377 illorum
2163 1320 2351 1375 crimi-

777 1432 935 1479 num,
969 1418 1061 1471 sed
1095 1418 1225 1469 obiti
1267 1425 1385 1485 post
1421 1417 1821 1485 depositionem
1882 1414 2197 1469 ministerii.
2255 1412 2350 1465 Ille

780 1523 907 1563 vero
936 1508 1117 1561 aiebat
1157 1522 1215 1560 se
1242 1507 1552 1576 jndicatum
1608 1525 1715 1561 non
1772 1508 1961 1566 fuisse,
1990 1523 2090 1560 nec
2129 1506 2347 1574 objecta

777 1601 1008 1654 crimina
1069 1599 1369 1663 audivisse,
1442 1615 1536 1653 nec
1585 1600 1652 1653 de
1713 1600 1779 1654 iis
1839 1600 2212 1667 re5p0ndisse,
2249 1613 2349 1652 nec

781 1701 1105 1760 praesentem
1146 1691 1318 1746 fuisse
1342 1691 1793 1756 condemnatum,
1837 1691 1934 1746 sed
1987 1693 2042 1746 in
2093 1693 2349 1745 exsilium

781 1783 851 1837 ab
882 1782 1212 1852 imperatore
1248 1783 1509 1851 ejectum,
1545 1784 1613 1837 ab
1655 1784 1955 1851 eodemque
1982 1786 2161 1836 denuo
2195 1798 2349 1836 revo-

782 1884 987 1929 catum.
1020 1875 1089 1926 At
1124 1873 1355 1935 inimici,
1388 1874 1561 1927 altera
1595 1874 1802 1944 synodo
1830 1883 2181 1945 congregata,
2212 1874 2352 1942 judi-

781 1966 923 2019 cium
945 1980 1053 2019 non
1073 1965 1440 2034 quaesierunt:
1459 1966 1550 2021 sed
1570 1981 1695 2020 cum
1720 1967 2030 2036 imperatori
2052 1966 2355 2036 persuasis-

781 2067 902 2110 sent
964 2057 1176 2126 1075
1221 2058 1518 2127 legitimam
1566 2066 1620 2111 et
1660 2059 1867 2128 justam
1922 2057 2097 2114 fuisse
2137 2069 2355 2114 senten-

783 2148 950 2211 tiam,
1008 2163 1116 2200 non
1156 2147 1335 2201 solum
1399 2163 1465 2201 ex
1524 2149 1657 2202 urbe
1721 2150 1871 2201 illum
1910 2150 2221 2216 ejecerunt.
2262 2151 2355 2203 scd

784 2242 839 2293 in
868 2254 1093 2309 parvum
1132 2239 1408 2309 quoddam
1446 2248 1498 2291 et
1542 2238 1822 2293 desertum
1863 2240 2121 2309 oppidum
2160 2242 2353 2292 Arme-

787 2333 891 2386 nia:
940 2332 1291 2401 relegarunt,
1342 2330 1429 2384 cui
1484 2346 1684 2385 nomen
1736 2339 1820 2384 est
1853 2330 2071 2384 Cucuso
2126 2350 2139 2386 :
2194 2342 2357 2399 atque

787 2424 915 2477 inde
964 2438 1088 2477 rurs
1118 2439 1160 2478 ‘s
1212 2422 1543 2485 edurentes,
1586 2422 1892 2492 l‘ityuntem
1928 2425 2352 2481 transtulerunt,

786 2512 878 2581 qui
914 2513 1182 2567 terminus
1220 2522 1304 2568 est
1340 2512 1496 2565 Ponti
1533 2511 1877 2581 Romanique
1916 2512 2127 2582 imperii
2168 2515 2356 2567 suavis-

795 2605 955 2659 simis
988 2604 1239 2658 barbaris
1288 2604 1576 2658 ﬁnitimus.
1638 2603 1740 2657 Sed
1778 2604 2046 2673 benignus
2091 2603 2359 2660 Dominus

791 2696 862 2750 ad
898 2697 1133 2751 insulam
1178 2695 1334 2750 illum
1374 2696 1599 2766 perduci
1628 2697 1903 2766 egregium
1949 2698 2205 2751 athletam
2250 2713 2357 2752 non

786 2798 871 2843 est
916 2803 1134 2859 passus.
1183 2787 1320 2842 Nam
1369 2788 1611 2842 Comana
1643 2804 1770 2851 cum
1807 2790 2078 2853 venisset,
2121 2790 2189 2843 ad
2221 2792 2359 2845 senii

788 2879 1111 2949 dolorisque
1152 2890 1429 2947 expertem
1476 2880 1642 2931 vitam
1685 2880 1837 2933 illum
1874 2880 2191 2949 assumpsit.
2225 2883 2359 2934 Cor-

793 2986 895 3039 pus
960 2980 1142 3024 autem
1206 2972 1483 3040 praeclaris
1527 2976 1543 2991 '
1597 2969 1915 3025 defunctum
1972 2970 2362 3024 certaminibus

786 3063 948 3132 juxta
971 3077 1193 3132 capsam
1220 3064 1470 3117 Basilisci
1501 3064 1762 3134 martyris
1792 3064 2074 3117 conditum
2105 3072 2209 3128 est,
2235 3080 2359 3118 cum

2444 588 2519 640 ἔω
2569 588 2707 657 πρὸς
2760 590 2850 641 τὸν
2884 589 3295 660 ἀπεληλαμένον
3344 590 3390 622 ⁸³
3424 590 3829 663 ἀπεστάλησαν,
3866 595 4027 646 ἀντιο

2446 679 2735 742 δολοῦντες
2755 679 2827 744 ὡς
2858 681 3089 750 τάχιστα
3128 680 3189 733 τὸ
3217 681 3350 734 ἄστυ
3383 682 3727 746 καταλαϐεῖν,
3768 686 3862 737 καὶ
3890 686 4029 750 στῆ-

2448 790 2539 825 σαι
2591 776 2657 843 τῇ
2711 773 2863 826 πόλει
2926 775 3017 826 τὸ)
3081 774 3342 828 κίνδυνον.
3403 776 3509 827 Ka‘l
3565 775 3737 843 ἕτερον
3792 776 3848 829 δέ
3907 775 4031 845 μετ’

2446 867 2685 929 ἓκείνους
2736 867 3111 938 ἐπέμφθησαν
3153 870 3246 920 καὶ
3284 868 3432 922 ἄλλοι
3470 866 3609 937 μετὰ
3650 866 3897 932 τούτους,
3933 867 4030 919 καὶ

2448 960 2660 1028 πλήρης
2676 960 2704 1011 ὁ
2726 959 2999 1030 Βόσπορος
3023 978 3131 1013 των
3166 961 3534 1031 πεμπομένων
3564 960 3717 1027 ἐγένε
3736 986 3799 1010 .u.
3839 960 4029 1012 Ἐπεμ-

2447 1048 2510 1119 ei}
2556 1050 2612 1103 δὲ
2661 1050 2818 1103 τοῦτο
2869 1055 2896 1105 ὁ
2943 1054 3264 1115 πιστότατος
3317 1052 3458 1119 ἔγνω
3516 1051 3684 1115 λεὼς,
3741 1050 4029 1118 ἐκάλυψαν

2446 1143 2558 1204 τοῖς
2592 1142 2910 1212 πορθμείοις
2948 1149 3047 1213 τῆς
3081 1144 3442 1213 Προποντίδος
3464 1142 3526 1195 τὸ
3549 1142 4032 1211 στόμα.”Απα·ιτες

2448 1232 2558 1304 γὰρ
2613 1235 2949 1305 ὑπήντησαν,
3008 1238 3105 1299 τὰς
3160 1238 3223 1288 ἐκ
3280 1236 3451 1304 κηροῦ
3526 1233 3816 1303 λαμπάδας
3889 1250 4029 1301 πρε-

2456 1328 2739 1391 άπτοντες.
2771 1330 2813 1359 ⁸³
2840 1329 2970 1381 Τότε
3016 1330 3112 1399 μέν
3140 1326 3232 1382 οὖν
3265 1329 3325 1380 τὸ
3356 1327 3463 1380 τῶν
3502 1326 3780 1393 δυσμενῶν
3808 1322 4033 1392 διελύθη

2452 1417 2657 1486 στίφος.
2698 1419 2919 1487 Ὀλίγων
2964 1420 3019 1472 δὲ
3050 1421 3363 1473 διελθόντων
3395 1421 3601 1490 μηνῶν,
3634 1418 4036 1489 συνηθροίσθη-

2454 1528 2553 1562 σαν
2594 1506 2774 1574 αὖθις,
2817 1513 2912 1564 καὶ
2943 1512 3097 1574 δίκας
3143 1513 3519 1583 εἰσέπραττον,
3566 1513 3627 1564 οὐ
3672 1511 3781 1564 τῶν
3817 1510 4038 1578 ψευδῶν

2452 1600 2674 1653 ἐκείνων
2720 1601 2969 1670 γραφῶν,
3024 1601 3159 1654 ἀλλᾶ
3209 1602 3309 1670 τῆς
3367 1601 3503 1670 μετὰ
3558 1600 3657 1671 τὴν
3709 1598 4039 1668 καθαίρεσιν

2454 1691 2811 1763 λειτουργίας.
2859 1693 2917 1744 ὐ
2961 1692 3016 1744 δέ
3069 1692 3243 1760 ἔλεγε.
3296 1694 3432 1763 μήτε
3483 1689 3829 1751 δικάσασθαι,
3896 1692 4038 1759 μήτε

2456 1783 2502 1813 ⁵⁵
2536 1783 2642 1836 τῶν
2688 1785 2913 1854 γραφῶν
2961 1784 3288 1848 ἐπακοῦσαι,
3344 1786 3481 1853 μήτε
3529 1783 3826 1849 ἀπολογίαν
3878 1783 4040 1851 ποιῆ-

2460 1875 2675 1935 σασθαι,
2735 1876 2872 1943 μήτε
2923 1876 3028 1945 μὴν
3076 1874 3475 1946 κατακριθῆναι
3516 1876 3727 1943 παρὼν,
3768 1874 3885 1925 ἀλλ’
3934 1873 4040 1925 ὑπὸ

2463 1964 2728 2033 βασιλέως
2756 1965 2799 1995 ⁵⁸
2826 1964 3143 2033 ἐξελαθῆναί
3166 1981 3224 2016 τε
3243 1965 3334 2017 καὶ
3361 1960 3427 2016 αὖ
3450 1964 3608 2016 πάλιν
3635 1962 4036 2032 ἀνακληθῆναι.

2456 2056 2568 2110 Καὶ
2595 2057 2810 2108 συνόδου
2834 2055 3298 2127 συγκροτηθείσης
3325 2053 3476 2127 [ἩΟ]
3508 2056 3721 2126 ἐτέρας,
3746 2057 3848 2107 οὐκ
3881 2054 4039 2125 ἐδεή-

2457 2146 2628 2215 θησαν
2662 2147 2816 2215 δίκης
2851 2150 2896 2197 οἱ
2928 2149 3212 2217 δυσμενεῖς
3232 2164 3243 2175 ·
3274 2146 3407 2200 ἀλλά
3433 2146 3523 2199 τὸν
3559 2146 3781 2216 βασιλέα
3810 2147 4039 2200 πείσειν·

2455 2257 2547 2301 τες
2586 2239 2807 2307 ἔννομον
2853 2239 2945 2291 καὶ
2975 2240 3188 2293 δικαίαν
3221 2236 3359 2291 εἶναι
3404 2240 3502 2309 τὴν
3534 2238 3737 2309 ψῆφον,
3774 2239 3837 2291 οὐ
3873 2238 4039 2308 μόνον

2454 2330 2557 2399 τῆς
2608 2330 2811 2393 πόλεως
2859 2332 3073 2400 ἐκείνης
3123 2331 3409 2401 ἐξήλασαν,
3462 2329 3597 2383 ἀλλὰ
3648 2332 3739 2382 καὶ
3783 2328 3865 2391 εἴς
3918 2345 4041 2380 τινα

2463 2422 2786 2491 πολίχνη-Η⁵⁸
2829 2424 3069 2494 σμικράν
3109 2441 3167 2475 τε
3216 2425 3309 2477 καὶ
3354 2422 3557 2493 ἔρημον
3610 2422 3706 2493 τῆς
3743 2422 4043 2491 Ἀρμενίας

2462 2514 2801 2583 ἐξέπεμψαν·
2834 2516 3143 2576 Κουκουσδς
3171 2515 3225 2567 δέ
3259 2516 3426 2585 ὄνομα
3455 2514 3624 2583 ταύτῃ
3650 2530 3662 2542 ·
3697 2513 3953 2566 κάκεῖθεν
3982 2512 4044 2565 δὲ

2460 2604 2835 2672 ἐξαγαγόντες,
2890 2608 2970 2668 είς
3019 2606 3323 2659 Πιτυοῦντα
3371 2605 3719 2675 μετῴκισαν·
3766 2604 3945 2674 τέρμα
3984 2603 4045 2656 δὲ

2460 2696 2619 2750 τοῦτο
2650 2698 2743 2749 καὶ
2771 2698 2864 2751 τοῦ
2897 2698 3100 2751 Πόντου
3133 2699 3347 2767 καὶτῆς
3391 2696 3677 2766 Ῥωμαίων
3716 2694 4041 2764 ἡγεμονίας,

2459 2792 2573 2851 τοῖς
2596 2788 2901 2858 ὼμοτάτοις
2925 2790 3285 2857 γειτονεῠον³⁷
3318 2789 3635 2860 βαρϐάροις.
3686 2786 3826 2839 Ἀλλ’
3857 2787 3888 2838 ὁ
3918 2785 4046 2855 φιλ-

2463 2881 2745 2951 άνθρωπος
2783 2882 2881 2933 οὐκ
2918 2881 3068 2934 εἴασε
3115 2881 3391 2950 Δεσπότης
3434 2882 3511 2943 εἰς
3557 2881 3733 2931 ἐκεῖνο
3774 2878 3836 2930 τὸ
3875 2876 4049 2944 νησύο

2462 2973 2607 3042 δριον
2625 2972 2670 3003 "
2706 2972 3016 3042 ἀπαχθῆναι
3046 2973 3133 3025 τὸν
3176 2971 3477 3025 καλλίνικον
3510 2970 3763 3038 ἀθλητήν.
3806 2966 3902 3030 Ei;
3934 2967 4049 3037 γὰρ

2463 3068 2689 3135 Κόμανα
2742 3066 3183 3137 παραγενόμενον
3230 3067 3309 3127 εἰς
3351 3064 3443 3116 τὸν
3490 3065 3680 3132 ἀγήρω
3710 3060 3805 3113 καὶ
3835 3060 4049 3114 ἄλυπον

794 3153 899 3208 hoc
962 3165 1176 3225 martyr
1232 3155 1347 3224 ipse
1397 3170 1494 3225 per
1561 3156 1837 3209 somnium
1913 3155 2030 3207 lieri
2084 3156 2361 3222 jussisset.
2394 3166 2435 3224 ο

2394 3166 2435 3224 C
2472 3159 2739 3228 μετέθηκε
2771 3158 2903 3227 βίον.
2949 3157 3022 3209 Τὸ
3055 3157 3109 3209 δέ
3141 3174 3203 3224 γε
3236 3155 3413 3216 καλῶς
3445 3154 3853 3222 ἀγωνισάμενον
3884 3150 4051 3221 σῶμα

795 3244 940 3312 Quot
975 3247 1140 3318 igitur
1165 3248 1411 3317 episcopi
1445 3247 1591 3302 illius
1624 3261 1791 3301 causa
1822 3247 1938 3301 suis
1972 3246 2193 3301 sedibus
2220 3248 2363 3317 pulsi

796 3336 1021 3392 ultimas
1078 3347 1350 3393 terrarum
1414 3354 1540 3393 oras
1594 3338 1963 3402 incolueriut,
2031 3348 2163 3407 quot
2200 3339 2363 3391 etiam

798 3430 1051 3485 monachi
1095 3431 1259 3485 simili
1310 3431 1584 3500 supplicio
1638 3430 1855 3484 multati
1906 3430 2049 3492 sint,
2105 3443 2359 3498 superva-

797 3539 1027 3579 caneum
1052 3532 1183 3593 puto
1203 3539 1477 3594 exponere
1495 3565 1509 3588 ,
1530 3533 1583 3577 et
1608 3524 1981 3577 narrationem
2009 3523 2364 3592 protrahere:

798 3616 1101 3684 praesertim
1144 3631 1267 3670 cum
1321 3631 1385 3669 ea
1436 3630 1559 3686 quze
1594 3615 1774 3670 tristia
1830 3624 1961 3672 sunt
1995 3615 2367 3669 contrahenda

799 3720 1092 3768 censeam,
1146 3714 1199 3760 et
1247 3704 1476 3773 tegenda
1525 3713 1709 3760 errata
1742 3720 1932 3760 eorum
1968 3705 2062 3774 qui
2116 3712 2371 3758 auctores

801 3793 1054 3853 fuerunt.
1083 3794 1227 3864 quod
1259 3794 1504 3863 ejusdem
1533 3794 1821 3848 nobiscum
1849 3794 1972 3848 fidei
2006 3794 2229 3847 fuerint.
2254 3794 2369 3848 Pin-

801 3902 903 3941 nas
960 3896 1110 3941 certe
1163 3886 1410 3955 plerique
1450 3900 1641 3940 eorum
1690 3886 1925 3950 dedere,
1979 3886 2373 3956 suppliciisque

803 3978 923 4033 suis
963 3978 1097 4031 utile
1142 3977 1265 4030 aliis
1301 3976 1628 4031 documento
1675 3974 1846 4030 fuere.
1901 3975 2152 4043 Iniquum
2207 3990 2373 4043 porro

804 4066 1020 4121 faeinus
1061 4082 1224 4136 supra
1253 4075 1481 4121 caeteros
1510 4065 1765 4121 detestati
1811 4073 1942 4120 sunt
1976 4064 2217 4134 episcopi
2261 4064 2372 4117 Eu—

805 4174 992 4230 ropae,
1038 4167 1092 4214 et
1130 4174 1190 4215 se
1237 4159 1306 4213 ab
1361 4168 1647 4213 auctorum
1682 4159 2069 4212 communione
2120 4158 2374 4226 sejunxe-

804 4260 933 4306 runt
976 4268 989 4281 ·
1052 4250 1119 4305 ad
1180 4265 1323 4320 quos
1407 4249 1609 4321 Illyrici
1660 4250 1825 4303 etiam
1882 4249 2125 4320 episcopi
2181 4264 2374 4304 omnes

807 4357 1113 4398 accessere.
1189 4342 1550 4397 Orientalium
1622 4356 1747 4396 vero
1812 4342 2091 4395 :V.Tr.itatum
2153 4341 2375 4411 plurimi

807 4432 1072 4488 facinoris
1128 4431 1349 4501 quidem
1385 4432 1832 4486 communionem
1872 4432 2154 4494 vitarunt,
2195 4432 2378 4486 Eccle-

808 4524 905 4579 siae
952 4531 1134 4578 tamen
1183 4537 1384 4592 corpus
1438 4537 1549 4576 non
1600 4521 1993 4575 distraxerunt.
2030 4519 2137 4575 Sed
2182 4530 2237 4576 et
2283 4522 2377 4577 de-

815 4616 1000 4670 functo
1054 4615 1204 4669 orbis
1254 4623 1526 4669 terrarum
1565 4612 1870 4682 magistro,
1924 4612 2172 4681 episcopi
2218 4610 2379 4668 Occi-

810 4706 1056 4763 dentales
1092 4705 1390 4779 non‘prius
1439 4705 1653 4773 1076
1703 4707 2085 4774 episcoporum
2118 4702 2380 4777 Egypti.

810 4798 1190 4868 Orientisque,
1219 4806 1274 4853 et
1301 4796 1535 4867 Bospori
1562 4812 1626 4851 ac
1654 4795 1905 4850 Thraciae
1933 4802 2378 4854 communionem

820 4888 1091 4943 admisere
1114 4928 1128 4952 ,
1166 4900 1329 4957 quam
1365 4886 1536 4939 divini
1569 4885 1669 4938 viri
1702 4899 1901 4939 nomen
1927 4885 2067 4939 inter
2090 4884 2381 4940 defunctos

812 4982 1099 5053 episcopos
1139 4980 1483 5035 retulissent.
1530 4976 1595 5031 Et
1647 4978 1938 5033 Arsacium
1979 4977 2233 5047 quidem,
2283 4978 2377 5047 qui

810 5073 861 5127 ei
893 5070 1153 5126 suli'ectus
1184 5068 1399 5132 fuerat,
1453 5081 1554 5121 nec
1588 5067 1920 5121 salutatione
1961 5067 2169 5137 dignati
2206 5078 2372 5122 sunt:

814 5160 1049 5219 Atticum
1098 5174 1227 5213 vero
1273 5158 1485 5212 Arsacii
1532 5172 1951 5225 successorem,
2000 5170 2125 5229 post
2177 5164 2377 5216 multas

2466 3249 2613 3321 παρὰ
2639 3250 2735 3319 τὴν
2764 3249 2939 3319 θήκην
2977 3248 3216 3319 ἁπετέθη
3247 3246 3565 3301 Βασιλίσκου
3606 3245 3700 3297 τοῦ
3739 3244 4048 3314 μάρτυρος,

2466 3342 2623 3393 τοῦτο
2665 3340 2731 3393 δι’
2778 3340 3053 3409 ὀνείρατος
3121 3339 3546 3408 προστεταχότος
3594 3336 3690 3390 τοῦ
3746 3336 4049 3406 μάρτυρος.

2479 3432 2695 3484 Ὁπόσοι
2726 3432 2824 3501 μὲν
2848 3428 2937 3484 οὖν
2966 3433 3073 3483 τῶν
3105 3431 3417 3483 ἐπισκόπων
3443 3432 3508 3483 δι’
3542 3432 3748 3482 ἐκεῖνον
3777 3428 3885 3479 τῶν
3922 3426 4053 3478 Ἐκ-

2469 3524 2707 3592 κλησιῶν
2758 3523 3116 3592 ἐξηλάθησαν,
3168 3523 3263 3575 καὶ
3315 3522 3483 3585 αὐτὰς
3533 3521 3753 3592 ᾤκησαν
3798 3520 3897 3583 τὰς
3945 3519 4052 3587 τῆς

2469 3614 2792 3683 οἰκουμένης
2818 3613 3097 3683 ἐσχατιὰς,
3126 3612 3311 3666 ὀπόσοι
3350 3612 3407 3663 δέ
3437 3611 3530 3663 καὶ
3556 3612 3661 3663 τῶν
3691 3611 3788 3681 τὴν
3817 3611 4051 3677 ἀσκητι-

2472 3704 2573 3774 κὴν
2619 3703 2935 3771 φιλοσοφίαν
2980 3704 3348 3772 ἠγαπηκότων
3406 3705 3515 3764 τοῖς
3566 3702 3701 3764 ῐσοις
3756 3700 4051 3772 παθήμασι

2474 3795 2817 3865 περιέπεσον,
2851 3795 3102 3865 περιττὸν
3124 3791 3277 3863 οἶμαι
3312 3793 3635 3864 διηγεῖσθαι,
3660 3795 3751 3846 καὶ
3780 3794 4053 3863 μηκύνειν

2471 3888 2570 3957 τὴν
2606 3889 2946 3955 συγγραφὴν.
2985 3886 3195 3949 ’Λλλως
3234 3904 3293 3939 τε
3344 3888 3435 3939 καὶ
3479 3885 3676 3956 χρῆναι
3710 3884 3917 3955 νομίζω
3957 3902 4053 3937 συ·

2478 3980 2714 4032 στέλλειν
2743 3979 2812 4030 τὰ
2844 3978 3164 4048 σκυθρωπὰ,
3208 3979 3302 4031 καὶ
3330 3978 3437 4030 τῶν
3472 3978 3814 4047 δεδρακότων
3850 3978 4051 4045 όμοπί-

2479 4083 2616 4119 στων
2638 4068 2803 4119 ὄντων
2828 4067 3223 4134 συγκαλύπτειν
3247 4068 3310 4119 τὰ
3340 4066 3795 4136 πλημμελ.ἡ;;ατα.
3820 4066 4053 4118 Ἕεοσαν

2481 4161 2661 4228 μέντοι
2706 4158 2859 4221 δίκας
2908 4158 3012 4209 τῶν
3054 4158 3390 4227 ἠδικηκότων
3420 4161 3467 4210 οἱ
3500 4158 3757 4221 πλεῖστοι,
3807 4157 4053 4219 καὶτοῖς

2477 4250 2657 4313 ἄλλοις
2702 4250 2767 4302 δι’
2816 4243 2889 4301 ὧν
2932 4249 3131 4301 ἔπαθον
3176 4251 3274 4318 τὴν
3331 4249 3594 4317 ὠφέλειαν
3644 4248 4049 4319 προσήνεγκαν.

2479 4342 2695 4410 Ταύτην
2722 4339 3071 4404 ἐόδελύξαντο
3096 4339 3459 4409 διαφερόντως
3498 4339 3596 4408 τὴν
3624 4338 3835 4391 ἀδικίαν
3867 4339 3918 4391 οί
3952 4339 4055 4406 τῆς

2479 4430 2750 4505 Εὐρώπης
2780 4433 3066 4486 ἐπίσκοποι
3089 4448 3105 4463 ·
3146 4432 3243 4502 τῆς
3274 4433 3377 4502 γὰρ
3406 4433 3511 4484 τῶν
3539 4432 3875 4501 δεδρακότων
3910 4434 4051 4499 σφᾶς

2407 4502 2453 4557 D
2478 4527 2671 4588 αὐτοὺς
2695 4525 2997 4593 ἀπέκριναν
3018 4524 3301 4585 κοινωνίας
3328 4541 3341 4554 ·
3377 4526 3469 4576 καὶ
3503 4522 3746 4591 Ἰλλυριοὶ
3768 4523 3826 4575 δὲ
3850 4523 4053 4586 πάντες

2477 4617 2575 4686 τῆς
2625 4615 2840 4686 μερίδος
2887 4613 3100 4684 ἐκείνης
3148 4614 3411 4683 ἐγένοντο.
3469 4613 3587 4666 Τῶν
3634 4613 3690 4665 δὲ
3734 4615 3872 4684 πρὸς
3901 4614 4056 4684 ¹ἥλιον

2478 4706 2768 4777 ἀνίσχοντα
2796 4706 3003 4759 πόλεων
3030 4708 3077 4759 οἱ
3113 4706 3374 4769 πλεῖστοι,
3408 4704 3605 4773 ἔφυγον
3656 4703 3754 4773 μὲν
3794 4704 3901 4774 τῆς
3930 4706 4053 4759 ἀδι-

2479 4799 2603 4861 κίας
2629 4799 2727 4868 τὴν
2759 4798 3062 4861 κοινωνίαν,
3109 4797 3171 4849 τὸ
3197 4797 3253 4849 δέ
3282 4798 3377 4867 τῆς
3413 4796 3736 4866 Ἐκκλησίας
3775 4797 3877 4847 οῦκ
3922 4797 4056 4865 ἐμέ-

2485 4909 2643 4961 ρισαν
2668 4890 2844 4961 σῶμα.
2897 4890 3007 4944 Καὶ
3047 4889 3467 4958 τελευτήσαντος
3498 4888 3552 4939 δὲ
3588 4885 3679 4938 τοῦ
3710 4887 3950 4957 μεγάλου
3981 4888 4058 4939 δι-

2482 4981 2749 5035 δασκάλου
2767 4981 2863 5050 τῆς
2894 4979 3235 5049 οἰκουμένης,
3266 4979 3326 5032 οὐ
3360 4979 3620 5049 πρότερον
3648 4977 3697 5029 οί
3726 4976 3823 5045 τῆς
3860 4976 4051 5029 Ἑσπέ-

2484 5091 2584 5145 ρας
2616 5073 2899 5126 ἐπίσκοποι
2928 5071 3035 5124 τῶν
3067 5073 3126 5123 ὲν
3156 5070 3431 5139 Αἰγύπτῳ,
3465 5074 3558 5121 καὶ
3584 5071 3647 5139 τῇ
3692 5066 3917 5136 Ἐῲα⁸’,
3960 5067 4059 5117 καὶ

2482 5166 2591 5220 τῶν
2638 5167 2695 5218 ἐν
2740 5164 2817 5235 τῷ
2864 5163 3145 5234 Βοσπόρῳ,
3179 5164 3272 5217 καὶ
3316 5164 3381 5232 τῇ
3417 5161 3607 5233 Θρᾴκῃ
3642 5158 3740 5230 τὴν
3767 5158 4058 5212 κοινωνίαν

2077 5374 2320 5436 VARUS
2358 5379 2758 5438 LECTlONES.

902 5595 946 5626 "
974 5592 1323 5664 ἐληλαμένονξ
1352 5589 1542 5664 Iidem.
1601 5591 1646 5622 "
1675 5590 2101 5664 προσαπτοντες.
2127 5588 2288 5664 Basil‘
2322 5586 2445 5664 Gr),
2465 5587 2613 5664 Ρὶιιίὲ
2641 5589 2851 5664 sayilii,
2883 5589 3028 5664 quod
3052 5598 3106 5644 et
3129 5587 3349 5664 Valesio
3380 5588 3551 5664 magis
3571 5585 3764 5664 placet.

2264 5657 2545 5729 βασιλέων,
2581 5659 2752 5715 Savil.
2802 5660 2847 5693 ⁸⁸
2882 5657 3171 5729 ⁶ιιὶςολὲχνιον.
3201 5660 3340 5714 Pini.
3409 5659 3470 5729 _"

821 5667 954 5737 μήτε
972 5696 1039 5737 -έ
1057 5659 1422 5737 ποιήσασθαι,
1436 5662 1661 5737 _absunt_
1679 5659 1862 5737 a‘Pini
1890 5659 2097 5737 codice.
2144 5727 2156 5737 .
2170 5659 2217 5737 A"

3850 5582 3899 5611 “
3935 5580 4063 5639 Haec

3504 5653 3843 5724 γειτονεόων.
3890 5653 3923 5704 1³
3934 5668 3962 5704 a
3975 5656 4019 5701 si
4031 5656 4066 5705 Ι.

817 5724 913 5793 Gr.
952 5724 1188 5789 vitiosef
1212 5733 1256 5765 ⁸⁸
1287 5734 1362 5786 Ita
1388 5730 1702 5800 Christoph.
1728 5729 2102 5800 etdScaliger,
2143 5724 2531 5800 item'queerinj
2567 5730 2761 5797 codex,
2796 5744 2919 5787 cum
2968 5724 3135 5787 Basil.
3177 5729 3272 5783 Gr.
3310 5740 3361 5784 et
3402 5727 3592 5799 Steph.
3648 5724 3883 5780 habeant
3926 5736 4062 5779 συν-

819 5807 1010 5875 έδριον.
1066 5802 1110 5836 ⁸⁸
1153 5804 1246 5856 καὶ
1285 5801 1384 5871 τῆς
1426 5798 1721 5870 Έῲαςκαὶ
1752 5798 1859 5852 τῶν
1884 5800 1941 5853 ἐν
1974 5801 2038 5870 τῇ
2079 5799 2248 5855 Βοσπ.
2284 5798 2449 5855 Basil.
2486 5798 2585 5855 Gr.
