4206 6456
810 383 945 448 1267

1783 391 2271 453 ΤΠΕΟΒΟΒΕΤΙ
2305 392 2424 451 ΕΡ]
2433 393 2642 454 SCOPI
2677 397 3039 461 CYRENSIS

3911 404 4064 473 1268

813 494 1160 563 lampadibus
1210 498 1473 550 contexit.
1520 496 1676 553 llunc
1715 508 1897 554 autem
1952 502 2270 557 thesaurum
2324 505 2368 559 in

2487 507 2621 575 πρὸς
2646 512 2710 579 τῇ
2745 511 3068 579 Προποντίδι
3100 512 3272 582 στόμα
3301 515 3419 577 ταῖς
3448 514 3695 584 λαμπάσι
3726 518 4058 596 κατέκρυψε,

805 588 994 639 urbem
1032 587 1211 639 intulit
1249 588 1326 652 is,
1376 591 1469 659 qni
1527 590 1757 660 imperio
1814 610 1964 648 nunc
2010 599 2232 664 potitur,
2281 601 2374 669 qui

802 678 887 731 avi
923 692 1118 729 nomen
1159 681 1423 745 sortitus,
1468 683 1587 751 ejus
1627 700 1844 754 quoque
1889 689 2145 756 pietatem
2196 702 2379 746 servat

805 767 1203 836 incorruptam.
1240 770 1339 825 llic
1363 777 1554 826 oculos
1584 785 1636 827 et
1665 774 1900 830 frontem
1941 779 1993 832 in
2022 781 2201 833 loculo
2239 782 2376 834 deﬁ-

800 872 969 925 gens,
1007 874 1106 927 pro
1138 863 1459 929 parentibus
1485 880 1676 931 preces
1714 865 1890 930 fudit,
1935 880 1987 923 et
2036 872 2102 924 iis
2143 873 2238 940 qui
2282 889 2377 941 per

799 950 1165 1017 ignorantiam
1215 965 1507 1021 pcecarant
1549 968 1607 1009 ut
1660 958 1967 1027 ignosceret
2022 965 2371 1032 supplicavit.

796 1038 1133 1109 iampridem
1164 1046 1305 1098 enim
1338 1047 1457 1114 ejus
1494 1058 1752 1115 parentes
1798 1051 2079 1115 obierant,
2116 1057 2234 1122 ipso
2274 1059 2373 1110 ad-

799 1133 1020 1185 modum
1052 1129 1400 1191 adolescente
1426 1143 1561 1193 orbo
1593 1142 1806 1196 relicto.
1844 1142 1947 1197 Sed
1978 1145 2238 1201 orbitatis
2288 1150 2373 1201 in-

797 1226 1082 1279 commoda
1117 1228 1268 1281 illum
1305 1235 1541 1301 experiri
1577 1245 1866 1302 parentum
1916 1239 2036 1308 ejus
2079 1243 2374 1310 majorum-

796 1331 903 1385 que
937 1316 1080 1373 Deus
1121 1335 1234 1375 non
1262 1333 1347 1377 est
1389 1340 1601 1393 passus.
1640 1327 1774 1382 Nam
1814 1340 1868 1383 ct
1908 1333 2052 1400 piam
2089 1336 2372 1389 educatio-

796 1422 921 1460 nem
957 1418 1016 1460 ιιι
1056 1412 1354 1466 sortiretur
1392 1419 1648 1483 prmstitit
1676 1460 1688 1481 ,
1746 1430 1799 1473 et
1848 1422 2139 1490 imperium
2183 1427 2304 1494 ejus
2339 1443 2368 1480 a

794 1495 1163 1554 seditionibus
1212 1503 1442 1557 liberum
1492 1511 1506 1527 ‘
1565 1510 1898 1576 custodivit,
1940 1515 2370 1586 tyrannicosque

795 1588 1014 1644 animos
1037 1596 1388 1661 compressit.
1415 1595 1658 1661 Quorum
1688 1602 1779 1655 ille
1803 1602 2197 1659 beneficiorum
2224 1624 2369 1663 sem-

796 1692 889 1743 per
924 1696 1153 1747 memor,
1184 1685 1593 1743 benefactorcm
1631 1708 1790 1745 suum
1817 1695 2072 1752 laudibus
2100 1700 2361 1754 celebrat.

797 1767 968 1823 liabet
1002 1787 1129 1826 vero
1156 1775 1355 1829 divinzu
1380 1779 1720 1835 laudationis
1747 1787 1927 1841 socias
1958 1803 2211 1851 sorores,
2243 1807 2365 1859 quae

790 1867 841 1912 ct
881 1870 1194 1927 perpetuam
1241 1867 1618 1937 virginitatem
1658 1877 1888 1942 colunt,
1943 1886 1998 1931 et
2045 1880 2361 1937 divinorum

789 1949 1134 2019 eloquiorum
1163 1958 1572 2015 meditationem
1599 1981 1843 2022 summas
1865 1969 2102 2026 delicias
2130 1973 2362 2051 ducunt,

791 2041 1225 2117 thesaurumque
1290 2053 1629 2109 tutissimum
1703 2060 2026 2116 existimant
2082 2046 2360 2134 egentium

789 2138 1105 2193 necessitati
1138 2144 1457 2201 subvenire.
1508 2151 1900 2218 Imperatorem
1959 2171 2127 2224 porro
2183 2158 2364 2226 ipsum

787 2225 893 2279 alia
926 2228 1095 2281 multa
1127 2247 1252 2284 cum
1311 2248 1611 2302 exornent,
1657 2243 1708 2294 in
1753 2246 1947 2311 primis
1990 2263 2126 2302 sane
2172 2251 2364 2304 buma-

786 2318 933 2372 nitas
970 2330 1025 2373 et
1074 2324 1404 2391 clementia,
1455 2340 1508 2384 et
1556 2335 1722 2387 auiini
1774 2341 2147 2408 tranquillitas
2199 2344 2362 2397 nullis

786 2411 1043 2477 procellis
1084 2426 1310 2483 patens,
1349 2429 1401 2474 et
1445 2423 1579 2478 fides
1621 2428 1841 2482 sincera
1892 2443 2055 2501 atque
2090 2445 2358 2504 spectata.

784 2501 956 2573 Cujus
992 2510 1363 2567 certissimum
1401 2520 1690 2572 ostendam
1728 2534 2136 2593 argumentum.

873 2676 956 2748 [Β.
979 2679 1062 2736 St.
1084 2682 1146 2736 V.
1168 2687 1282 2759 δη
1306 2687 1463 2745 Venit
1490 2693 1557 2747 ad
1593 2696 1983 2767 imperatorem
2006 2703 2088 2756 vir
2110 2706 2359 2774 quidam,

786 2775 1146 2829 monasticam
1202 2782 1422 2848 quidem
1479 2788 1649 2841 vitam
1719 2791 1951 2858 ducens,
2017 2798 2113 2851 sed
2177 2800 2362 2855 animo

785 2864 1181 2933 praefractiore,
1213 2876 1495 2945 utaliquid
1529 2884 1855 2948 postularet.
1897 2888 2053 2952 Quod
2088 2906 2211 2957 cum
2246 2908 2349 2947 sae-

783 2956 909 3024 pius
946 2957 1176 3023 faceret,
1230 2982 1330 3019 nec
1362 2968 1707 3037 impetraret,
1752 2980 2203 3037 ecclesiasticam
2272 2987 2352 3039 illi

2484 597 2681 651 Τοῦτον
2708 600 2763 651 δὲ
2799 601 2980 671 ἐκείνῃ
3008 605 3071 672 τῇ
3109 604 3259 656 πόλει
3286 606 3377 657 τὸν
3411 604 3681 676 θησαυρὸν
3715 611 3742 659 ὁ
3782 607 3875 659 νῦν
3905 606 4065 675 βασι-

2480 685 2650 739 λεύων
2676 691 3065 760 προσήνεγκεν,
3096 694 3126 746 δ
3151 694 3243 747 τοῦ
3272 696 3497 749 πάππου
3527 700 3622 750 καὶ
3648 698 3746 769 τὴν
3786 716 4066 768 προσηγος

2482 778 2605 847 ρίαν
2651 779 2850 849 λαχὼν,
2884 785 2975 835 καλ⁸
3022 785 3120 854 τὴν
3170 786 3453 840 εὐσέεειαν
3484 790 3723 856 φυλάξας
3754 790 4058 858 ἀκήρατον.

2480 865 2647 934 υῦτος
2675 874 2883 935 ἐπιθεὶς
2912 878 2978 944 τῇ
3026 876 3255 945 λάρνακι
3290 880 3383 932 καὶ
3436 880 3562 943 τοὺς
3593 881 3922 950 ὀρθαλμοίις,
3962 887 4060 935 καὶ

2478 960 2538 1013 τὸ
2564 964 2835 1031 μέτωπον,
2871 966 3106 1019 ἱκετείαν
3143 970 3283 1039 ὑπὲρ
3310 971 3417 1022 τῶν
3448 973 3853 1041 γεγεννηκότων
3884 990 4060 1042 προσ-

2477 1054 2700 1121 ήνεγκε,
2734 1057 3041 1123 συγγνῶναι
3075 1062 3186 1122 τοῖς
3215 1061 3274 1124 ἐξ
3307 1062 3529 1128 ἀγνοίας
3556 1064 3873 1132 ἠδικηκόσιν
3900 1065 4057 1115 ἀντι-

2475 1143 2733 1215 ὅολήσας.
2774 1149 2948 1201 Πάλαι
2982 1151 3082 1220 μὲν
3108 1152 3214 1223 γὰρ
3246 1154 3604 1223 ἐτεθνήκεσαν
3634 1155 3683 1205 οἱ
3725 1153 3916 1206 τούτου
3956 1172 4057 1221 γο-

2474 1239 2603 1300 νεῖς,
2641 1240 2832 1309 κομιδῇ
2868 1240 2985 1292 νέον
3018 1243 3075 1293 ὲν
3123 1243 3385 1314 ὀρφανείᾳ
3431 1245 3839 1306 καταλιπόντες.
3890 1246 4059 1297 Ἀλλὰ.

2474 1332 2670 1399 πεῖραν
2701 1332 2861 1383 αὑτὸν
2892 1332 3072 1384 λαϐεῖν
3105 1334 3201 1403 τῆς
3234 1335 3523 1404 ὀρφανείας
3555 1337 3654 1388 οὐκ
3685 1338 3865 1388 εἴασεν
3889 1340 3917 1390 ὁ
3942 1337 4053 1390 τῶν

2474 1421 2726 1491 πατέρων
2754 1425 2845 1475 καὶ
2869 1423 2974 1475 τῶν
3006 1426 3282 1494 προγόνων
3309 1426 3461 1487 Θεός.
3492 1428 3709 1497 Τροιρῆς
3732 1446 3791 1480 τε
3821 1430 3930 1498 γάρ
3962 1430 4054 1480 αῦ-

2472 1512 2564 1563 τὸν
2603 1512 2925 1582 μεταλαχεῖν
2966 1516 3222 1578 εὐσεϐοῦς
3251 1518 3652 1586 παρεσκεύασε,
3688 1520 3782 1572 καὶ
3811 1519 3910 1587 τὴν
3956 1520 4054 1589 βα-

2473 1603 2675 1657 σιλείαν
2704 1605 2968 1673 ἐφύλαξεν
3025 1609 3405 1673 ἀστασίαστον,
3439 1610 3534 1662 καὶ
3590 1610 3687 1672 τὰς
3718 1614 4052 1680 τυραννικὰς

2471 1696 2763 1766 ἐχαλίνωσε
2814 1698 3055 1767 γνώμας.
3104 1701 3281 1753 Τῶνδε
3311 1702 3417 1753 τῶν
3460 1702 3788 1770 εὐεργεσιῶν
3835 1722 4051 1773 μεμνη-

2473 1786 2631 1854 μένος
2658 1785 2764 1850 ἀεὶ,
2793 1788 2884 1838 τὸν
2909 1787 3205 1856 εὐεργέτην
3235 1789 3482 1859 γεραίρει
3510 1794 3621 1851 τοῖς
3652 1790 3861 1858 ὕμνοις.
3894 1793 4049 1859 Ἔχει

2467 1874 2524 1926 δὲ
2574 1879 2863 1940 κοινωνοὺς
2911 1877 3009 1947 τῆς
3055 1880 3329 1947 ὑμνῳδίας
3356 1882 3453 1942 τὰς
3484 1881 3735 1949 ἀδελφὰς,
3786 1883 3877 1935 διὰ
3931 1884 4049 1951 βίου

2467 1969 2565 2039 τὴν
2595 1970 2893 2039 παρθενίαν
2926 1970 3219 2033 ἀσκούσας,
3262 1973 3353 2023 καὶ
3378 1972 3585 2043 τρυφὴν
3613 1973 3921 2042 ἡγουμένας
3959 1991 4050 2042 με·

2468 2059 2660 2128 γίστην
2691 2059 2790 2127 τὴν
2816 2059 2922 2111 τῶν
2958 2059 3115 2112 θείων
3144 2060 3339 2128 λογίων
3367 2061 3617 2131 μελέτην,
3650 2063 3743 2114 καὶ
3769 2062 4047 2132 θησαυρὸν

2467 2151 2663 2203 ἄσυλον
2694 2149 3019 2219 νομιζούσας
3050 2152 3156 2203 τῶν
3189 2152 3455 2221 δεομένων
3481 2153 3578 2217 τὰς
3623 2156 3812 2223 χρείας
3834 2156 3900 2208 ⁸³.
3936 2158 4045 2209 Αὖ-

2466 2240 2557 2292 τὸν
2583 2240 2766 2309 μέντοι
2798 2242 2888 2294 τὸν
2924 2241 3168 2310 βασιλέα,
3219 2243 3313 2296 καὶ
3346 2244 3513 2296 πολλὰ
3546 2244 3678 2297 ἄλλα
3696 2246 3738 2277 θ’
3772 2246 4002 2316 ἐκόσμει
4030 2263 4042 2274 ·

2466 2333 2564 2401 οὐχ
2610 2333 2808 2402 ἥκιστα
2855 2334 2908 2386 δὲ
2937 2334 3334 2404 φιλανθρωπία,
3380 2336 3475 2389 καὶ
3504 2338 3769 2406 πραότης,
3815 2338 3914 2390 καὶ
3947 2356 4047 2403 γα-

2467 2425 2598 2495 λήνη
2626 2424 2805 2495 ψυχῆς
2847 2424 3013 2494 ζάλην
3043 2426 3103 2477 οὐ
3134 2426 3417 2495 δεχομένη,
3472 2426 3563 2479 καὶ
3611 2427 3788 2489 πίστις
3844 2429 4052 2497 ἀκρασ-

2468 2520 2601 2585 φνής
2649 2534 2709 2568 τε
2759 2518 2853 2569 καὶ
2902 2516 3140 2587 δόκιμος.
3192 2519 3299 2571 Καὶ
3330 2518 3528 2589 ταύτης
3574 2520 3744 2587 σαφὲς
3789 2517 4050 2584 ἐπιδείξω

2465 2609 2784 2680 τεκμήριον.

2549 2702 2715 2772 Ἀνήρ
2774 2719 2894 2765 τις,
2950 2704 3248 2771 ἀσκητικὸν
3302 2703 3399 2773 μὲν
3450 2703 3824 2771 ἀσπαζόμενος
3891 2701 4046 2770 βίον,

2466 2791 2778 2864 θρασυτέρᾳ
2801 2794 2857 2846 δὲ
2890 2793 3169 2865 χρώμενος
3196 2793 3410 2864 γνώμῃ,
3437 2791 3802 2864 προσελήλυθε
3832 2791 3911 2859 τῷ
3944 2790 4047 2859 βα-

2467 2882 2607 2934 σιλεῖ
2634 2883 2761 2952 περί
2790 2900 2932 2944 τινος
2950 2885 2995 2914 ⁷⁰
3018 2885 3291 2952 δεόμενος.
3336 2883 3553 2952 Ἐπειδὴ
3580 2882 3636 2935 δὲ
3656 2881 3813 2933 τοῦτο
3832 2881 4046 2951 δράσας

2464 2974 2724 3037 πολλάκις
2756 2976 2856 3027 οὐκ
2900 2976 3076 3044 ἔτυχε.
3111 2977 3209 3043 τῆς
3246 2975 3698 3045 ἐκκλησιαστικῆς
3732 2973 3891 3024 αὑτὸν
3925 2989 4046 3024 κοι-

782 3052 1227 3108 communionem
1273 3059 1582 3128 interdixit,
1616 3076 1671 3119 ct
1706 3067 1911 3133 injecto
1963 3074 2187 3127 vinculo
2240 3077 2355 3130 dis-

2463 3069 2656 3131 νωνίας
2686 3068 2946 3133 ἐκώλυσε,
2971 3069 3064 3120 καὶ
3085 3069 3173 3119 τὸν
3195 3068 3391 3135 δεσμὸν
3418 3066 3625 3129 ἐπιθεὶς
3657 3063 4041 3134 ὑπεχώρησεν.

781 3143 973 3195 cessit.
1026 3143 1409 3206 Fnlelissimus
1465 3171 1595 3209 vero
1656 3160 1869 3230 1079
1918 3165 2235 3233 imperator.
2292 3169 2359 3222 ad

782 3232 1045 3296 palatium
1077 3251 1355 3306 reversus,
1410 3260 1535 3298 cum
1572 3256 1786 3317 tempus
1835 3265 1981 3307 esset
2014 3262 2270 3325 convivii,
2308 3271 2361 3315 et

779 3322 1038 3379 adessent
1065 3334 1332 3395 conviva,
1369 3336 1557 3390 cibum
1584 3357 1641 3394 se
1673 3344 1827 3410 prius
1857 3357 2153 3415 capturum
2188 3369 2358 3424 nega-

780 3414 878 3477 vit,
913 3412 1079 3483 quam
1111 3421 1329 3476 vinculo
1381 3428 1712 3497 solveretur,
1764 3445 1926 3504 atque
1959 3440 2059 3494 hac
2091 3444 2157 3508 de
2188 3461 2355 3502 causa

781 3505 1273 3566 familiarissimum
1318 3520 1612 3587 quemdam
1683 3526 1749 3578 ad
1806 3505 2144 3601 episcopum
2183 3538 2354 3602 misit,

779 3612 947 3651 urans
981 3609 1035 3652 ut
1059 3603 1107 3654 ei
1137 3606 1229 3672 qui
1262 3607 1811 3675 ligaratsolutionem
1835 3621 2161 3691 imperaret.
2185 3628 2354 3682 (lum-

778 3704 887 3755 que
909 3691 1204 3761 episcopus
1233 3698 1442 3754 diceret
1465 3720 1575 3759 non
1594 3707 1793 3764 debere
1818 3728 1846 3763 a
1866 3716 2062 3781 quovis
2092 3718 2354 3787 injectum

778 3782 1057 3836 vinculum
1084 3785 1321 3854 admitti,
1341 3800 1398 3845 et
1426 3797 1669 3852 solutum
1693 3817 1819 3856 eum
1846 3822 1970 3862 esse
1994 3811 2353 3883 significaret,

779 3872 1110 3927 solutionem
1143 3892 1250 3931 non
1284 3881 1729 3948 admittit,donec
1761 3892 1805 3947 is
1831 3898 1926 3964 qui
1961 3899 2156 3969 ligarat
2182 3906 2353 3959 multo

777 3976 900 4014 eum
942 3964 1130 4021 labore
1152 3974 1420 4037 quasitus
1452 3984 1893 4040 communionem
1929 3993 2172 4047 restituit
2206 4013 2218 4049 :
2262 4014 2352 4050 us-

776 4067 883 4119 que
905 4055 1041 4110 adeo
1069 4059 1273 4116 divinis
1306 4064 1519 4134 legibus
1547 4072 1971 4145 obtemperavit.
2006 4081 2132 4139 Inde
2158 4096 2211 4140 et
2235 4088 2350 4156 ipsa

777 4143 1055 4200 idolorum
1107 4150 1338 4209 delubra
1392 4174 1512 4227 qua:
1564 4143 1844 4223 restabant
1908 4171 2157 4231 funditus
2206 4143 2347 4235 dirui

772 4236 959 4302 jussit,
999 4246 1155 4295 utne
1209 4246 1358 4312 quod
1395 4255 1705 4317 posteritati
1739 4262 1957 4328 pristini
1992 4270 2200 4323 erroris
2224 4287 2347 4327 vcs-

775 4326 969 4394 tigium
1006 4340 1296 4400 exstaret;
1336 4338 1476 4393 hanc
1523 4346 1670 4399 enim
1713 4356 2043 4414 sententiam
2092 4360 2194 4429 legi
2247 4364 2347 4419 hac

2476 3160 2532 3210 ’0
2565 3159 2621 3210 δὲ
2656 3160 2977 3220 πιστότατος
3027 3158 3297 3226 βασιλεὺς,
3351 3157 3788 3226 παραγενόμενος
3834 3156 3914 3218 εἰς
3969 3156 4044 3206 τὰ

2464 3247 2727 3317 βασίλεια,
2764 3248 2857 3300 καὶ
2886 3247 2977 3300 τοῦ
3010 3246 3197 3316 καιροῦ
3227 3246 3514 3308 καλοῦντος
3543 3248 3619 3307 είς
3652 3243 3906 3312 εἰωχίαν,
3942 3245 4043 3295 καὶ

2460 3340 2569 3391 τῶν
2600 3339 2869 3391 συσσίτων
2916 3337 3221 3406 παρόντων,
3251 3338 3350 3389 οὐκ
3402 3337 3503 3405 ἔφη
3558 3337 3685 3405 πρὶν
3734 3334 3963 3403 λυθῆναι
3995 3335 4038 3363 ιι

2460 3432 2550 3484 τὸν
2582 3430 2777 3500 δεσμὸν
2812 3432 3100 3499 μετασχεῖν
3135 3429 3339 3499 τροφῆς
3367 3446 3381 3458 ·
3418 3427 3567 3499 [ὲέὸ]
3612 3427 3704 3478 καὶ
3748 3424 3937 3477 τούτου
3970 3423 4041 3493 δὴ

2460 3525 2623 3577 ἓνεκα
2667 3524 2800 3591 πρὸς
2832 3521 2924 3573 τὸν
2971 3520 3234 3589 ἀρχιερέα
3280 3519 3370 3571 τὸν
3415 3518 3743 3570 οἰκειότατον
3792 3515 4036 3583 έπεμψε,

2459 3615 2791 3686 παρακαλῶν
2816 3612 3103 3682 ἐπιτρέψαι
3130 3611 3206 3680 τῷ
3236 3610 3542 3663 δεδωκότι¹⁸
3569 3610 3659 3661 τὸν
3683 3609 3879 3677 δεσμὸν
3913 3608 4039 3659 δια-

2458 3708 2637 3761 λῦσαι.
2681 3706 2787 3759 Τοῦ
2816 3705 2871 3758 δὲ
2904 3705 3205 3757 ἐπισκόπου
3248 3705 3518 3771 φήσαντος
3549 3703 3622 3771 μὴ
3651 3701 3850 3771 χρῆναι
3878 3700 4038 3769 παρὰ

2459 3801 2657 3862 παντὸς
2689 3798 2909 3851 ὁτουοῦν
2956 3796 3204 3866 δέχεσθαι
3236 3795 3324 3847 τὸν
3354 3795 3572 3863 δεσμὸν,
3616 3797 3707 3844 καὶ
3734 3790 4040 3859 δεδηλωκό-

2454 3911 2547 3956 τος
2579 3893 2653 3954 ὡς
2686 3890 2919 3951 λέλυται,
2948 3889 3049 3940 οὐκ
3079 3886 3293 3952 ἐδέξατο
3324 3887 3422 3956 τὴν
3465 3885 3635 3948 λύσιν,
3665 3884 3769 3945 ’έως
3807 3885 3835 3935 δ
3861 3882 4037 3951 δήσας

2458 3988 2554 4039 σὺν
2592 3984 2769 4053 πολλῴ
2796 3983 2871 4051 τῷ
2913 3982 3059 4050 πόνῳ
3093 3978 3346 4048 ξητηθεὶς
3381 3978 3477 4047 τὴν
3515 3975 3797 4030 κοινωνίαν
3826 3975 4039 4028 ἀπέδω-

2454 4096 2569 4133 κεν’
2616 4077 2759 4131 οὓτω
2798 4078 2906 4137 τοῖς
2950 4073 3112 4133 θείοις
3155 4071 3481 4123 πεπίστευκε
3499 4069 3542 4100 ⁷³
3573 4070 3775 4137 νόμοις.
3826 4067 4037 4120 Τούτου

2452 4172 2515 4242 δὴ
2546 4172 2729 4231 ἕνεκα,
2760 4168 2855 4221 καὶ
2884 4166 3022 4219 αὐτὰ
3057 4166 3164 4217 τῶν
3196 4164 3490 4217 εἰδωλικῶν
3523 4162 3704 4232 σηκῶν
3736 4161 3804 4214 τά
3846 4161 4037 4212 λειπόο

2456 4282 2593 4334 μενα
2639 4266 2702 4317 ἐκ
2751 4261 2964 4332 βάθρων
3012 4258 3429 4327 ἀνασπασθῆναι
3467 4256 3831 4327 προσέταξεν,
3890 4254 4035 4306 ὥστε

2453 4359 2577 4422 τοὺς
2614 4356 2731 4427 μεθ’
2760 4358 2904 4426 ἡμᾶς
2932 4353 3218 4424 ἐσομένους
3246 4352 3411 4420 μηδὲν
3448 4351 3591 4420 ἴχνος
3617 4349 3717 4418 τῆς
3758 4348 4036 4416 προτέρας

775 4417 843 4471 de
876 4434 933 4473 re
963 4422 1184 4490 scriptie
1229 4426 1448 4485 indidit.
1484 4433 1761 4493 Bonorum
1816 4459 1949 4497 vero
1993 4448 2223 4505 istorum
2258 4470 2347 4509 se-

2463 4417 2730 4518 ἐξαπάτης
2754 4445 3050 4501 θεάσασθαι
3072 4463 3085 4475 ·
3116 4443 3269 4514 τήνδε
3293 4443 3400 4510 γὰρ
3427 4444 3524 4511 τὴν
3544 4442 3779 4494 διάνοιαν
3801 4439 3879 4508 τῷ
3904 4455 4037 4507 περι

775 4509 985 4563 minutn
1017 4512 1232 4571 fructus
1262 4523 1485 4577 assidue
1520 4529 1766 4601 colligit:
1797 4539 2176 4603 providentem
2200 4548 2347 4601 enim

774 4600 876 4653 sibi
926 4602 1087 4659 habet
1142 4607 1433 4667 Dominum
1495 4620 1908 4692 universorum,
1947 4630 2163 4687 Etenim
2222 4656 2347 4694 cum

780 4691 1003 4748 Ilhoilas
1060 4697 1170 4752 dux
1218 4701 1540 4776 Scytharum
1590 4717 1908 4781 nomadum,
1958 4724 2164 4794 ingenti
2220 4740 2350 4786 eum‘

774 4788 1017 4842 exercitu
1061 4790 1258 4847 Istrum
1290 4799 1623 4867 trajecisset,
1660 4805 2070 4884 Tliraciatuque
2122 4832 2347 4881 vastans

774 4878 1136 4950 ctdiripiens,
1162 4887 1352 4943 urbem
1394 4909 1614 4964 quoque
1643 4903 1849 4966 regiam
1884 4922 1943 4960 se
1978 4911 2343 4970 obsessorum

775 4979 1170 5045 capturulnque
1213 4996 1491 5041 momento
1548 5000 1601 5044 et
1651 5008 1972 5053 eversurum
2023 5006 2344 5075 minaretur,

777 5060 921 5118 Deus
949 5065 1100 5121 illum
1135 5070 1202 5126 de
1229 5076 1369 5130 ccelo
1426 5077 1752 5139 fulminibus
1783 5087 2067 5161 igneisque
2108 5060 2346 5154 turbini:

775 5153 877 5208 bus
906 5161 1142 5225 exussit,
1166 5171 1221 5216 et
1251 5168 1438 5235 copias
1470 5179 1823 5247 consumpsit
1864 5183 2174 5242 universas.
2208 5190 2340 5247 Tale

2451 4542 2653 4594 τούτων
2676 4540 2946 4593 ὲντέθεικε
2972 4539 3142 4607 νόμῳ.
3168 4537 3381 4589 Τούτων
3402 4536 3457 4587 δὲ
3480 4536 3587 4587 τῶν
3610 4534 3829 4602 ἀγαθῶν
3862 4548 4033 4601 σπερο

2452 4636 2637 4703 μάτων
2657 4631 2916 4702 διηνεκῶς
2939 4630 3195 4700 δρέπεται
3218 4631 3342 4692 τοὺς
3367 4628 3608 4695 καρπούς
3637 4645 3649 4657 ·
3684 4626 3770 4725 tim
3792 4626 3903 4693 γὰρ
3922 4642 4035 4725 ⁴των

2447 4728 2583 4780 ὅλων
2609 4727 2890 4793 Δεσπότην
2930 4722 3379 4794 προμηθούμενον
3410 4721 3543 4789 ἔχει.
3586 4718 3830 4789 Καὶῖίὰρ
3864 4718 4033 4786 ἡνίκα

2458 4821 2686 4881 Ῥωῖλας
2704 4820 2769 4878 ⁷³,
2800 4816 3021 4869 Σκυθῶν
3047 4816 3153 4867 τῶν
3184 4814 3448 4884 Νομάδων
3475 4811 3775 4882 ἡγούμενος
3793 4852 3806 4871 ,
3843 4811 3934 4863 τόν
3972 4827 4029 4863 τε

2450 4914 2664 4983 Ἴστρον
2694 4911 2846 4979 διέϐη
2879 4908 3017 4979 μετᾶ
3060 4908 3319 4977 στρατιᾶς
3348 4908 3429 4958 ὅτι
3469 4905 3701 4973 μάλιστα
3742 4905 4027 4970 πλείστης,

2445 5007 2540 5058 καὶ
2567 5004 2664 5074 τὴν
2691 5005 2911 5073 Θρᾴκην
2945 5002 3098 5071 ἐδῄου
3130 5000 3223 5052 καὶ
3258 4998 3517 5065 ὲληῖζετο,
3543 4998 3633 5049 καὶ
3656 4996 3751 5065 τὴν
3778 4994 4030 5064 βασιλίδα

2446 5099 2599 5150 πόλιν
2634 5098 3013 5165 πολιορκήσειν
3059 5111 3118 5145 τε
3169 5094 3262 5146 καὶ
3311 5090 3557 5145 αὐτοϐοεὶ
3604 5090 3877 5157 αἱρήσειν,
3930 5088 4027 5140 καὶ

2446 5197 2746 5247 ἀνάστατον
2769 5193 2981 5262 ἠπείλει
3016 5192 3284 5258 ποιήσειν,
3316 5190 3574 5259 σκηπτοῖς
3601 5185 3804 5241 ἄνωθεν
3834 5185 3864 5236 ὁ
3889 5183 4027 5245 θεὸς

2049 5344 2279 5403 νΑΠΙίΕ
2320 5350 2724 5408 LEGTIONES.

845 5442 1678 5553 ξ’ἔξξεαςη¹ὶῖξξτίρῖ⁰⁶⁶ἓηῖἑηί
1709 5461 2145 5553 SLFPEP'W":
2199 5468 2341 5553 ’1ξεί-
2384 5473 2512 5553 ινίρ-
2542 5470 2617 5553 ξ·
2653 5470 2743 5531 ετο
2782 5468 2924 5553 sed
2965 5478 3114 5553 ῖέείξιε
3162 5466 3817 5553 ριτείξτι.Υ³¹θιίιιε-,,ξ’.
3849 5468 4028 5553 sane

1721 5510 1763 5512 γε
1810 5510 1846 5513 _
1891 5510 1899 5515 .
2199 5510 2341 5524 ....,..
2389 5510 2452 5523 ...
2500 5513 2512 5525 .
2552 5510 2617 5531 ..,
2658 5510 2743 5531 ι...
2824 5510 2923 5522 mu-
2971 5510 3113 5521 --ωιν
3164 5510 3685 5550 ιι·“ψ“α”.““··“⁴’.“’“’“’⁸
3746 5537 3757 5547 α
3806 5538 3817 5548 _
3855 5510 4025 5553 -"""":

775 5510 868 5563 καὶ
896 5510 1059 5605 Eme).
1102 5518 1429 5605 Basil‘.“Gr.,_
1461 5522 1675 5605 Stﬂrh"
1707 5510 2063 5605 Epiphanius.
2108 5539 2275 5593 Basil.
2311 5510 2663 5595 habetiletiam
2698 5510 2908 5605 κοσῚμεί.
2965 5539 3008 5569 ⁷ο
3038 5538 3250 5591 ἑαυτοῦ.
3284 5537 3451 5590 Savil.
3479 5554 3668 5589 τουτου
3703 5534 3840 5589 Ριηι.
3888 5539 4025 5603 Περι

772 5597 867 5631 του
880 5583 1214 5662 ’δεησόμενος
1242 5583 1468 5662 Niceph.
1506 5583 1648 5659 XiV,
1666 5583 1732 5654 ’5.

779 5721 1012 5809 στειὲκει.
1236 5730 1286 5809 ,⁷³
1327 5732 1417 5809 S_ic
1454 5744 1513 5809 et
1542 5721 1879 5809 lji'cepliorus
1921 5747 1953 5796 Ι.
1987 5762 2035 5799 c.
2071 5764 2116 5799 (ι.
2143 5722 2182 5802 ’4

1812 5603 1851 5634 τί
1890 5607 1938 5655 οἱ
1966 5606 2115 5659 addit
2151 5610 2287 5663 liber
2318 5609 2401 5663 Jo.
2438 5611 2576 5664 l’ini.

774 5610 867 5631 ωδ
892 5610 1214 5654 υςησυμενος
1242 5610 1468 5662 mcepu.
1508 5610 1648 5659 λη,
1679 5610 1732 5654 5.
1812 5610 1851 5634 τι
1890 5610 1938 5655 οἱ
1966 5610 2115 5659 addit
2151 5610 2287 5663 liber
2318 5610 2401 5663 Jo.
2438 5611 2576 5664 l’ini.
2665 5611 2711 5641 "
2758 5610 3041 5690 6583-1326th
3075 5610 3219 5675 quod
3261 5617 3314 5662 et
3366 5610 3666 5676 Epiphanio

774 5652 1012 5749 ξερῖθοτο
1045 5662 1831 5749 gspresiitizrccte“rescribit
1858 5672 2111 5749 Valesius
2142 5697 2155 5741 ;
2184 5680 2381 5748 δεσμὸν
2410 5681 2617 5743 ἐπιθεὶς
2658 5681 2815 5749 paulo
2848 5689 2971 5733 ante
2990 5679 3278 5732 dicebatur
3315 5676 3674 5749 Theodoreto.

2215 5746 2541 5818 (quanquam
2579 5746 2719 5804 ant—ul
2768 5766 2889 5803 eum
2926 5750 3183 5804 scribitur
3228 5747 3501 5816 Ῥωῖλᾶς),
3534 5751 3773 5816 itemque
3816 5746 4021 5818 Epiph.

2665 5611 2711 5641 "
2758 5609 3041 5707 δεδεκότιῷ
3075 5609 3219 5707 qpod
3261 5608 3697 5707 etTFpiqban'ius
3750 5622 3875 5707 ειμι]
3928 5608 4027 5661 Νί-

2665 5695 2758 5707 ..-η
2788 5695 2815 5707 ,.
2848 5689 2971 5707 -..η
3032 5695 3108 5707 .....
3132 5690 3278 5707 ........
3383 5693 3597 5707 mm“...
3623 5693 3653 5707 ι.
3856 5694 3991 5707 ---.

3856 5694 3925 5731 πε
3934 5695 4027 5731 πι-

778 5792 1042 5860 probante
1072 5796 1305 5855 Valesio.
1343 5802 1507 5858 Basil.
1534 5807 1629 5860 Gr.
1652 5792 1797 5865 eruni—
