4206 6456
245 403 383 464 12Ἱ3

1221 391 1808 459 ECCLESIASTICIE
1846 389 2230 456 HISTORle
2268 400 2413 460 LIB.
2449 401 2517 461 V.

3355 395 3488 462 1274

238 514 410 583 τομὰς
438 513 517 581 τῷ
544 511 755 582 σώματι
800 512 1305 582 προσαρμόσαντες,
1348 506 1467 563 εἶτα
1501 506 1675 576 δεσμά
1702 520 1821 557 στε-

1929 505 2170 571 clusere,
2204 507 2535 578 pietatisque
2567 508 2803 563 athletas
2832 508 2940 563 illis
2967 507 3312 563 devorandos
3340 507 3492 577 obje-

239 603 380 668 γανά
409 603 519 655 ἀπὸ
539 604 638 672 τῆς
671 603 909 672 κεφαλῆς
944 602 1103 672 μέχρι
1128 600 1237 653 τῶν
1282 599 1457 653 ποδῶν
1480 598 1813 668 περιθέντες,

244 695 337 764 βίᾳ
364 695 597 747 ’ἕκαστον
634 694 739 747 τῶν
797 693 1059 763 καλαμῶν
1087 692 1346 757 ἐξεῖλκον,
1382 693 1465 745 ἴνα
1497 692 1555 744 τὸ
1587 690 1817 755 πελάζον

240 787 337 838 τοῦ
376 786 643 855 δέρματος
690 785 1098 857 παρασύροντες
1145 786 1348 859 πικράς
1410 785 1507 848 τὰς
1528 785 1574 817 ⁸ο
1626 782 1819 846 ὀδύνας

243 876 584 945 ἐργάζωνται
610 878 676 930 ’³.
712 880 823 931 Καὶ
843 878 1078 942 λάκκους
1112 879 1169 932 δὲ
1204 878 1513 950 ὀρύξαντες,
1546 878 1637 930 καὶ
1698 876 1820 929 τού-

241 985 372 1029 τους
397 968 639 1037 ἀκριϐῶς
664 970 1095 1038 καταχρίσαντες
1123 972 1190 1033 ’⁸,
1225 971 1377 1040 μυῶν
1410 970 1659 1039 μεγάλων
1687 968 1820 1034 ἀγέ-

244 1060 345 1120 λας
362 1061 419 1111 ὲν
443 1059 651 1122 τούτοις
680 1060 995 1130 καθεῖρξαν,
1014 1064 1110 1115 καὶ
1139 1064 1345 1132 τροφὴν
1373 1060 1690 1123 αὐτοῖςτοὺς
1719 1058 1822 1127 τῆς

245 1150 528 1214 εὖσεϐείας
556 1151 891 1221 προσέφερον
944 1153 1201 1222 ἀθλητὰς,
1246 1153 1338 1206 καὶ
1374 1152 1471 1215 τὰς
1509 1154 1696 1222 χεῖρας
1727 1151 1821 1202 αὐτ

244 1238 422 1289 τῶν⁹³
449 1238 542 1289 καλ⁵
581 1240 705 1301 τοὺς
748 1242 911 1303 πόδας
972 1241 1315 1310 δεσμοῦντες,
1358 1241 1505 1303 ὅπως
1530 1241 1635 1293 ἀπὸ
1672 1239 1821 1307 σφῶν

244 1329 575 1380 ἀπελαύνειν
601 1329 668 1381 τά
717 1330 882 1401 θηρία
937 1331 1010 1402 μὴ
1057 1333 1340 1387 δύνωνται.
1381 1334 1441 1384 Oi.
1467 1333 1519 1384 δὲ
1556 1331 1687 1401 μῦες
1717 1331 1821 1383 ὑπὸ

244 1418 344 1470 τοῦ
401 1420 558 1486 λιμοῦ
617 1420 947 1488 πιεζόμενοι,
996 1424 1313 1492 καταϐραχὺ
1362 1423 1461 1485 τὰς
1495 1424 1600 1475 τῶν
1650 1423 1821 1489 ἁγίων

245 1512 644 1580 κατανήλισκον
702 1513 929 1583 σάρκας.
983 1514 1199 1585 μακρὰν
1247 1518 1426 1576 αὐτοῖς
1454 1515 1549 1567 καὶ
1572 1512 1821 1581 ἀλγεινὴν

242 1602 346 1669 τὴν
402 1604 671 1673 τιμωρίαν
714 1606 1131 1675 προσφέροντες.
1192 1606 1301 1659 Καὶ
1344 1605 1507 1668 ἄλλοις
1534 1605 1589 1656 δὲ
1621 1604 1821 1656 τούτων

242 1693 633 1765 χαλεπωτέρας
691 1697 989 1765 ἐπενόησαν
1027 1698 1320 1767 τιμωρίας,
1353 1698 1444 1749 τὸν
1477 1698 1575 1763 τῆς
1611 1696 1820 1765 φύσεως

243 1783 540 1854 ἀλάστορα,
588 1787 680 1838 καὶ
738 1787 837 1856 τῆς
885 1788 1142 1857 ἀληθείας
1188 1788 1448 1858 πολέμιον
1510 1787 1822 1840 διδάσκαλον

245 1877 481 1945 ἔχοντες.
506 1878 643 1929 Ἀλλ’
674 1881 771 1931 οὐκ
798 1879 1028 1949 ἤλεγξαν
1047 1882 1153 1934 τῶν
1168 1857 1415 1950 ἀθλητῶν
1441 1881 1535 1949 τὴν
1556 1881 1824 1951 ἀνδρείαν.
1861 1857 1901 1911 Β

242 1969 553 2039 Δύτόματοι
608 1972 715 2041 γάρ
769 1971 1008 2043 ἔτρεχον,
1066 1974 1156 2027 τὸν
1199 1976 1296 2044 τῆς
1354 1974 1657 2042 ἀνωλέθρου
1682 1974 1827 2041 ζωῆς

244 2057 508 2125 πρόξενον
535 2058 718 2112 λαδεῖν
755 2063 1094 2131 ίμειρόμενοι
1118 2063 1346 2117 θάνατον
1364 2104 1375 2115 .
1409 2063 1511 2116 Δύο
1535 2064 1637 2133 aea,
1666 2064 1830 2134 τριῶν

248 2150 654 2221 μνησθήσομαι,
686 2153 771 2206 ἵνα
794 2154 879 2206 διὰ
911 2153 1114 2207 τούτων
1166 2155 1421 2219 ἐπιδείξω
1458 2156 1552 2209 κοιλ⁵
1581 2154 1678 2225 τὴν
1722 2155 1829 2207 τῶν

244 2240 423 2293 ἄλλων
450 2242 717 2313 ἀνδρείαν.
766 2245 1061 2317 Ὁρμίσδης
1098 2263 1181 2309 τις
1208 2245 1315 2299 τῶν
1354 2247 1491 2314 ἄγαν
1516 2248 1829 2319 περιφανῶν

246 2332 400 2402 παρὰ
434 2334 667 2404 Πέρσαις
708 2335 1001 2407 ἐτύγχανεν
1031 2336 1127 2404 ῶν,
1156 2339 1509 2409 Ἀχεμενίδης
1538 2340 1696 2411 ἀνὴρ,
1729 2358 1828 2393 πα-

247 2428 382 2495 τέρα
411 2426 655 2499 ὕπαρχον
682 2430 951 2500 ἐσχηκώς.
989 2431 1191 2485 Τοῦτον
1218 2433 1539 2501 Χριστιανὸν
1564 2428 1702 2486 εἶναι
1730 2450 1827 2502 με·

252 2520 512 2590 μαθηκὼς
536 2526 562 2574 ὁ
593 2523 844 2591 βασιλεὺς
874 2526 1048 2595 ἤγαγέ
1075 2543 1133 2578 τε
1162 2528 1254 2579 καὶ
1296 2526 1625 2596 προσέταξεν
1664 2529 1830 2598 ἀρνη-

248 2611 411 2678 θῆναι
446 2614 533 2666 τὸν
565 2615 842 2669 σεσωκότα
888 2616 1045 2670 Θεόν.
1093 2618 1152 2670 Ὀ
1206 2618 1261 2670 δὲ
1293 2619 1420 2687 ἔφη,
1459 2621 1594 2689 μήτε
1626 2618 1825 2683 δίκαια,

252 2705 391 2773 μήτε
437 2707 781 2776 συμφέροντα
837 2710 1281 2780 προστεταχέναι
1302 2712 1390 2764 τὸν
1425 2712 1648 2780 βασιλέα
1672 2730 1683 2742 ·
1712 2732 1730 2763 ‹
1770 2713 1828 2765 'U

247 2797 358 2866 γάρ
397 2812 481 2849 τοι
532 2797 912 2863 παιδευόμενος
967 2800 1160 2868 ῥᾳδίως
1226 2800 1318 2854 τοῦ
1366 2801 1502 2854 Θεοῦ
1546 2802 1655 2854 τῶν
1687 2802 1828 2855 ὅλων

249 2892 633 2959 καταφρονεῖν,
671 2891 764 2943 καὶ
804 2890 989 2943 τοῦτον
1023 2892 1322 2959 ἀρνεῖσθαι,
1361 2895 1491 2963 ῥᾷον
1513 2894 1578 2947 ἂν
1605 2897 1697 2947 καὶ
1734 2894 1827 2964 βα-

251 2980 443 3043 σιλέως
476 2983 907 3053 καταφρονήσει·
945 2983 1228 3053 ἄνθρωπος
1270 2984 1376 3055 γάρ
1409 2985 1473 3055 δὴ
1502 2982 1674 3050 οὗτος,
1702 2988 1827 3058 θνη-

246 3076 346 3141 τὴν
387 3073 551 3143 φύσιν
593 3076 1027 3145 κεκληρωμένος.
1078 3078 1139 3129 Εἰ
1183 3077 1239 3130 δὲ
1285 3080 1556 3149 τιμωρίας
1591 3081 1826 3151 ἐσχάτης

1923 610 2080 653 cere.
2120 599 2377 654 manibus
2415 614 2603 653 eorum
2645 614 2707 653 ac
2747 599 2977 669 pedibus
3016 597 3377 661 constrictis,
3420 614 3492 654 ne

1925 687 2148 757 abigere
2194 706 2223 743 a
2275 705 2333 746 se
2380 692 2590 745 bestias
2642 700 2887 759 possent.
2944 689 3130 744 Mures
3170 704 3299 743 vero
3350 690 3492 745 fame

1926 782 2102 851 pressi
2158 797 2354 837 carnes
2408 792 2724 837 sanctorum
2774 783 2981 837 sensim
3032 781 3491 852 depascebantur,

1925 873 2151 939 longum
2191 874 2300 927 illis
2330 882 2384 927 et
2415 889 2543 927 acre
2591 875 2922 943 supplicium
2980 872 3295 927 inferentes.
3347 871 3491 938 Quin

1924 972 1978 1018 et
2013 966 2149 1019 alias
2179 981 2397 1035 quoque
2428 966 2512 1020 his
2536 969 2817 1036 graviores
2860 964 3073 1036 1084
3102 980 3293 1033 pennas
3325 979 3492 1019 exco—

1925 1077 2199 1144 gitnrttnl,
2254 1076 2441 1132 infesti
2502 1086 2714 1131 natura;
2773 1078 3075 1142 (immonis,
3134 1079 3493 1147 veritatisque

1928 1168 2105 1219 hostis
2140 1168 2452 1236 magisterio
2479 1168 2707 1222 eruditi.
2743 1167 3087 1222 Athletarum
3116 1174 3299 1222 tamen
3334 1168 3495 1222 forti-

1927 1260 2175 1312 tudinem
2210 1275 2318 1311 non
2362 1258 2589 1325 fregere.
2645 1259 2755 1313 Sua
2807 1260 2954 1313 enim
3005 1274 3196 1327 sponte
3242 1275 3496 1316 accurre-

1927 1350 2091 1417 bant,
2132 1356 2361 1405 mortem
2395 1367 2517 1419 quae
2553 1353 2917 1405 immortalem
2956 1352 3122 1405 vitam
3158 1354 3297 1420 parit
3329 1367 3497 1421 oppe-

1927 1447 2042 1494 tere
2087 1439 2397 1510 cupientes.
2448 1440 2594 1494 Duos
2622 1457 2752 1511 ergo
2787 1453 2967 1497 tresve
3015 1443 3492 1505 commemorabo,

1929 1538 1987 1583 ut
2016 1546 2081 1584 ex
2117 1530 2203 1585 his
2242 1531 2474 1584 aliorum
2509 1546 2732 1601 quoque
2770 1531 3083 1584 constantia
3130 1529 3491 1598 intelligatur.

1930 1620 2220 1675 Hormisda
2276 1622 2503 1687 quidam
2552 1629 2711 1686 erat,
2766 1624 3051 1691 praecipuae
3105 1620 3249 1688 apud
3301 1620 3494 1675 Persas

1930 1711 2271 1769 nobilitatis,
2314 1710 2730 1765 Achaemenides
2766 1727 2965 1780 genere
2988 1752 3002 1775 ,
3052 1710 3310 1780 praefecto
3344 1719 3496 1778 patre

1932 1810 2116 1855 natus.
2148 1800 2306 1855 Hunc
2334 1816 2457 1856 esse
2480 1802 2858 1855 Christianum
2893 1818 2987 1856 rex
3017 1816 3144 1855 cum
3173 1799 3495 1866 didicisset,

1930 1894 2217 1956 evocavit,
2258 1893 2537 1961 Deumque
2576 1894 2919 1958 Servatorem
2960 1894 3178 1962 ejurare
3216 1892 3493 1962 praacepit.

1929 1982 2028 2035 Cui
2063 1984 2156 2037 ille
2188 2002 2201 2037 :
2237 2001 2255 2033 ι
2292 1982 2403 2037 Nec
2450 1984 2598 2051 jnsta
2622 2025 2635 2048 ,
2689 1984 2901 2052 inquit,
2956 1998 3057 2037 nec
3106 1983 3297 2046 utilia,
3361 1997 3493 2046 rex,

1932 2073 2244 2142 imperasti.
2329 2074 2433 2138 Qui
2484 2076 2626 2128 enim
2680 2076 3061 2129 universorum
3109 2072 3278 2128 Deum
3333 2072 3497 2129 facile

1932 2166 2218 2233 aspernari
2279 2174 2333 2221 et
2386 2168 2658 2236 abnegare
2708 2166 2996 2226 didicerit,
3053 2166 3225 2219 multo
3280 2165 3496 2221 facilius

1930 2271 2109 2325 regem
2139 2264 2488 2321 contemnet,
2524 2272 2646 2309 cum
2683 2258 2729 2310 is
2759 2259 2920 2311 homo
2957 2258 3029 2312 sit
3071 2257 3354 2311 mortalem
3394 2270 3496 2309 na-

1932 2356 2108 2399 turam
2146 2348 2401 2401 sortitus.
2432 2348 2587 2413 Quod
2622 2347 2667 2401 si
2714 2363 2928 2401 summo
2980 2348 3249 2417 supplicio
3296 2347 3497 2416 dignus

1928 2448 2012 2491 est
2038 2477 2052 2497 ,
2086 2439 2178 2507 qui
2218 2439 2449 2506 sceptris
2481 2438 2592 2491 tuis
2616 2478 2629 2499 ,
2666 2454 2759 2491 rex
2783 2480 2797 2501 ,
2853 2438 3110 2501 obsistit,
3160 2438 3319 2505 longe
3367 2449 3496 2504 gra-

1929 2533 2116 2584 viores
2144 2545 2336 2600 paenas
2366 2538 2628 2593 meretur,
2653 2531 2744 2598 qui
2776 2544 2959 2583 rerum
2989 2531 3233 2583 omnium
3267 2528 3499 2598 abnegat

1927 2623 2306 2676 Conditorem.
2332 2640 2349 2672 ι
2378 2620 2485 2675 Rex
2526 2637 2677 2683 vero,
2715 2636 2874 2691 quem
2915 2621 3204 2675 verborum
3247 2621 3367 2687 ejus
3398 2620 3499 2675 ad-

1928 2716 2120 2768 mirari
2177 2714 2502 2784 sapientiam
2548 2730 2645 2784 par
2695 2724 2854 2779 erat,
2904 2724 3190 2769 strenuum
3235 2712 3496 2767 athletam

1931 2806 2283 2861 facultatibus
2335 2806 2748 2874 honoribusque
2777 2810 2796 2828 ‘
2829 2806 3125 2874 spoliavit,
3180 2805 3498 2873 nudumque

1930 2898 2273 2968 subiigaculo
2288 2898 2405 2952 solo
2420 2898 2718 2951 incinctum
2741 2897 2980 2951 camelos
3001 2897 3276 2951 exercitus
3298 2897 3501 2952 ducere

1928 2990 2210 3059 przccepit.
2238 2989 2511 3043 Plusculis
2535 2989 2729 3043 diebus
2761 2988 3070 3057 interiectis
3093 3029 3107 3051 ,
3137 2996 3497 3058 prospectans

1930 3096 2023 3136 rex
2054 3097 2083 3136 e
2116 3082 2404 3151 laqueato,
2439 3082 2719 3151 egregium
2760 3082 2944 3133 virum
2981 3079 3129 3133 videt
3162 3080 3332 3133 radiis
3366 3080 3497 3134 soils

247 3167 398 3231 ἄξιος
423 3169 452 3219 ὁ
485 3166 553 3219 τά
574 3167 660 3227 σὰ,
685 3162 729 3220 ῶ
753 3169 994 3238 βασιλεῦ,
1025 3170 1353 3240 ἀρνούμενος
1388 3173 1659 3242 σκῆπτρα,
1690 3176 1817 3226 πολ-

1930 3173 2187 3228 adustum
2209 3216 2222 3237 ,
2256 3182 2309 3227 et
2354 3174 2576 3241 pulvere
2607 3186 2966 3242 conspersum
2988 3212 3001 3232 ,
3030 3179 3082 3225 et
3117 3178 3358 3240 paterna:
3388 3186 3500 3226 me-

246 3259 563 3314 λαπλασίων
590 3261 861 3315 κολάσεων
889 3262 1178 3333 ἀξιώτερος
1218 3267 1244 3315 ὁ
1283 3265 1388 3317 τῶν
1425 3265 1471 3297 ⁸⁵
1494 3266 1587 3319 τοῦ
1624 3271 1823 3332 παντδς

247 3350 581 3419 ἀρνούμενος
617 3353 874 3422 Ποιητήν.
912 3372 929 3404 ι
980 3354 1035 3405 Ὀ
1067 3354 1122 3407 δὲ
1155 3355 1420 3423 βασιλεὺς.
1448 3357 1564 3409 δέον
1589 3359 1687 3427 τὴν
1717 3359 1822 3411 τῶν

246 3442 555 3509 εἰρημένων
591 3441 867 3511 θαυμάσαι
918 3445 1128 3512 σοφίαν,
1171 3445 1452 3516 ἐγύμνωσε
1491 3449 1588 3517 μὲν
1617 3449 1822 3503 καὶτοῦ

248 3531 482 3584 πλούτου
510 3533 730 3585 καὶτῶν
753 3534 1079 3605 ἀξιωμάτων
1127 3536 1219 3589 τὸν
1256 3541 1501 3605 γενναῖον
1544 3540 1782 3611 ἀθλητήν
1804 3557 1819 3571 ο

248 3623 452 3691 γυμνὸν
473 3622 527 3674 δὲ
550 3623 728 3676 ἕλκειν
743 3625 841 3694 τῆς
868 3628 1124 3697 στρατιᾶς
1141 3627 1238 3688 τὰς
1263 3629 1539 3699 καμήλους
1571 3630 1823 3683 ἐκέλευσε

247 3712 555 3782 διαζώματι
587 3714 868 3784 χρώμενον
922 3717 1099 3785 μόνον.
1136 3718 1353 3771 Πολλῶν
1390 3718 1451 3771 δὲ
1506 3721 1825 3776 διελθουσῶν

248 3806 352 3873 ἠμε
362 3806 496 3873 ρῶν,
530 3806 795 3874 διακύψας
816 3808 923 3861 ἀπὸ
938 3802 1032 3878 τῆς
1056 3810 1331 3881 καμάρας,
1355 3806 1461 3863 εῐδε
1484 3812 1574 3864 τὸν
1605 3811 1824 3881 ἄριστον

246 3894 413 3961 ἄνδρα
437 3896 641 3947 ἐκεῖνον
659 3897 762 3948 ὑπὸ
786 3898 885 3966 τῆς
907 3898 1119 3960 ἀκτῖνος
1142 3898 1491 3968 φλεγόμενον,
1510 3902 1601 3952 καὶ
1625 3900 1822 3963 κόνεως

249 3984 838 4054 άναπιπλάμενον·κα“ι
873 3992 971 4058 τῆς
1010 3989 1269 4059 πατρῴας
1303 3992 1654 4059 περιφανείας
1693 3994 1823 4044 ἀνα-

258 4076 521 4145 μνησθεὶς
550 4079 722 4147 ἤγαγέ
750 4098 806 4132 τε
835 4082 930 4133 καὶ
957 4080 1279 4134 ἐνδύσασθαι
1314 4083 1630 4151 χιτωνίσκον
1662 4085 1721 4134 ἐκ
1746 4084 1824 4135 λί-

252 4186 344 4219 νου
378 4171 747 4240 πεποιημένον
778 4172 1076 4225 ἐκέλευσεν.
1109 4172 1237 4226 Εἶτα
1267 4175 1492 4243 νομίσας
1518 4176 1623 4227 ὑπό
1649 4193 1704 4228 τε
1732 4176 1823 4227 τοῦ

250 4261 517 4330 προτέρου
543 4262 705 4315 πόνου
742 4265 955 4333 καὶτῆς
997 4267 1366 4336 γεγενημένης
1420 4267 1826 4338 φιλανθρωπίας

252 4354 655 4423 μαλακισθῆναι
677 4355 737 4407 τὸ
760 4357 1031 4425 φρόνημα·
1064 4378 1079 4407 ι
1102 4358 1214 4410 Νῦν
1234 4359 1382 4425 γοῦν,
1401 4360 1525 4429 ἔφη,
1545 4361 1640 4430 τῆς
1655 4361 1825 4431 ἔριδος

246 4446 466 4513 ἐκείνης
483 4447 816 4514 ἀπαλλαγεὶς
841 4447 1105 4518 άρνήθητι
1129 4448 1220 4501 τοῦ
1242 4448 1392 4520 [ειη
1428 4451 1674 4513 τέκτονος
1735 4452 1826 4503 τὸν

1929 3280 2049 3318 mor
2078 3266 2382 3321 nobilitatis
2417 3280 2539 3318 eum
2571 3264 2821 3319 accersiit
2843 3304 2856 3327 ,
2884 3271 2938 3319 et
2969 3264 3110 3317 linea
3143 3264 3321 3318 tunica
3348 3262 3497 3317 indui

1922 3356 2088 3427 jussit
2113 3373 2126 3409 :
2158 3365 2270 3408 tum
2300 3370 2367 3409 ex
2397 3354 2669 3423 praeterita
2697 3368 2941 3406 :crumna
2970 3360 3025 3407 et
3052 3361 3321 3421 prmsente
3348 3352 3499 3407 beni-

1925 3448 2136 3519 gnitate
2171 3447 2413 3500 animum
2452 3445 2572 3513 ejus
2610 3444 2912 3498 emollitum
2959 3454 3130 3506 ratus,
3158 3462 3176 3495 ‹
3205 3443 3357 3498 Nunc
3389 3443 3501 3498 sal-

1926 3547 2032 3593 tem
2056 3580 2072 3602 ,
2106 3538 2202 3599 ait,
2233 3534 2638 3589 contentionem
2671 3533 2819 3586 illam
2858 3546 3016 3602 pone,
3044 3531 3292 3601 fahrique
3327 3530 3498 3585 filium

1931 3628 2143 3698 1085
2178 3627 2359 3695 ejura.
2395 3642 2413 3675 ι
2473 3626 2541 3676 At
2576 3624 2685 3685 ille,
2746 3624 2934 3677 divino
2990 3623 3106 3676 zelo
3166 3637 3497 3685 succensus,

1928 3721 2175 3772 tunicam
2230 3718 2467 3785 disru’pit
2524 3723 2578 3768 et
2623 3714 2825 3782 abjecit
2881 3732 2892 3767 :
2945 3712 3049 3766 «Si
3104 3713 3267 3780 hujus
3328 3729 3499 3768 causa

1927 3810 2185 3879 pietatem
2225 3823 2309 3861 me
2364 3808 2711 3861 deserturum
2742 3813 2939 3875 putas,
2984 3804 3123 3858 habe
3156 3805 3251 3857 tibi
3296 3805 3496 3858 donum

1926 3915 2051 3953 cum
2100 3900 2445 3967 impietate.»
2484 3896 2594 3950 Hac
2639 3896 2757 3962 ejus
2790 3898 2907 3950 visa
2944 3896 3267 3949 fortitudine
3292 3937 3306 3959 ,
3343 3912 3432 3951 rex
3467 3913 3499 3952 e

1926 3992 2073 4060 regia
2110 3991 2315 4043 nudum
2345 3989 2572 4058 expulit.
2607 3986 2843 4041 Suenem
2883 3998 3164 4057 pra'terea,
3192 3988 3341 4042 mille
3374 4004 3493 4043 ser—

1924 4099 2118 4137 vorum
2172 4082 2493 4141 dominum,
2534 4080 2879 4134 resistentem
2926 4078 3053 4140 sibi,
3102 4078 3499 4149 Factoremque

1929 4192 2088 4230 suum
2176 4189 2377 4243 negare
2437 4173 2791 4234 abnuentem,
2852 4178 3203 4238 percontatus
3273 4173 3496 4241 quinam

1929 4269 2171 4321 omnium
2209 4268 2383 4335 ipsius
2430 4280 2711 4318 servorum
2761 4274 2905 4317 esset
2941 4263 3333 4331 nequissimus,
3366 4264 3497 4317 huic

1926 4369 2247 4414 ca’terorum
2284 4358 2624 4412 dominatum
2674 4354 2937 4413 tradidit.
2978 4364 3032 4409 et
3078 4354 3360 4408 dominum
3415 4356 3496 4410 illi

1928 4451 2144 4506 servire
2174 4449 2363 4518 jussit,
2389 4448 2672 4516 eidemque
2717 4446 2993 4499 dominam
3043 4432 3248 4499 dominii
3303 4447 3499 4514 conju-

247 4536 386 4590 υἱόν.
414 4554 432 4585 ι
454 4536 513 4588 ’0
542 4538 596 4589 δὲ
619 4536 779 4606 ζήλου
814 4537 959 4590 θείου
991 4539 1247 4610 πλησθεὶς
1273 4541 1522 4611 διέρρηξέ
1543 4559 1601 4593 τε
1627 4543 1716 4594 τὸν
1738 4561 1819 4611 χι-

1933 4558 2052 4612 gem
2118 4541 2417 4611 copulavit,
2475 4554 2707 4608 sperans
2758 4539 2859 4590 hoc
2923 4546 3080 4607 pacto
3136 4554 3195 4593 se
3250 4540 3498 4595 veritatis

244 4628 532 4690 τωνίσκον,
566 4630 658 4681 καὶ
690 4630 1052 4700 προσέρριψεν
1085 4631 1330 4683 ὑπειπών
1360 4649 1372 4661 ·
1406 4650 1423 4682 ι
1468 4634 1528 4684 Εί
1556 4633 1643 4685 διὰ
1664 4633 1821 4685 τοῦτό

250 4737 319 4788 με
360 4720 461 4773 οἴει
496 4721 593 4789 τῆς
644 4722 924 4785 εὐσεϐείας
982 4724 1362 4793 ὲκστήσεσθαι,
1416 4725 1503 4794 ἔχε
1556 4726 1616 4778 τὸ
1647 4726 1820 4794 δῶρον

249 4810 391 4879 μετά
440 4812 540 4878 τῆς
571 4813 903 4877 δυσσεϐείας.
945 4835 965 4867 υ
995 4817 1209 4886 Ταύτην
1249 4816 1411 4869 αὑτοῦ
1439 4817 1538 4886 τὴν
1569 4818 1819 4887 ἀνδρείαν

244 4902 273 4953 ὁ
320 4900 571 4968 βασιλεὺς
600 4903 950 4973 θεασάμενος,
987 4907 1189 4976 γυμνὸν
1228 4906 1371 4960 οὕτω
1402 4905 1499 4974 τῆς
1545 4907 1819 4978 βασιλείας

246 4993 501 5063 ἐξήλασε.
556 4998 664 5049 Καὶ
698 4999 936 5068 Σουήνην
965 4999 1021 5051 δὲ
1054 4998 1237 5068 χιλίων
1265 5001 1491 5054 οἰκετῶν
1531 5000 1816 5069 δεσπότην,

247 5084 574 5137 ἀντειπόντα
629 5086 797 5155 αὐτῷ,
835 5089 928 5140 καὶ
962 5088 1259 5159 ἀρνηθῆναι
1304 5092 1394 5143 τὸν
1436 5090 1669 5160 Ποιητὴν
1721 5092 1821 5144 οὐκ

246 5175 638 5245 ἀνασχόμενον,
671 5179 926 5248 ἐρόμενος
968 5180 1112 5243 ὅστις
1149 5181 1235 5249 εἴη
1264 5180 1372 5233 τῶν
1402 5181 1625 5235 οἰκετῶν
1661 5184 1689 5235 ό
1724 5183 1822 5236 κά·-

246 5284 454 5332 κιστος,
477 5269 670 5339 ἐκείνῳ
690 5268 794 5321 τῶν
829 5270 1000 5322 ἀλλων
1028 5270 1124 5340 τὴν
1156 5271 1471 5325 δεσποτείαν
1506 5273 1815 5344 παρέδωκε,

1933 4643 2408 4703 propugnatorem
2440 4631 2506 4685 de
2530 4628 2797 4684 sententia
2833 4629 3197 4696 dejecturum.
3245 4628 3348 4683 Sed
3398 4645 3498 4698 spe

1928 4743 2026 4781 sua
2065 4725 2364 4780 frustratus
2417 4731 2551 4778 est:
2601 4723 2823 4775 domum
2883 4721 3084 4789 quippe
3139 4720 3379 4775 habebat
3437 4724 3492 4777 in

1924 4827 2077 4885 petra
2111 4814 2457 4870 aedificatam.
2505 4811 2885 4881 Benjaminum
2923 4824 3141 4878 quoque
3195 4809 3492 4863 diaconum

1924 4908 1976 4961 in
2014 4907 2231 4960 vincula
2286 4906 2635 4974 conjecerat:
2670 4903 3001 4970 biennioque
3048 4902 3254 4969 elapso,
3294 4898 3493 4953 Roma-

1926 5013 2122 5053 norum
2166 4997 2380 5065 legatus
2408 5038 2422 5059 ,
2458 4996 2549 5064 qui
2589 4995 2711 5049 aliis
2749 4994 2815 5048 de
2853 4992 3039 5047 causis
3075 5000 3322 5056 venerat,
3366 5008 3492 5046 cum

1922 5089 1989 5144 de
2018 5089 2253 5142 diacono
2292 5088 2663 5156 cognovisset,
2716 5085 3098 5139 liberationem
3141 5084 3261 5153 ejus
3302 5099 3330 5135 a
3367 5098 3493 5150 rege

1925 5181 2102 5251 petiit.
2134 5177 2249 5233 Rex
2290 5194 2318 5231 a
2361 5177 2683 5246 Benjamino
2728 5176 2979 5246 promitti
3025 5174 3226 5243 jussit,
3263 5174 3395 5227 nulli
3431 5188 3492 5228 se

1928 5287 2209 5343 magorum
2239 5270 2545 5324 doctrinam
2578 5270 2946 5323 Christianam
2978 5268 3379 5337 expositurum.
3424 5264 3487 5319 Et

1514 5446 1747 5502 V'ARIA‘J
1772 5446 2179 5504 LECTIONES.

338 5555 385 5628 ξ’*
420 5553 522 5628 τὰς*
543 5553 775 5628 addebat
808 5565 862 5611 et
900 5556 1022 5611 Pini
1054 5558 1210 5622 iiber,
1237 5560 1330 5613 sed
1360 5560 1513 5615 abest
1548 5576 1576 5613 a
1604 5560 1765 5613 Basil.
1800 5560 1892 5614 Gr.
1923 5566 1973 5612 et
2016 5560 2205 5628 Steph.

479 5624 525 5654 "
560 5622 649 5698 _Sic
681 5627 815 5680 bene
839 5630 1125 5698 rescripsit
1148 5630 1490 5697 Christoph.,
1525 5630 1770 5698 Scaliger
1796 5641 1849 5685 et
1884 5622 2153 5691 Valesius,
2218 5637 2340 5696 post

243 5621 384 5677 Pmi.

2293 5561 2332 5591 ⁹¹
2366 5559 2707 5627 ἐργάσωνται
2734 5571 2748 5586 ’
2784 5556 3016 5619 λάκκους
3050 5554 3200 5625 ὁρύξ.
3227 5556 3370 5611 Idem
3396 5553 3484 5611 Jo.

2429 5630 2576 5681 avilii
2610 5627 2873 5681 codicem.
2905 5627 3374 5695 Καταφρήσαντες
3403 5642 3485 5679 τοι

244 5693 926 5769 scribebat‘Camerarius.
979 5693 1146 5769 Basil.
1190 5698 1284 5752 Gr.
1318 5693 1618 5769 et'VSteph.
1662 5693 2129 5769 καταχρήσαντες.
2186 5693 2424 5769 ίΝὶοθρΙι.
2469 5696 2899 5769 ἀποφράξαντες.
2934 5693 3127 5765 Epiph.
3160 5693 3465 5749 obturantes

256 5762 305 5794 ”
341 5764 513 5829 αὐτῆς
538 5763 699 5828 (forte
725 5766 952 5829 αὐτοῖς).
985 5767 1148 5823 Basil.
1180 5770 1271 5823 Cr:
1310 5778 1362 5825 et
1388 5762 1581 5838 Steph.
1615 5769 1661 5799 "
1692 5762 2005 5823 ro~z."itasil.
2034 5768 2153 5832 Gr.,
2185 5762 2414 5837 Niceph.
2453 5769 2488 5822 l.
2527 5762 2655 5820 (ne.
2687 5766 2779 5818 20.
