4206 6456
729 386 868 453 12ῖὸ

732 598 931 665 recepit
969 617 982 653 :
1025 610 1078 653 at
1115 599 1396 665 Beniamin
1452 603 1614 673 legali
1647 606 2007 661 suasionibus
2042 606 2287 660 auditis:

735 706 754 735 ι
783 686 943 753 Fieri,
983 690 1177 759 inquit.
1210 707 1317 745 non
1349 703 1548 763 potest,
1592 704 1652 750 ut
1695 697 1877 751 lumen
1931 699 2073 767 quod
2108 697 2293 766 accrpi

732 794 840 832 non
875 782 1204 849 impertiam.
1235 782 1454 848 Quanto
1480 787 1625 838 enim
1660 789 1931 856 supplicio
1972 789 2194 858 dignum
2226 790 2297 842 sit

730 872 995 923 talentum
1030 872 1400 932 abscondere.
1441 889 1726 929 sacrorum
1763 877 2180 946 Evangeliorum
2217 879 2299 931 hi-

731 962 900 1014 Storia
929 961 1107 1016 docet.
1136 984 1153 1015 ι
1189 965 1291 1016 Sed
1347 965 1542 1018 horum
1600 968 1843 1019 omnium
1888 975 2019 1021 tunc
2076 968 2298 1037 ignarus

733 1068 847 1114 rex,
907 1056 1137 1111 vinculis
1206 1058 1342 1109 solvi
1380 1058 1670 1111 diaconum
1725 1060 1979 1126 imperat.
2030 1058 2126 1113 Ille
2169 1075 2300 1113 vero

730 1144 877 1210 quod
942 1155 1098 1198 antea
1161 1146 1378 1199 solebat
1430 1148 1608 1200 facere
1660 1150 1922 1217 perstitit,
1962 1149 2016 1202 in
2061 1151 2302 1202 tenebris

733 1234 1058 1303 ignorantia:
1084 1235 1333 1292 detentus
1385 1238 1646 1306 eripiens,
1698 1248 1753 1292 et
1804 1239 1869 1292 ad
1927 1239 2302 1306 intelligentiae

733 1327 906 1379 lucem
965 1328 1265 1384 adducens.
1317 1331 1474 1383 Anno
1528 1339 1849 1395 transacto,
1900 1346 2021 1384 cum
2065 1331 2301 1383 indicata

732 1418 845 1484 rcgi
912 1416 1149 1471 fuissent
1210 1434 1330 1485 qius
1380 1421 1597 1489 agebat.
1652 1423 1773 1476 sisti
1815 1423 1977 1489 jusso
2029 1422 2305 1489 abnegare

733 1509 978 1576 praecipit
1017 1510 1229 1579 1086
1257 1526 1416 1578 quem
1480 1513 1763 1566 adorabat.
1820 1514 1885 1565 Et
1949 1513 2062 1577 ille,
2122 1527 2306 1581 regem

734 1612 1149 1667 percunctatus.
1204 1619 1448 1670 quonam
1486 1605 1712 1671 dignum
1778 1604 1943 1657 ducat
1994 1619 2156 1664 eum,
2214 1604 2305 1671 qui

734 1692 954 1745 deserto
984 1690 1157 1758 ipsius
1206 1707 1375 1759 regno
1420 1693 1651 1755 alterum
1700 1700 2020 1760 anteponat,
2074 1708 2197 1746 cum
2261 1693 2305 1745 is

737 1790 914 1834 monte
940 1782 1312 1849 respondisset
1343 1793 1705 1852 extremoque
1748 1784 2043 1853 supplicio.
2074 1790 2185 1834 tmn
2226 1782 2308 1834 vir

1741 401 2226 463 THEODOBETI
2257 375 2597 463 EPISCOPI
2635 403 3004 467 CYRENSIS

730 501 939 573 legatus
998 506 1219 573 quidem
1270 508 1445 573 jussis
1491 509 1882 567 obsccutnrum
1934 514 2345 585 Benjaminutn

2417 516 2510 567 καὶ
2544 517 2635 567 τὸν
2666 515 2930 585 δεσπότην
2956 513 3150 583 ἐκείνῳ
3175 510 3445 564 δουλεύειν
3473 510 3772 581 προσέταξε
3803 526 3817 539 ·

3845 397 3987 459 1'276

3860 527 3989 561 συν-

2401 607 2586 671 έζευξε
2615 607 2672 660 δὲ
2706 606 2858 676 αὐτῷ
2880 605 2972 660 καὶ
3002 606 3099 677 τὴν
3127 605 3417 657 δέσποιναν
3458 604 3560 672 τὴν
3594 601 3688 655 τοῦ
3720 602 3987 655 δεσπότου

2397 696 2664 764 ὁμόζυγα,
2697 695 2869 766 ταύτῃ
2905 694 3254 765 μεταπείσειν
3309 693 3659 761 ὑποτοπήσας
3712 692 3813 760 τῆς
3848 691 3988 761 ἀλη-

2398 783 2545 849 θείας
2579 787 2670 839 τὸν
2697 787 3003 857 πρόμαχον·
3041 786 3154 839 ἀλλ’
3186 783 3422 853 ἐψεύσθη
3455 785 3553 853 τῆς
3587 783 3816 846 ἐλπίδος.
3861 782 3990 838 Ἐπὶ

2398 878 2509 947 γὰρ
2542 878 2639 946 τῆς
2669 879 2871 947 πέτρας
2924 876 3350 947 ᾠκοδομημένην
3385 870 3497 944 εἶχε
3522 873 3620 944 τὴν
3652 876 3851 927 οἰκίαν.
3886 875 3990 925 Βε-

2400 969 2599 1037 νιαμὴν
2625 970 2681 1022 δέ
2710 986 2828 1021 τινα
2874 968 3117 1020 διάκονον
3154 966 3429 1019 συλλαϐὼν
3462 966 3714 1036 καθεῖρξε
3741 982 3753 993 ·
3798 966 3891 1017 δύο
3928 966 3988 1018 δὲ

2399 1057 2790 1127 διεληλυθότων
2826 1059 2984 1120 ἐτῶν,
3020 1057 3359 1129 πρεσϐευτὴς
3402 1058 3691 1124 Ῥωμαίων
3731 1057 3991 1125 ἀερίκετο,

2402 1152 2531 1221 περὶ
2568 1151 2771 1221 ἐτέρων
2797 1150 3116 1220 πρεσϐεύων
3144 1152 3483 1219 πραγμάτοιν
3504 1167 3517 1179 ·
3546 1145 3666 1201 εἶτα
3694 1149 3851 1202 τοῦτο
3878 1168 3995 1219 μοι-

2403 1241 2529 1305 θὼν,
2554 1242 2722 1312 ¹ᾔτησε
2751 1242 2841 1294 τὸν
2868 1242 3089 1311 βασιλέα
3120 1242 3213 1294 τοῦ
3248 1242 3495 1295 διακόνου
3525 1242 3623 1311 τὴν
3664 1241 3878 1309 ἄφεσιν.
3930 1243 3993 1292 ’0

2400 1334 2456 1386 δὲ
2495 1334 2746 1402 βασιλεὺς
2774 1335 3106 1404 ὑποσχέσθαι
3133 1334 3433 1404 προσέταξε
3464 1335 3553 1386 τὸν
3592 1336 3881 1404 Βενιαμὴν,
3910 1336 3993 1397 ὡς

2404 1426 2579 1478 οὐδενὶ
2622 1426 2730 1477 τῶν
2782 1428 2969 1495 μάγων
3023 1428 3121 1495 τὴν
3181 1428 3572 1497 Χριστιανικὴν
3636 1428 3992 1480 διδασκαλίαν

2406 1517 2705 1586 προσοίσει.
2732 1519 2841 1569 Καὶ
2875 1520 2902 1570 6
2936 1518 3034 1587 μὲν
3065 1517 3407 1587 πρεσϐευτὴς
3428 1519 3686 1586 φυλάξειν
3716 1519 3784 1570 τι
3820 1534 3996 1588 προσ-

2405 1608 2669 1677 ταχθέντα
2699 1608 2789 1659 τὸν
2823 1608 3094 1677 Βενιαμὴν
3124 1609 3509 1677 ἐπηγγείλατο·
3540 1610 3568 1660 6
3595 1608 3650 1660 δὲ
3688 1609 3993 1676 Βενιαμὴν,

2406 1697 2644 1759 ἀκούσας
2664 1697 2771 1749 τῶν
2803 1698 2895 1750 τοῦ
2925 1698 3259 1767 πρεσϐευτοῦ
3291 1701 3667 1769 παραινέσεων
3703 1716 3717 1730 ⁶
3766 1718 3783 1750 ι
3839 1700 3995 1752 Ἀδύ-

2407 1806 2585 1851 νατον,
2615 1788 2739 1859 ἔφη,
2777 1790 2852 1860 μὴ
2886 1790 3207 1859 μεταδοῦναί
3241 1808 3307 1860 με
3337 1792 3429 1843 τοῦ
3456 1793 3632 1859 φωτὸς
3666 1787 3726 1845 οὗ
3759 1792 3995 1861 μετέλαο

736 1873 1219 1941 sapientissimus:
1256 1894 1272 1924 ι
1304 1877 1419 1939 Qua
1482 1891 1613 1945 ergo
1673 1890 1856 1944 pinna,
1928 1875 2129 1943 inquit,
2197 1881 2345 1934 non]

2410 1898 2521 1951 χον.
2561 1881 2800 1950 ὐπόσης
2859 1882 2968 1951 γὰρ
3015 1882 3165 1947 ἀξιον
3209 1883 3478 1952 τιμωρίας
3524 1883 3876 1953 κατακρύψαι
3930 1883 3995 1936 τὸ

736 1966 933 2016 merito
984 1967 1251 2033 plectatur
1286 1967 1354 2030 is,
1393 1968 1484 2036 qui
1542 1966 1825 2021 Factoreni
1872 1974 1924 2020 et
1988 1967 2303 2020 Creatorem

733 2056 1019 2117 deserens,
1050 2066 1213 2125 atque
1239 2074 1403 2111 unum
1431 2075 1494 2111 ex
1528 2059 1808 2113 conservis
1838 2057 2005 2112 Deum
2033 2066 2306 2120 statuens,

733 2151 942 2205 cultum
974 2153 1064 2220 qui
1105 2152 1177 2203 illi
1210 2151 1440 2204 debetur
1467 2151 1595 2204 huic
1635 2150 1934 2205 exhibeat?
1962 2171 1978 2200 ι
2018 2148 2136 2202 Tali
2181 2164 2309 2202 ora-

733 2244 881 2297 tione
914 2259 1007 2298 rex
1047 2243 1329 2306 oﬂ'ensns,
1388 2244 1579 2312 viginti
1633 2243 1937 2297 arundines
2002 2250 2306 2312 pra‘acutas

734 2349 995 2387 manuum
1052 2334 1173 2402 ejus
1230 2334 1541 2403 pedumque
1586 2335 1860 2404 unguibus
1921 2334 2070 2403 inﬁgi
2113 2334 2304 2403 jussit.

736 2423 799 2477 Et
833 2425 961 2493 quia
1014 2442 1114 2494 pro
1162 2427 1287 2479 ludo
1338 2427 1641 2480 cruciatum
1699 2427 1845 2481 hunc
1898 2426 2100 2480 habere
2152 2427 2305 2480 illum

734 2518 972 2579 videbat,
1014 2519 1174 2571 aliam
1209 2536 1403 2574 rursus
1437 2530 1653 2574 acutam
1695 2521 2017 2574 arundinem
2054 2520 2307 2575 verendis

737 2608 934 2671 inﬁxit,
963 2625 1083 2677 qua:
1106 2611 1403 2665 identidem
1436 2620 1672 2665 retracta
1704 2613 1787 2666 vel
1828 2612 2065 2681 impulsa
2090 2613 2309 2667 dolores

736 2700 1043 2756 ineffabiles
1078 2703 1397 2757 incutiebat.
1433 2704 1564 2758 Post
1593 2706 1694 2757 hoc
1727 2705 2076 2774 supplicium,
2111 2705 2309 2775 impius

735 2799 789 2844 et
819 2792 1074 2847 immanis
1097 2808 1347 2848 crassmn
1395 2796 1633 2863 stipitem
1668 2811 1789 2849 cum
1846 2796 2182 2849 limrentibus
2221 2809 2309 2847 ra-

737 2884 841 2937 mis
872 2899 967 2952 per
996 2885 1156 2938 imam
1191 2885 1373 2938 sedem
1414 2886 1559 2954 adigi
1598 2887 1766 2955 jussit
1797 2906 1809 2941 :
1848 2899 2012 2955 atque
2042 2888 2115 2939 ita
2151 2902 2310 2956 gene-

738 2988 899 3031 rosus
927 2975 1131 3028 athleta
1165 2979 1422 3045 spiritum
1459 2978 1755 3031 exhalavit.
1792 2978 2009 3031 Inﬁnita
2047 2978 2097 3031 id
2135 2994 2308 3047 genus

735 3068 843 3121 alia
873 3069 941 3121 ab
965 3067 1149 3136 impiis
1184 3069 1293 3121 illis
1329 3079 1547 3138 patrata
1599 3078 1746 3123 sunt.
1787 3069 1895 3123 Nec
1930 3085 2057 3124 vero
2100 3071 2305 3123 miran-

734 3159 865 3213 dum
887 3172 990 3223 est,
1019 3159 1144 3213 ferri
1180 3163 1248 3215 ab
1274 3163 1518 3215 omnium
1544 3161 1886 3216 Moderatore
1921 3172 2131 3216 tantam
2173 3164 2309 3215 ism-

734 3266 857 3305 rum
910 3250 1178 3305 feritatem
1234 3260 1399 3319 atque
1471 3254 1825 3322 impietatem.
1876 3253 2009 3307 Nam
2070 3264 2125 3307 ct
2186 3263 2311 3308 ante

734 3344 1025 3412 imperium
1071 3343 1422 3399 Constantini
1475 3345 1651 3415 Magni
1681 3387 1695 3411 ,
1758 3356 2027 3417 quotquot
2077 3346 2310 3400 Romani

737 3438 1093 3506 imperatores
1128 3436 1368 3502 fuerunt,
1401 3446 1589 3493 contra
1609 3439 1848 3494 veritatis
1877 3440 2315 3492 amatoresinsa-

736 3528 976 3593 niernnt,
1007 3539 1061 3584 et
1095 3530 1458 3587 Diocletianus
1488 3532 1607 3601 ipso
1641 3532 1899 3587 salutaris
1927 3533 2199 3601 passionis
2228 3532 2315 3585 die

735 3622 906 3677 totius
971 3621 1197 3677 Romani
1236 3625 1448 3695 imperii
1497 3624 1761 3679 ecclesias
1795 3639 1986 3678 omnes
2016 3624 2310 3678 destruxit.

2407 1973 2684 2035 τάλαντον,
2741 1971 2916 2042 ἡτῶν
2967 1972 3127 2044 ἱερῶν
3183 1973 3528 2041 Εὐαγγέλίων
3569 1974 3779 2039 ἱστορία
3828 1972 3983 2025 διδά-

2410 2074 2547 2110 σκει.
2582 2077 2598 2108 ι
2646 2058 2804 2110 Ἀλλὰ
2847 2058 3050 2110 τούτων
3098 2058 3197 2127 μὲν
3243 2059 3394 2111 οὐδὲν
3423 2058 3724 2127 τηνικαῦτα
3771 2059 3938 2125 γνοὺς
3964 2060 3995 2111 ὁ

2410 2151 2684 2219 βασιλεὺς,
2735 2150 3015 2203 ἐκέλευσεν
3060 2151 3225 2204 αὐτὸν
3275 2152 3383 2203 τῶν
3437 2151 3653 2219 δεσμῶν
3698 2151 3990 2218 ἀφεθῆναι.

2421 2243 2655 2304 Ἐκεῖνος
2681 2241 2737 2294 δὲ
2765 2241 2832 2294 τὰ
2857 2242 3062 2311 συνήθη
3091 2241 3337 2307 διετέλει,
3364 2241 3460 2294 καὶ
3497 2240 3729 2313 ζωγρῶν
3757 2243 3883 2304 τους
3911 2240 3993 2309 τῷ

2408 2334 2556 2405 ζόφῳ
2580 2335 2678 2403 τῆς
2704 2334 2923 2401 ἀγνοίας
2949 2333 3362 2403 κατεχομένους,
3387 2333 3483 2385 καὶ
3512 2333 3590 2402 τῷ
3620 2332 3791 2402 νοερῷ
3818 2349 3995 2401 προσ-

2409 2427 2557 2494 άγων
2605 2427 2763 2496 φωτί.
2808 2426 3085 2479 Ἐνιαυτοῦ
3130 2425 3187 2479 δὲ
3239 2426 3562 2488 διελθόντος,
3606 2423 3853 2494 ἐμηνύθη
3914 2423 3995 2493 τῷ

2411 2518 2621 2589 βασιλεῖ
2645 2518 2710 2570 τὰ
2760 2517 2888 2588 παρ’
2920 2519 3131 2570 ἐκείνου
3156 2518 3470 2587 γιγνόμενα·
3504 2518 3600 2569 καὶ
3639 2514 3863 2583 ἀγαγὼν
3889 2517 3994 2567 αὑ-

2408 2613 2518 2672 τὸν,
2552 2610 2851 2680 ἀρνηθῆναι
2885 2608 3181 2679 προσέταξε
3222 2609 3313 2661 τὸν
3340 2610 3430 2660 ὑπ’
3461 2606 3625 2661 αὐτοῦ
3650 2605 3994 2676 προσκυνού-

2414 2718 2591 2771 μενον.
2641 2700 2700 2753 '0
2749 2699 2804 2751 δὲ
2834 2700 2997 2769 ἤρετο
3037 2699 3126 2750 τὸν
3175 2698 3419 2766 βασιλέα,
3451 2697 3595 2759 τίνος
3624 2698 3850 2766 τιμᾶται
3903 2697 3999 2746 τόν

2408 2796 2509 2864 τὴν
2554 2793 2748 2846 ἑαυτοῦ
2799 2793 2897 2862 μὲν
2954 2792 3321 2845 καταλιπόντα
3375 2791 3673 2859 βασιλείαν,
3707 2790 3904 2855 ἑτέραν
3939 2789 3997 2840 δὲ

2411 2884 2869 2954 προαιρούμενον·
2904 2882 3112 2934 ἐκείνου
3140 2880 3193 2933 δὲ
3219 2881 3481 2942 εἰπόντος,
3516 2879 3746 2932 θανάτου
3780 2879 3884 2930 καὶ
3916 2896 3997 2929 τι-

2415 2974 2625 3045 μωρίας
2676 2974 2932 3042 ὲσχάτης,
2966 2967 3117 3025 εἶπεν
3140 2975 3167 3025 6
3192 2971 3499 3039 σοςώτατος
3530 2972 3699 3040 ἁνήρ·
3740 2990 3759 3021 ι
3796 2972 3861 3022 Τί
3901 2966 3997 3022 οὖν

2410 3066 2511 3118 οὑκ
2557 3067 2623 3119 ἂν
2659 3065 2818 3119 πάθοι
2847 3064 3071 3126 δικαίως
3124 3063 3429 3134 ἅνθρωπος,
3478 3063 3569 3115 τὸν
3611 3065 3708 3132 μὲν
3754 3063 3997 3131 Ποιητὴν

2412 3159 2506 3210 καὶ
2554 3155 2895 3227 Δημιουργὸν
2952 3154 3396 3224 καταλιμπάνων,
3444 3154 3539 3206 ’ἐνα
3572 3153 3650 3205 δὲ
3702 3154 3810 3205 τῶν
3862 3156 3996 3219 ὀμο-

2416 3252 2619 3305 δούλων
2658 3249 2941 3312 θεοποιῶν,
2987 3250 3080 3300 καὶ
3124 3248 3183 3300 τὸ
3212 3247 3557 3317 ὀφειλόμενον
3603 3246 3794 3316 ἐκείνῳ
3827 3245 3996 3307 σέϐας

2416 3344 2591 3414 τούτῳ
2639 3342 3005 3410 προσφέρων;
3048 3358 3064 3389 ι
3112 3339 3435 3407 Χαλεπήνας
3464 3339 3527 3409 δὴ
3567 3334 3659 3391 οὖν
3703 3339 3836 3407 πρὸς
3866 3339 3998 3401 τοὺς

2418 3435 2693 3492 τοιούτους
2717 3431 2905 3497 λόγους
2931 3431 2957 3481 6
2978 3428 3248 3498 βασιλεὺς,
3277 3429 3448 3479 εἰκοσι
3476 3426 3751 3494 καλάμους
3776 3424 3997 3488 ὀξύνας,

2420 3529 2531 3587 τοῖς
2573 3524 2681 3575 τῶν
2732 3520 2931 3590 χειρῶν
2987 3522 3082 3572 καὶ
3136 3519 3244 3570 τῶν
3278 3518 3452 3570 ποδῶν
3506 3516 3659 3589 [248]
3711 3516 3996 3582 ἐνέπειρεν

2422 3617 2620 3681 ὄνυξιν.
2668 3613 2884 3682 Ἐπειδὴ
2909 3612 2965 3665 δὲ
3001 3612 3146 3682 ἑώρα
3178 3611 3427 3679 παίγνιον
3446 3609 3543 3679 τὴν
3572 3607 3841 3678 τιμωρίαν
3862 3607 3999 3658 ὑπο-

735 3713 1112 3781 λαμϐάνοντα,
1150 3716 1337 3786 1ἕτερον
1404 3712 1471 3769 αὖ
1522 3716 1680 3769 πάλιν
1722 3715 1967 3785 κάλαμον
2014 3713 2231 3778 όξὺνας,
2302 3711 2524 3765 ἐνέϐαλε
2566 3709 2646 3777 τῷ
2700 3705 3001 3774 παιδογόνῳ
3056 3703 3265 3774 μορίῳ,
3338 3703 3432 3755 καὶ
3479 3701 3665 3752 τοῦτον
3744 3697 3997 3767 συνεχῶς

736 3806 966 3876 ἐξαίρων
996 3808 1090 3859 καὶ
1116 3809 1358 3879 ὲνείρων,
1390 3810 1661 3880 ἀρρήτους
1689 3811 1838 3873 τινὰς
1866 3810 2162 3879 ἀλγηδόνας
2194 3809 2497 3879 εἰργάζετο.
2552 3803 2706 3858 Μετὰ
2732 3804 2891 3873 τήνδε
2956 3801 3056 3872 τὴν
3099 3797 3389 3870 τιμωρίαν,
3454 3799 3482 3849 6
3547 3795 3812 3863 δυσσεϐὴς
3901 3799 4001 3847 καὶ

737 3895 1009 3966 θηριώδης
1045 3898 1239 3967 ράδδον
1282 3902 1529 3967 παχεῖαν,
1555 3900 1712 3963 ὄζους
1744 3901 2009 3953 πάντοθεν
2063 3900 2308 3969 ἔχουσαν,
2381 3898 2514 3951 εἴσω
2566 3896 2742 3949 θεῖναι
2768 3894 2816 3924 ⁸⁸
2872 3893 2962 3946 δια
3009 3893 3107 3961 τῆς
3151 3891 3314 3960 ἔδρας
3365 3888 3682 3941 ἐκέλευσενη
3739 3886 3884 3938 οὕτω
3935 3885 4001 3938 τὸ

737 3990 954 4059 πνεῦμα
980 3992 1295 4062 παρέδωκεν
1324 3995 1351 4045 6
1381 3996 1627 4060 γενναῖος
1652 3995 1978 4067 ἀγωνιστής.
2029 3997 2139 4048 Καὶ
2180 3995 2314 4049 ἄλλα
2351 3993 2406 4046 δὲ
2445 3992 2612 4063 μυρία
2642 3988 2870 4043 τοιαῦτα
2904 3989 3031 4057 παρ’
3062 3986 3285 4038 ἐκείνων
3354 3982 3626 4052 ἐτολμήθη
3683 3982 3789 4033 τῶν
3863 3981 4000 4033 δυσ-

740 4080 932 4134 σεϐῶν.
968 4083 1042 4133 Οὐ
1075 4084 1181 4153 χρὴ
1215 4082 1273 4135 δὲ
1297 4083 1597 4154 θαυμάζειν
1628 4087 1709 4138 ὅτι
1737 4086 1837 4156 τῆς
1869 4088 2091 4139 ἐκείνων
2118 4086 2409 4156 θηριωδίας
2443 4086 2537 4136 καὶ
2576 4081 2894 4142 δυσσεϐείας
2923 4081 3174 4149 ἀνέχεται
3239 4080 3267 4130 6
3326 4076 3432 4128 τῶν
3496 4075 3633 4126 ὅλων
3697 4072 3999 4141 Πρύτανις.

739 4171 849 4222 Καὶ
882 4172 989 4243 γὰρ
1028 4175 1135 4244 πρὸ
1216 4178 1316 4244 τῆς
1368 4178 1779 4231 Κωνσταντίνου
1852 4180 1943 4231 τοῦ
2031 4179 2268 4249 μεγάλου
2338 4176 2657 4247 βασιλείας,
2709 4176 2823 4227 ὅσοι
2886 4172 3144 4243 Ῥωμαῖοι
3204 4169 3452 4237 ἐγένοντο
3506 4164 3783 4235 βασιλεῖς,
3850 4164 4001 4217 κατὰ

738 4263 847 4314 τῶν
906 4262 1186 4317 θιασωτῶν
1244 4270 1344 4337 τῆς
1381 4266 1642 4337 ἀληθείας
1701 4269 2019 4339 ὲλύττησαν.
2080 4268 2461 4338 Διοκλητιανδς
2505 4267 2561 4320 δὲ
2603 4268 2662 4318 ὲν
2712 4268 2778 4336 τῇ
2840 4264 2933 4317 τοῦ
2984 4262 3256 4331 σωτηρίου

3362 4260 3566 4322 πάθους
3636 4261 3669 4330 ἡ
3680 4259 3744 4328 μέ
3752 4274 3821 4328 ρᾳ
3895 4258 4002 4321 τὰς

738 4359 798 4409 ὲν
828 4360 1011 4430 ἁπάσῃ
1039 4363 1103 4429 τῇ
1152 4361 1436 4432 Ῥωμαίων
1466 4364 1731 4435 ἡγεμονία
1784 4364 2078 4418 κατέλυσεν
2108 4363 2421 4433 ἐκκλησίας,

813 4450 896 4521 [Β.
941 4450 1019 4504 St.
1047 4448 1161 4523 40,]
1197 4451 1300 4507 Sed
1332 4455 1493 4509 annis
1541 4471 1734 4509 novem
1771 4458 2001 4519 exactis,
2033 4457 2143 4510 illa:
2186 4471 2309 4509 rur-
2342 4457 2390 4514 ι)

742 4557 840 4595 sus
870 4540 1197 4606 ﬂoruerunt,
1256 4545 1539 4615 multoque
1601 4546 1865 4613 majorem
1904 4558 1955 4600 et
1995 4546 2311 4616 amplitudi-

742 4651 867 4691 nem
894 4645 947 4689 et
979 4644 1232 4691 ornatum
1261 4636 1471 4707 adepta:
1506 4648 1657 4702 sunt,
1683 4647 1735 4691 et
1777 4648 2043 4709 tyrannus
2067 4638 2155 4692 ille
2185 4652 2312 4691 cum

743 4728 1026 4798 impietate
1085 4743 1195 4782 sua.
1228 4730 1411 4799 periit.
1472 4729 1616 4784 Bella
1665 4744 1831 4799 porro
1881 4728 2216 4798 huiusmodi,
2261 4734 2322 4782 et

742 4818 1002 4872 Ecclesiae
1049 4819 1219 4872 robur
1275 4819 1535 4873 invictum
1599 4820 1846 4885 pradixit
1899 4816 2181 4873 Dominus.
2237 4820 2316 4872 Ac

742 4923 828 4961 ree
862 4908 994 4977 ipsa:
1046 4923 1148 4962 nos
1195 4908 1415 4971 docent,
1461 4908 1672 4979 1037
1714 4909 1837 4979 plus
1878 4907 2153 4960 commodi
2199 4908 2317 4961 bel-

743 5000 847 5051 lum
909 5000 1065 5053 nobis
1105 4998 1329 5063 aﬂerre,
1387 5017 1550 5070 quam
1602 5016 1811 5070 pacem.
1866 4999 1991 5054 Hzec
2040 5000 2313 5069 siquidem

744 5088 936 5142 molles
967 5104 1068 5144 nos
1109 5097 1163 5143 et
1199 5090 1461 5154 immites,
1492 5101 1547 5145 et
1583 5092 1804 5145 timidos
1853 5091 2071 5145 reddit:
2113 5090 2311 5144 bellum

744 5194 874 5233 vero
920 5181 1133 5235 animos
1187 5182 1355 5245 acuit,
1409 5194 1462 5236 et
1517 5184 1808 5252 praesentia
1865 5190 2124 5250 tanquam
2169 5180 2314 5235 ﬂuxa

744 5284 1006 5338 spernere
1044 5271 1221 5326 docet.
1261 5272 1460 5327 Verum
1517 5274 1632 5326 hac
1673 5288 1773 5328 nos
1811 5274 1866 5326 in
1902 5273 2030 5326 aliis
2058 5286 2201 5341 sape
2246 5272 2306 5326 li-

746 5360 858 5415 bris
884 5361 1268 5419 disseruimus.

2500 4452 2643 4506 Ἀλλ’
2672 4449 2827 4503 ἐννέα
2875 4448 3264 4518 διεληλυθότων
3292 4447 3449 4510 ἐτῶν,
3484 4445 3645 4499 αὐταὶ
3698 4446 3795 4515 μὲν
3828 4443 3999 4515 ἤνθη-

2417 4560 2534 4607 σαν,
2563 4543 2655 4594 καὶ
2683 4540 3082 4593 πολλαπλάσιον
3117 4538 3364 4602 ἐδέξαντο
3400 4536 3629 4607 μέγεθός
3652 4552 3711 4587 τε
3744 4534 3840 4587 καὶ
3873 4534 4002 4587 κάλ-

2424 4638 2525 4697 ὶος·
2568 4635 2775 4694 ἐκεῖνος
2808 4632 2864 4684 δὲ
2891 4632 3027 4701 μετὰ
3050 4631 3149 4700 τῆς
3177 4628 3495 4691 δυσσεϐείας
3524 4625 3857 4695 ἀπεσϐέσθη.
3886 4628 4000 4679 Καὶ

2417 4727 2543 4787 τοὺς
2581 4724 2852 4793 πολέμους
2884 4724 2940 4776 δὲ
2972 4723 3197 4785 τούτους
3242 4721 3573 4793 προείρηκεν
3614 4721 3643 4772 6
3694 4720 3999 4788 Δεσπότης,

2419 4816 2514 4868 καὶ
2534 4814 2594 4867 τδ
2623 4816 2721 4884 τῆς
2761 4814 3087 4883 Ἐκκλησίας
3120 4814 3409 4884 ἀήττητον.
3440 4811 3547 4863 Καὶ
3586 4810 3723 4862 αὐτα
3752 4810 3808 4862 δὲ
3847 4811 4003 4879 ἡμᾶς

2419 4907 2659 4961 διδάσκει
2693 4906 2760 4958 τά
2786 4907 3106 4977 πράγματα,
3140 4906 3215 4967 ὡς
3247 4904 3468 4957 πλείονα
3496 4904 3627 4972 ἡμῖν
3645 4903 3743 4971 τῆς
3773 4903 4003 4972 εἰρήνης

2419 5002 2448 5052 6
2508 4999 2743 5067 πόλεμος
2807 4997 3018 5069 πορίζει
3085 4999 3185 5067 τὴν
3251 4996 3537 5066 ὠφέλειαν.
3600 4995 3661 5047 Ἦ
3721 4994 3821 5062 μὲν
3889 4994 4007 5063 γάρ

2422 5091 2624 5157 ἁδροὺς
2649 5091 2693 5120 ⁸⁷
2726 5091 2896 5159 ἡμᾶς,
2919 5090 3013 5141 κα¹ι
3041 5090 3348 5160 ἀνημέρους
3375 5089 3442 5151 ⁸⁸,
3472 5087 3564 5140 καὶ
3594 5086 3799 5148 δειλοὺς
3826 5086 4006 5155 ἀπερ-

2421 5179 2671 5247 γάζεται·
2695 5182 2722 5232 6
2752 5178 2806 5231 δὲ
2846 5180 3079 5249 πόλεμος
3112 5181 3179 5233 τά
3209 5197 3265 5232 τε
3297 5180 3621 5251 φρονήματα
3658 5176 4001 5247 παραθήγει.

2421 5274 2517 5323 καὶ
2554 5271 2665 5324 τῶν
2716 5272 2995 5341 παρόντων
3040 5271 3114 5334 ὡς
3137 5272 3368 5341 ῥεόντων
3396 5270 3802 5341 παρασκευάζει
3827 5285 4003 5321 καταο

2422 5365 2660 5433 φρονεῖν.
2709 5362 2863 5415 Ἀλλά
2914 5361 3084 5414 ταῦτα
3136 5363 3235 5430 μὲν
3281 5362 3374 5414 καὶ
3403 5363 3461 5414 ὲν
3488 5361 3703 5431 ἑτέραις
3734 5375 3999 5429 πραγμα-

2426 5455 2598 5519 τείαις
2627 5454 2883 5519 πολλάκις
2913 5456 3251 5525 είρήκαμενν

2044 5632 2272 5687 νΑΒΙᾹΞ
2304 5629 2700 5688 LECTIONES.

819 5720 864 5792 ε’
892 5720 1180 5792 εἰσωθῆναι
1204 5739 1300 5792 pro
1323 5723 1685 5785 εἰσωθεῖσθαι,
1721 5725 1859 5779 bene
1895 5740 2019 5779 cum
2039 5724 2223 5779 Savilii
2260 5724 2444 5779 codice
2468 5725 2715 5780 rescribit
2750 5723 3017 5779 Valesius.

748 5791 791 5823 "
819 5791 1152 5861 ἀνειμένους.

3114 5724 3159 5794 ῥτ
3196 5722 3417 5794 ἁδρούς.
3453 5722 3616 5777 Basil.
3662 5738 3740 5791 gr.
3805 5719 4002 5791 Steph.

1242 5795 1366 5849 avil.
1409 5793 1602 5864 Epiph.
1638 5793 1707 5860 Χ,
1741 5796 1809 5849 ’54
1838 5796 2106 5858 remissas,
2133 5796 2278 5864 quod
2316 5805 2458 5850 recte
2500 5796 2719 5864 praalcrt
2745 5793 3015 5851 Valesius.
3040 5794 3081 5848 A
3119 5793 3343 5863 Niccph.
3382 5795 3606 5850 omnino
3660 5794 3834 5847 abcst.
