4206 6456
768 356 906 424 1279
1734 354 2220 417 THEODORETI
2249 354 2589 418 EPISCOPI
2633 360 2998 421 CYRENSIS
3884 358 4032 433 1280

837 465 1344 537 ConstantinOpolis
1390 464 1670 538 episcopi,
1708 464 2039 525 Alexander,
2076 461 2346 517 Eusehius
2375 472 2419 523 Α

2375 472 2419 523 Α
2518 468 3141 532 Κωνσταντινουπὸλεως
3163 467 3453 524 ἐπίσκοποι
3477 468 3547 498 ’⁷⁸
3587 466 3933 538 Ἀλέξανδρος
3953 471 4026 530 ’⁸,

767 557 1201 612 Nicomediensis
1242 558 1546 613 translatus
1584 558 1639 611 in
1680 573 1798 613 eam
1841 556 2025 611 sedem
2077 556 2334 608 Arianus.

2455 557 2715 622 Εὐσέϐιος
2760 562 2786 613 6
2815 560 2858 591 "
2898 558 3269 629 Νικομηδειας
3300 560 3364 612 ἑκ
3396 558 3740 629 μεταθέσεως
3799 560 4027 629 Ἀρεια-

767 647 900 703 Post
955 651 1098 703 hunc
1133 650 1337 704 Paulus
1393 649 1701 713 confessor,
1759 647 2113 701 Macedonius
2168 647 2340 700 hostis

2441 650 2529 712 νὸς
2567 650 2631 714 ³ο,
2667 653 2802 720 μετᾶ
2859 653 3045 704 τοῦτον
3082 651 3291 715 Παῦλος
3318 653 3347 704 6
3377 650 3711 721 ὁμολογητὴς
3739 652 3803 714 ³¹,
3840 653 4035 703 Μακε-

774 740 1013 810 Spiritus
1065 742 1263 794 sancti.
1307 740 1419 794 Hoc
1472 742 1734 810 expulso,
1796 739 1997 808 impius
2055 737 2341 791 Eudoxius

2448 740 2620 803 δὸνιος
2652 743 2680 793 6
2712 742 3189 812 πνευματομάχος.
3231 740 3434 796 Τοῦτον
3476 742 3868 812 παρωσάμενος
3920 743 4031 794 Εὑ-

779 829 1078 884 Rcrlesiam
1125 831 1381 885 obtinuit.
1428 829 1781 898 Demophilus
1816 846 1845 881 a
1880 828 2049 882 Beroe
2094 826 2343 879 Thraciae

2445 832 2617 899 δόξιος
2642 836 2669 886 6
2694 834 2956 905 δυσσεϐὴς
2981 834 3211 904 κατέσχε
3240 840 3339 905 την
3388 834 3715 900 Ἐκκλησίαν
3750 834 3818 887 ⁸³.
3842 836 3917 902 Δη
3928 834 4030 901 μό-

775 919 908 972 urbe
933 920 1240 982 haereticus,
1265 919 1564 989 Gregorius
1594 917 2339 991 Nazianjenus,,Nectarius,

2450 923 2602 991 φιλας
2639 927 2667 978 ὁ
2708 926 2911 995 Βερόης
2941 926 3039 995 τῆς
3072 927 3294 997 Θρᾴκης
3332 925 3606 995 αἱρετικὸς
3641 925 3683 955 ⁸⁸
3726 924 4033 993 Γρηγὸρι-ςς

769 1010 1012 1068 Joannes
1062 1014 1528 1084 Chrysostomus,
1584 1012 1879 1077 Arsacius,
1933 1010 2186 1075 Atticus,
2256 1007 2345 1062 Si—

2452 1017 2481 1068 6
2509 1015 2837 1079 Ναςιανζοῦ,
2886 1018 3189 1087 Νεκτάριος
3231 1017 3298 1083 ⁸⁸,
3342 1016 3595 1085 Ἰωάννης
3635 1015 3664 1066 6
3714 1014 4032 1085 Χρυσόπο-

772 1106 1008 1161 sinnius.
2460 1122 2558 1174 μσς
2591 1104 2656 1169 ³⁸,
2704 1103 3011 1175 Ἀρσάκιος,
3054 1105 3322 1168 Ἀττικὸς,
3363 1105 3623 1167 Σισίννιος
3652 1105 3716 1157 ⁸⁷.

2097 1277 2335 1331 νΑΒιΑΞ
2374 1275 2778 1331 LECTIONES.

846 1374 891 1403 '7
928 1372 1109 1426 ὲπίσκ.
1140 1373 1334 1426 iterum
1380 1372 1551 1424 abest.
1655 1372 1699 1402 "
1728 1366 1847 1421 εἶτα
1881 1368 2243 1439 adclitSirm.
2326 1368 2371 1439 ’9
2409 1370 2472 1421 ἐκ
2503 1367 2696 1439 addit._
2783 1368 2981 1439 “diae
3015 1368 3077 1420 ἐκ
3108 1368 3298 1436 μεταθ.
3343 1371 3482 1439 Ἀρ..
3532 1370 3733 1424 absunt
3769 1385 3797 1423 a
3838 1370 4031 1437 Sirm.,

775 1459 875 1510 pro
909 1444 1107 1509 quibus
1132 1444 1204 1495 ibi
1248 1451 1331 1497 est
1363 1442 1656 1511 αἱρετικός.
1692 1508 1715 1511 Μ
1762 1440 1803 1470 ³¹
1836 1438 2112 1511 ὀρθρδοξςτς
2168 1437 2713 1511 καὶῃμᾲρτιξςημε-τὰ
2758 1437 2943 1511 regem
2989 1439 3197 1511 31:5sz
3258 1437 3616 1511 αἰρεσιᾴρχης
3686 1459 4033 1511 πνενματομ.

780 1503 824 1546 δ’
860 1503 1119 1580 καὶέσχεν
1153 1512 1302 1563 ἐκκλ.
1379 1503 1443 1581 ³³’Ῠ
1460 1510 1593 1577 μετὰ
1623 1508 1809 1562 τοῦτον
1841 1503 1990 1581 addit
2014 1508 2197 1581 Sir_m._
2259 1503 2304 1581 ξε
2324 1503 2513 1560 ἑαυτὸν
2536 1503 2650 1559 ἐκεῖ
2673 1507 2989 1576 μετέθηκεν⁹
3027 1503 3142 1559 εἶτα
3160 1503 3333 1578 Γρηγξ
3407 1510 3451 1541 ³⁸
3478 1503 3758 1580 vti/4mm;
3782 1503 4035 1581 ὕστερόν,

784 1584 921 1653 μετὰ
941 1578 1126 1636 τοῦὲον
1162 1582 1328 1633 Nam.
1404 1580 1448 1611 “
1480 1582 1508 1632 6
1536 1581 1805 1651 Χρυσόστ.
1845 1579 2017 1632 abest.
2095 1578 2139 1610 ³⁷
2161 1578 2410 1640 Σισίνιος.

1719 1816 2137 1826 ...-.----.λ-..-

1415 2039 1984 2193 ΒΕΑΤΙ
2133 2036 3390 2197 THEODORETI

1962 2353 2148 2468 PH
2166 2356 2871 2474 lLOTHEUS

1778 2757 2403 2851 RELIGIOSA
2455 2764 3075 2858 HISTORIA.

1525 3154 2441 3269 GENTIANI
2496 3153 3333 3270 HERVETI

1919 3404 2213 3444 ηειιθιοειιε
2243 3406 2513 3446 υιετοιιυε
2564 3407 2941 3458 ικτειιριιιετιε,

796 1813 3971 1849 W

1395 3565 1477 3607 ΔΩ
1533 3563 1944 3608 ΒΕΕῙΝΔιῡυΜ
1996 3564 2210 3608 POLUM
2278 3566 2689 3612 CARDINALEM
2738 3569 2802 3611 IN
2849 3569 3079 3612 ANGLIA
3133 3568 3430 3618 ιεωτυκ

2095 3732 2769 3823 PBJEF‘ATIO.

879 4081 956 4141 De
985 4087 1374 4143 monachorum
1404 4089 1540 4151 vita,
1574 4084 1819 4140 moribus
1850 4091 1904 4139 et
1943 4082 2236 4148 institutis,
2268 4097 2394 4137 cum
2424 4082 2583 4137 multi
2613 4082 2783 4137 multa
2820 4084 3053 4152 sparsim
3106 4084 3453 4155 scripserint,
3486 4085 3595 4140 duo
3635 4084 3990 4141 celeberrimi
4020 4096 4076 4144 et

811 4184 992 4256 magni
1030 4185 1269 4241 nominis
1326 4193 1606 4247 auctores,
1637 4180 1916 4234 Palladius
1946 4187 2000 4234 et
2033 4178 2434 4242 Theodoretus,
2463 4193 2525 4233 ea
2558 4179 2863 4233 litterarum
2899 4179 3250 4235 monimentis
3300 4178 3721 4245 mandaverunt,
3762 4195 3905 4251 quae,
3942 4197 4073 4235 cum

813 4280 875 4344 ii,
913 4283 979 4335 de
1012 4281 1214 4350 quibus
1256 4282 1531 4345 scribunt,
1562 4277 1648 4332 vel
1692 4276 1915 4330 illorum
1960 4275 2323 4344 temporibus,
2359 4274 2443 4329 vel
2481 4274 2643 4343 paulo
2672 4283 2803 4328 ante
2823 4289 3011 4328 eorum
3038 4281 3287 4343 tempora
3317 4274 3576 4339 vixerint,
3607 4280 3703 4327 aut
3735 4288 3764 4327 a
3795 4273 3936 4329 viris
3971 4274 4078 4327 [ide

814 4372 1017 4440 dignis,
1040 4370 1131 4440 qui
1150 4385 1211 4425 ea
1236 4370 1505 4429 viderant,
1536 4382 1817 4437 accepere,
1838 4376 1931 4420 aut
1954 4367 2058 4436 ipsi
2086 4366 2203 4421 suis
2225 4365 2402 4420 oculis
2430 4376 2728 4434 praesentes
2764 4380 3123 4434 conspexere.
3148 4364 3395 4431 Quorum
3422 4366 3560 4420 alter
3590 4365 3835 4435 quidem,
3876 4380 4079 4435 nempe

816 4464 1112 4531 Palladius,
1163 4472 1317 4519 antea
1350 4462 1541 4518 Latine
1572 4478 1786 4524 versus,
1836 4462 1939 4515 sub
1976 4460 2283 4517 Heraclidis
2314 4462 2529 4515 nomine
2578 4463 2634 4514 in
2662 4460 2841 4515 lucem
2869 4460 3025 4527 exiit,
3063 4460 3158 4514 sed
3184 4474 3293 4513 non
3317 4460 3547 4529 integer,
3578 4475 3702 4514 cum
3736 4460 3788 4513 in
3824 4474 3889 4514 eo
3923 4460 4079 4529 plus-

819 4576 983 4628 quam
1043 4561 1262 4629 triginta
1315 4560 1538 4614 Patrum
1575 4556 1697 4612 Vita
1744 4559 2111 4613 desideretur.
2155 4555 2487 4611 Theodoreti
2546 4563 2729 4611 autem
2771 4555 3058 4628 Θεοφιλής,
3109 4555 3162 4610 id
3202 4563 3309 4624 est,
3342 4553 3610 4626 Religiosa
3636 4556 3880 4619 historia,
3912 4555 4080 4624 cujus

823 4652 940 4720 ipse
971 4653 1168 4714 saepius
1198 4650 1446 4704 meminit
1480 4651 1535 4704 in
1580 4649 1821 4703 Historia
1858 4648 2247 4713 ecclesiastica,
2281 4663 2404 4725 eum
2435 4646 2769 4701 Christiana:
2797 4646 3117 4717 reipublicae
3155 4649 3345 4704 utilem
3377 4663 3656 4705 censerem
3700 4661 3903 4703 navare
3942 4662 4079 4717 Ope-

821 4754 965 4801 ram,
999 4738 1045 4794 si
1081 4753 1197 4792 mea
1228 4753 1392 4808 opera
1423 4740 1478 4793 in
1508 4739 1686 4793 lucem
1716 4739 1984 4807 prodiret,
2009 4752 2128 4793 eam
2154 4739 2295 4791 verti
2331 4736 2547 4800 Latine,
2573 4746 2625 4791 et
2652 4752 2799 4805 cum,
2834 4746 2894 4792 ut
2924 4738 3061 4807 dixi,
3084 4753 3315 4795 mancus
3343 4749 3399 4796 et
3421 4740 3650 4794 mutilus
3681 4738 3883 4794 fuisset
3911 4748 4081 4793 antea

818 4827 1004 4890 editus
1027 4826 1326 4891 Palladius,
1367 4842 1473 4881 non
1511 4828 1646 4882 satis
1704 4828 1867 4882 habui
1913 4828 1965 4883 id
2006 4829 2153 4898 quod
2195 4829 2242 4882 ei
2266 4828 2454 4882 deerat
2486 4828 2764 4897 supplere,
2806 4828 2916 4883 nisi
2958 4844 3083 4884 eum
3119 4829 3301 4886 denuo
3328 4846 3356 4885 a
3389 4832 3569 4902 capite
3605 4839 3899 4887 verterem.
3926 4830 4081 4897 Quos

824 4921 1017 4975 ambos
1047 4920 1216 4972 multa
1248 4932 1334 4973 me
1364 4927 1655 4973 moverunt
1683 4926 1741 4972 ut
1766 4920 1819 4973 in
1850 4927 2212 4975 sacrosancto
2245 4926 2341 4973 tuo
2383 4919 2605 4974 nomine
2630 4918 2916 4975 dedicatos
2949 4920 3144 4975 vellem
3193 4921 3250 4977 in
3284 4922 3465 4976 lucem
3498 4922 3652 4977 exire
3688 4934 3702 4974 :
3734 4920 3883 4990 quod
3906 4918 4083 4974 Joan-

830 5026 930 5066 nes
964 5008 1365 5071 Morvillerius,
1391 5008 1651 5064 Aurelius
1690 5010 1985 5079 episcopus
2012 5048 2027 5073 ,
2062 5010 2164 5075 vir,
2200 5017 2258 5063 ut
2292 5008 2440 5073 scis,
2491 5008 2876 5077 doctissimus,
2899 5018 2954 5065 et
2989 5012 3068 5066 tui
3108 5013 3661 5079 observantissimus,
3696 5012 3792 5083 qui
3831 5027 3919 5067 me
3968 5012 4082 5082 jam

833 5101 1042 5172 pridem
1100 5102 1153 5155 in
1201 5114 1357 5155 suam
1415 5100 1613 5154 ascivit
1670 5100 1960 5166 familiam,
2009 5102 2120 5158 tuis
2156 5101 2502 5172 potissimum
2555 5102 2821 5173 auspiciis
2882 5103 2988 5159 hoc
3032 5118 3173 5176 opus
3221 5105 3275 5163 in
3333 5105 3515 5161 lucem
3557 5102 3925 5162 emittendum
3956 5119 4087 5162 cen-

829 5199 1026 5255 suerit.
1061 5196 1212 5253 Vale.

1362 5291 1592 5349 Lutetia:
1623 5290 1959 5348 Parisiorum
1999 5288 2187 5345 Idibus
2221 5287 2456 5360 Augusti
2495 5286 2706 5345 MDLY.

2407 5518 2478 5528 υ...-
