4206 6456
789 374 928 440 1283

1766 368 2249 430 ΊΊΙῙΞΟΒΟΠΕΤΙ
2275 366 2612 426 EI'lSCOPI
2635 356 2996 423 CYRENSIS

3889 354 4035 416 1981

947 514 4022 546 ___________________________________________________._

1094 682 1442 816 ΤΟΥ
1576 672 2451 810 ΜΑΚΑΡΙΟΥ
2565 646 3716 804 ΘΕΟΔΩΡΗΤΟΥ

2052 925 2451 981 ΕΠΙΣΚΟΠΟΥ
2527 923 2764 979 ΚΥΡΟΥ

1546 1099 2437 1234 ΦΙΛΟΘΕΟΣ
2586 1092 3265 1226 ΙΣΤΟΡΙΑ

1810 1491 2385 1575 ΑΣΚΗΤΙΚΗ
2478 1491 3010 1578 ΠΟΛΙΤΕΙΑ

1641 1862 1820 2008 Β.
1932 1852 3176 2007 THEODORETI

2069 2123 2367 2177 El‘lSCOl‘I
2406 2121 2491 2177 (ΣΥ
2504 2121 2751 2175 ιιΕΝειδ

1412 2306 2389 2435 RELIGIOSA
2529 2301 3421 2432 HISTORIA

2365 2556 2462 2596 εει]

1609 2716 2168 2810 ASCETICA
2206 2713 2726 2807 VIVENDI
2828 2715 3233 2812 RATIO.

1394 3063 1778 3121 PREFATIO.

873 3152 1268 3214 Excellentium
1306 3158 1548 3211 virorum
1571 3198 1585 3221 ,
1633 3168 1689 3211 et
1727 3156 1949 3210 virtutis
2000 3156 2328 3210 athletarum
2352 3192 2370 3220 ,

803 3249 1095 3319 pulchrum
1136 3247 1354 3317 quidem
1396 3253 1481 3301 est
1511 3246 1698 3301 videre
1732 3244 2065 3309 certamina,
2101 3253 2156 3297 et
2196 3243 2372 3298 oculis

807 3340 1029 3399 haurire
1070 3339 1379 3391 utilitatem.
1410 3336 1541 3402 Quae
1567 3336 1710 3389 enim
1755 3335 2068 3400 laudantur,
2100 3334 2228 3388 dum
2253 3349 2372 3389 cer-

801 3441 1035 3495 nuntur,
1067 3438 1121 3485 et
1147 3430 1309 3499 digna
1342 3429 1599 3482 videntur
1620 3444 1743 3497 quae
1770 3426 2183 3497 possideantur,
2213 3435 2266 3481 et
2290 3425 2373 3480 sui

807 3537 1048 3576 amorem
1112 3521 1390 3581 excitant,
1447 3528 1894 3589 spectatoresque
1943 3518 2009 3570 ad
2055 3532 2118 3571 ea
2152 3531 2374 3585 compa-

806 3612 979 3668 randa
1012 3610 1297 3665 inducunt.
1334 3608 1587 3663 Aﬂ'erunt
1620 3617 1801 3662 tamen
1833 3607 2126 3661 utilitatem
2158 3620 2377 3675 quoque

808 3721 916 3760 non
964 3704 1294 3757 mediocrem
1344 3702 1733 3771 praeclarorum
1769 3701 1933 3768 huius
1976 3700 2123 3753 modi
2164 3698 2377 3752 facino-

808 3814 929 3852 rum
980 3796 1359 3858 narrationes,
1402 3808 1525 3862 qua:
1585 3794 1654 3845 ab
1708 3792 1789 3846 eis
1819 3793 1909 3861 qui
1949 3791 2161 3860 1100
2198 3791 2380 3846 sciunt

808 3904 998 3942 eorum
1053 3887 1144 3957 qui
1214 3886 1471 3939 nesciunt
1527 3884 1755 3937 auribus
1809 3881 2135 3937 oﬂ‘eruntur.
2188 3880 2378 3937 Visum

808 3982 953 4034 enim
979 3980 1172 4032 auditu
1210 3978 1381 4045 magis
1417 3975 1521 4030 ﬁde
1557 3975 1779 4045 dignum
1802 3991 1925 4029 esse
1947 3977 2140 4029 dicunt
2171 3975 2337 4044 aliqui
2364 3993 2377 4028 :

809 4069 907 4124 sed
962 4068 1170 4121 anditui
1226 4067 1285 4121 ﬁt
1341 4070 1502 4121 etiam
1564 4066 1735 4129 ﬁdes,
1770 4068 1899 4122 dum
1942 4084 2007 4122 ex
2060 4083 2247 4122 eorum
2288 4068 2380 4137 qui

810 4161 1001 4214 dicunt
1048 4160 1279 4213 veritate
1332 4160 1673 4228 singulorum
1710 4160 1855 4214 dicta
1896 4158 2185 4229 dijudicat.
2229 4158 2382 4214 Sicut

813 4252 960 4306 enitn
994 4251 1198 4319 linguae
1253 4261 1305 4304 et
1356 4250 1542 4319 palato
1577 4251 1757 4305 dulcis
1808 4260 1862 4304 et
1909 4256 1926 4273 '
1982 4252 2198 4317 amari,
2247 4253 2383 4305 alia-

812 4358 1047 4412 rumque
1102 4342 1419 4409 liujusmodi
1449 4344 1774 4410 qualitatum
1802 4344 2067 4398 creditum
2103 4353 2187 4398 est
2226 4345 2378 4412 judi-

2402 3066 2446 3123 Δ

3072 3063 3445 3120 ΠΡΟΛΟΓΟΣ.

2545 3152 2666 3204 Τῶν
2697 3152 2933 3224 ἀρίστων
2983 3154 3212 3223 ἀνδρῶν,
3241 3158 3336 3207 καὶ
3385 3157 3486 3227 τῆς
3533 3158 3735 3228 ἀρετῆς
3774 3157 4052 3229 ἀθλητῶν,

2474 3243 2637 3296 καλὸν
2667 3244 2767 3314 μὲν
2799 3245 2925 3297 ίδεῖν
2948 3248 3073 3309 τοὺς
3100 3248 3339 3315 ἀγῶνας,
3367 3251 3461 3301 καὶ
3485 3253 3597 3312 τοῖς
3619 3250 3920 3319 ὀφθαλμοῖς
3954 3251 4060 3321 τὴν

2474 3333 2740 3401 ὠφέλειαν
2768 3334 3092 3403 ἀρύσασθαι.
3133 3336 3417 3407 Ὀρὼμενα
3454 3338 3562 3408 γὰρ
3590 3338 3657 3391 τὰ
3682 3339 4059 3409 ἐπαινούμενα

2475 3421 2774 3493 ἀξιόκτητά
2806 3441 2864 3476 τε
2906 3426 3177 3493 φαίνεται,
3222 3428 3316 3481 καὶ
3370 3428 3664 3499 ἀξιέραστα
3691 3431 3928 3498 γίνεται,
3960 3433 4058 3482 καὶ

2478 3514 2616 3585 πρὸς
2651 3517 2753 3585 τὴν
2785 3517 2978 3584 κτῆσιν
3006 3518 3217 3586 ἐπείγει
3244 3520 3369 3582 τοὺς
3398 3520 3612 3582 θεατάς.
3651 3521 3811 3589 Φέρει
3837 3522 3883 3573 δ’
3904 3524 4059 3589 ὅμως

2477 3610 2663 3679 ὄνησιν
2688 3612 2761 3662 »οὑ
2790 3610 3017 3679 μετρίαν
3042 3610 3150 3663 τῶν
3194 3611 3449 3663 τοιούτων
3482 3611 3925 3682 κατορθωμάτων
3964 3614 4057 3665 καὶ

2479 3702 2549 3754 τὰ
2575 3701 2912 3770 διηγήματα,
2949 3703 3100 3772 παρά
3126 3704 3235 3755 τῶν
3290 3704 3506 3756 εἰδότων
3536 3708 3655 3767 ταῖς
3692 3706 3802 3758 τῶν
3832 3707 3936 3758 οὐκ
3982 3708 4058 3758 εξ-

2479 3792 2644 3844 δότων
2666 3793 2855 3855 ἀκοαῖς
2886 3794 3324 3863 προσφερόμενα,
3348 3796 3569 3847 Πιστοτὲ
3577 3813 3676 3865 ραν
3704 3796 3803 3865 μὲν
3826 3796 3939 3866 γὰρ
3960 3798 4059 3867 τῆς

2480 3884 2649 3953 ἀκοῆς
2687 3878 2826 3935 εἶναι
2873 3887 2971 3953 τὴν
3002 3884 3121 3953 ὄψιν
3173 3886 3305 3954 φασί
3342 3904 3482 3947 τινες
3512 3904 3525 3917 ο
3560 3886 3806 3940 πείθεται
3838 3889 3882 3941 δ’
3907 3890 4061 3957 ὅμως

2482 3977 2576 4029 καὶ
2607 3976 2765 4046 ἀκοὴ,
2818 3979 2883 4045 τῇ
2944 3976 3051 4027 τῶν
3091 3976 3359 4043 λεγόντων
3414 3978 3643 4049 ἀληθεία
3700 3980 3969 4049 κρίνουσα
3992 3983 4062 4034 τὰ

2482 4067 2767 4137 λεγόμενα.
2821 4068 3085 4136 Καθάπερ
3130 4069 3238 4137 γὰρ
3268 4069 3585 4139 γλυκύτητι,
3617 4072 3711 4123 καὶ
3741 4072 4058 4141 πικρότητι,

2485 4160 2577 4212 καὶ
2615 4162 2732 4220 ταῖς
2764 4157 2951 4221 ἄλλαις
2992 4162 3113 4221 ταῖς
3164 4160 3438 4223 τοιαύταις
3470 4162 3719 4230 ποιότησι
3749 4160 3975 4229 γλῶσσά
4000 4180 4058 4213 τε

2484 4251 2575 4302 καὶ
2606 4249 2827 4320 ὑπερῷα
2856 4250 3097 4313 δικάζειν
3140 4253 3514 4313 πεπίστευται,
3540 4253 3633 4305 καὶ
3673 4251 3814 4305 κατά
3863 4254 4060 4306 ταυτὸν

2485 4342 2584 4409 τὴν
2618 4339 2796 4409 ψῆφον
2831 4341 3156 4409 ἐκφέρουσιν
3178 4358 3191 4371 ·
3221 4342 3391 4404 οὕτως
3424 4344 3560 4413 ἀκοὴ
3605 4343 3705 4412 τὴν
3744 4343 3852 4395 τῶν
3885 4343 4061 4412 λόγων

813 4402 1005 4499 εἱιιῐιι,
1038 4402 1214 4503 deque
1260 4434 1327 4487 iis
1361 4402 1542 4487 ferunt
1576 4434 1668 4487 illa
1708 4435 2038 4489 sententiam
2078 4453 2090 4489 :
2128 4436 2202 4488 ita
2226 4402 2374 4488 '0ra-
2416 4402 2460 4457 Β
2491 4402 2826 4501 ἐνεχειρίσθη
2857 4402 3167 4498 διάγνωσιν,
3206 4450 3249 4484 κε

2491 4402 2826 4501 ἐνεχειρίσθη
2857 4402 3167 4498 διαγνωσιν,
3206 4434 3300 4485 καὶ
3332 4402 3454 4494 τοὺς
3475 4402 3672 4503 ὄνησίν.
3705 4452 3827 4487 τινα
3865 4402 4060 4505 φέρον-

815 4526 1027 4579 tionum
1091 4527 1244 4577 notio
1305 4523 1513 4577 auditui
1575 4530 1658 4578 est
1721 4523 2057 4588 commissa,
2121 4527 2383 4593 novitque

815 4632 846 4670 a
907 4616 1088 4670 noxiis
1144 4630 1237 4669 eas
1291 4630 1413 4684 quae
1475 4615 1715 4683 aliquam
1786 4613 2021 4667 all‘eruut
2090 4617 2381 4669 utilitatem

817 4721 1129 4761 secernere.
1158 4705 1316 4771 Quod
1349 4706 1395 4760 si
1428 4706 1642 4759 utilium
1672 4704 2051 4757 narrationum
2089 4705 2301 4775 integra
2328 4701 2385 4760 et

818 4800 1138 4868 incorrupta
1164 4805 1407 4852 maneret
1438 4798 1702 4851 memoria
1726 4838 1740 4863 ,
1773 4814 1873 4852 nec
1898 4798 2191 4854 oblivionis
2217 4799 2381 4853 veluti

820 4891 996 4961 caligo
1013 4891 1264 4960 quaedam
1295 4905 1521 4959 aspersa
1554 4890 1704 4943 labes
1728 4906 1846 4943 eam
1876 4891 2080 4944 sensim
2117 4892 2383 4956 aboleret,

822 4984 890 5036 de
925 4982 991 5036 iis
1023 4981 1213 5051 utique
1256 4982 1501 5036 scribere
1528 4996 1996 5050 supervacaneum
2026 4982 2165 5037 foret
2189 5025 2203 5047 ,
2239 4984 2387 5054 quod

824 5087 945 5141 qua:
993 5072 1120 5125 hinc
1166 5072 1471 5141 percipitur
1523 5073 1759 5136 utilitas,
1813 5074 1879 5127 ad
1921 5083 2172 5143 posteros
2225 5076 2388 5131 facile

838 5163 1165 5232 perveniret.
1224 5163 1331 5219 Sed
1361 5163 1489 5233 quia
1544 5173 1757 5232 tempus
1798 5166 2124 5231 corporibus
2167 5167 2387 5236 quidem

826 5255 1085 5310 damnum
1124 5255 1303 5323 aﬂ‘ert,
1354 5262 1694 5312 senectutem
1735 5256 2002 5312 inducens
2032 5268 2085 5314 et
2114 5268 2385 5327 mortem,

2488 4541 2587 4587 τας
2648 4524 2757 4575 τῶν
2809 4524 3085 4594 βλαϐερῶν
3139 4527 3452 4594 ἀποκρίνειν
3510 4526 3813 4579 ἐπίσταται.
3853 4528 3915 4579 Εἰ
3962 4527 4060 4595 μὲν

2489 4611 2582 4668 οὖν
2634 4615 2829 4678 ἄσυλος
2886 4616 3046 4684 ἔμενε
3097 4617 3202 4668 τῶν
3253 4616 3589 4686 ὁνησιφόρων
3639 4618 3993 4688 διηγημάτων
4026 4619 4060 4687 ἡ

2494 4712 2700 4779 μνήμη,
2728 4710 2821 4760 καὶ
2877 4707 2950 4777 μὴ
2986 4711 3083 4776 τῆς
3111 4707 3279 4775 λήθης
3345 4711 3378 4778 ἡ
3433 4708 3577 4777 λώϐη
3620 4704 3710 4761 οἷά
3755 4726 3838 4772 τις
3894 4710 4062 4778 ἀχλὺς

2493 4799 2894 4869 ἐπιπαττομένη
2918 4798 3158 4866 ἐξίτηλον
3184 4799 3352 4868 αὐτὴν
3395 4800 3777 4869 ἀπειργάζετο,
3808 4802 4063 4869 περιττὸν

2493 4890 2559 4962 ἦν
2582 4893 2847 4963 δήπουθεν
2877 4893 2968 4946 καὶ
3012 4893 3281 4961 παρέλκον
3316 4893 3671 4964 λογογραφεῖν
3702 4893 3772 4945 τὰ
3817 4893 4061 4957 τοιαῦτα,

2493 4987 2592 5054 τῆς
2620 4983 2867 5036 ἐντεῦθεν
2898 4983 3162 5049 ὠφελείας
3202 4984 3295 5035 καὶ
3328 4986 3406 5046 εις
3449 4985 3574 5047 τοὺς
3608 4984 3832 5054 ὕστερον
3867 4986 4063 5056 ἑσομέ·

2496 5091 2618 5137 νους
2644 5073 2884 5134 εὐπετῶς
2920 5072 3064 5140 μάλα
3104 5072 3502 5144 διαϐαινούσης.
3540 5074 3753 5144 Ἐπειδὴ
3789 5074 3846 5127 δὲ
3879 5077 3907 5127 ὁ
3934 5076 4063 5145 χρό-

2496 5184 2584 5229 νος
2605 5164 2842 5219 λωδᾶται
2868 5166 2964 5235 μὲν
3003 5167 3214 5236 σώματι
3249 5166 3427 5237 γῆρας
3466 5168 3740 5237 ἐπιφέρων
3769 5169 3864 5221 καὶ
3900 5167 4065 5220 θάνα-

2492 5276 2605 5324 τον,
2642 5258 2880 5312 λωϐᾶται
2922 5258 2977 5311 δὲ
3027 5256 3414 5330 κατορθώμασι
3459 5256 3629 5329 λήθην
3673 5258 3939 5328 ἐμποιῶν,
3973 5255 4066 5310 καὶ

2097 5436 2330 5493 VARUS
2368 5435 2772 5495 LECTIONES.

908 5546 923 5580 ¹
953 5548 1213 5616 Θεοφιλὴς

830 5589 991 5681 γιιι,υ
1001 5589 1215 5688 ῖίτὲῖἒίῖ

1251 5547 1655 5620 auditlleryeto
1681 5589 1696 5612 ,
1725 5565 1887 5619 quam
1914 5550 2325 5620 inscriptionem
2362 5552 2527 5606 etiam
2574 5551 2793 5607 exhibet
2826 5550 2995 5605 codex
3048 5547 3483 5620 Yindobonensis
3506 5546 3647 5620 apud
3715 5545 4068 5620 Lambecium

1247 5618 1354 5674 Sed
1373 5617 1892 5691 Theodoretuslipse
1930 5617 2449 5691 setnperivnlgatum
2489 5636 2686 5676 nomen
2735 5621 2917 5684 habet,
2958 5630 3018 5675 ut
3056 5619 3123 5673 Η.
3152 5619 3297 5691 Eccl.
3334 5635 3370 5681 ι,
3395 5618 3457 5682 6;
3493 5634 3555 5691 ιι,
3582 5618 3680 5685 26;
3718 5634 3801 5679 nt,
3842 5618 3959 5683 i9;
3999 5634 4069 5691 t3,

832 5688 959 5759 2:2,_
984 5698 1090 5759 etc.
1150 5690 1386 5758 Itemque
1441 5689 1666 5758 Niceph.
1724 5688 1811 5742 ll.’
1851 5688 1911 5745 Ε.
1959 5688 2066 5753 xw,
2105 5690 2212 5755 εις
2248 5688 2326 5755 ft,
2353 5691 2445 5759 25,
2473 5692 2535 5747 41
2569 5700 2623 5746 et
2661 5691 2811 5757 alibi,
2846 5706 2968 5747 cum
2994 5692 3201 5747 Joanne
3238 5689 3485 5744 Damasc.
3514 5690 3581 5744 de
3618 5691 3816 5759 iii-.agg.
3843 5698 3988 5743 orat.
4016 5688 4069 5752 5,

833 5771 887 5827 p.
928 5756 1033 5812 566
1057 5760 1242 5816 01380
1266 5756 1534 5830 vulgatam
1569 5756 1979 5831 inscriptionem
2013 5762 2319 5819 conlirmat.
