4206 6456
175 417 311 480 1285

1386 408 1791 471 RELIGIOSA
1817 411 2200 478 HISTORIA.

3294 420 3431 488 1286

171 532 265 597 τὴν
300 526 521 595 μνήμην
557 523 869 594 ἀμσλύνων,
901 523 1001 575 οὐκ
1036 522 1100 576 ἀν
1130 537 1211 583 τις
1244 521 1373 589 ἡμῖν
1416 517 1639 580 εἰκότως
1667 534 1746 570 νε-

1858 524 2021 578 rebus
2053 535 2235 580 autent
2268 537 2415 583 recte
2450 530 2621 597 gestis
2641 570 2654 592 ,
2685 528 3017 583 oblivionem
3056 530 3304 584 inferens
3330 571 3345 590 .
3373 543 3427 585 et

177 618 434 686 μεσήσειε
458 615 566 668 τῶν
621 612 879 682 φιλοθέων
930 611 1139 683 ἀνδρῶν
1173 610 1270 680 τὴν
1299 609 1570 661 πολιτείαν
1619 625 1750 675 συγ-

176 706 412 773 γράφειν
450 700 839 773 ἐπιχειροῦσιν.
887 700 1097 768 Ὠσπερ
1152 698 1259 767 γὰρ
1301 697 1349 748 οἱ
1400 696 1469 748 τά
1526 692 1753 762 σώματα

177 794 502 865 θεραπεύειν
523 792 945 861 πεπιστευμένοι
974 791 1243 858 φάρμακα
1262 783 1750 849 κατασκευάζουσι,

176 890 243 956 τῇ
278 886 420 955 νόσῳ
440 883 821 955 πολεμοῦντες,
857 883 949 935 καὶ
983 882 1091 943 τοῖς
1118 879 1416 949 κάμνουσιν
1445 876 1751 946 ἐπαμύνον-

176 994 267 1039 τες
289 994 301 1005 ·
342 976 513 1039 οὕτως
535 976 627 1029 καὶ
665 977 698 1045 ή
730 974 830 1044 τῆς
852 971 1061 1026 τοιᾶσδε
1097 970 1419 1039 συγγραφῆς
1448 967 1754 1036 φιλοπονία,

176 1061 289 1119 οἶόν
334 1085 387 1121 τι
438 1068 727 1137 φάρμακον
784 1064 1106 1130 ἀλεξίκακον
1152 1061 1396 1129 γίνεται,
1435 1058 1603 1129 λήθης
1635 1058 1748 1109 ἐπί-

179 1160 393 1223 ϐουλον,
424 1159 519 1211 καὶ
578 1157 794 1225 μνήμης
852 1154 1163 1222 ἐπίκουρον.
1214 1149 1335 1213 Πῶς
1386 1150 1492 1219 γὰρ
1543 1148 1608 1200 ἂν
1658 1146 1758 1199 οὐκ

181 1256 400 1311 ἄτοπον,
440 1246 668 1317 ποιητὰς
703 1247 799 1316 μὲν
854 1245 950 1297 καὶ
1002 1242 1349 1312 συγγραφέας
1383 1240 1478 1301 τὰς
1507 1240 1564 1290 ἐν
1602 1238 1758 1290 πολέ-

184 1355 305 1407 μοις
339 1335 702 1403 ἀνδραγαθίας
731 1334 1071 1404 συγγράψαι,
1101 1329 1537 1400 τραγῳδοποιοὺς
1576 1327 1633 1381 δὲ
1659 1328 1756 1390 τὰς

180 1430 361 1494 καλῶς
394 1428 783 1499 κεκρυμμένας
833 1425 1117 1496 συμφορὰς
1156 1424 1445 1495 προφανῶς
1475 1420 1758 1491 τραγῳδῆ-

181 1523 402 1588 σαι,κα“ι
430 1522 634 1575 τούτων
658 1520 755 1590 τὴν
786 1520 1005 1589 μνήμην
1040 1518 1385 1605 ἀνάγραπτον
1411 1513 1755 1568 καταλιπεῖνο

179 1616 373 1677 ἀλλους
424 1614 481 1666 δέ
538 1630 690 1675 τινας
740 1612 818 1674 είς
884 1610 1177 1680 κωμῳδίαν
1230 1610 1322 1663 καὶ
1366 1608 1576 1677 γέλωτα
1631 1623 1762 1659 κατ-

180 1706 454 1759 αναλῶσαι
477 1706 602 1766 τοὺς
625 1703 846 1770 λόγους·
876 1703 1023 1771 ἡμᾶς
1048 1702 1102 1754 δὲ
1126 1701 1384 1770 περιιδεῖν
1415 1698 1554 1771 λήθῃ
1586 1715 1763 1770 παρα·

179 1797 495 1866 διδομένους
525 1795 723 1863 ἄνδρας
769 1795 826 1847 ἐν
860 1793 1071 1862 σώματι
1102 1790 1279 1861 θνητῴ
1305 1809 1364 1844 τε
1408 1791 1501 1843 καὶ
1532 1786 1761 1858 παθητῷ

1856 612 2168 667 obscurans
2192 616 2511 670 memoriam
2532 656 2545 679 ,
2583 631 2744 669 nemo
2766 617 2891 684 jure
2921 631 3021 672 nos
3056 617 3427 686 reprehende-

1855 700 1967 765 rit,
2017 701 2163 770 quod
2199 703 2411 770 piorum
2444 706 2687 757 virorum
2725 702 2926 773 Deique
2967 706 3266 760 amantium
3306 707 3430 760 vitae

1856 793 2103 846 instituta
2130 795 2370 849 scribere
2400 796 2769 865 aggredimur.
2791 795 3259 860 Quemadmodum
3279 784 3427 853 enim

1857 884 1929 946 ii,
1973 901 2209 953 quorum
2261 886 2385 941 fidei
2436 887 2642 942 credita
2691 901 2986 958 corporum
3042 897 3126 943 est
3175 891 3427 952 curatio.

1858 977 2251 1032 medicamenta
2301 989 2658 1047 comparant.
2694 995 2817 1032 cum
2855 978 3047 1032 morbo
3092 980 3291 1035 bellum
3333 996 3428 1050 ge-

1864 1075 2049 1119 rentes
2072 1107 2085 1129 ,
2121 1076 2174 1119 et
2207 1070 2274 1120 iis
2311 1068 2407 1135 qui
2439 1058 2691 1121 laborant
2728 1069 2964 1123 ferentes
3006 1071 3269 1145 auxilium
3299 1089 3312 1123 :
3350 1072 3427 1125 ita

1857 1173 1979 1225 quae
2010 1158 2064 1209 in
2098 1158 2183 1212 his
2209 1159 2626 1213 conscribendis
2676 1160 2896 1228 ponitur
2929 1162 3203 1215 industria
3229 1201 3244 1225 ,
3281 1163 3431 1216 salu-

1860 1246 1997 1299 taris
2051 1247 2337 1313 cujusdam
2382 1249 2556 1301 instar
2599 1256 2685 1303 est
2735 1247 3160 1314 medicamenti,
3202 1251 3346 1320 quod
3375 1260 3431 1305 et

1863 1338 2127 1392 oblivioni
2158 1339 2469 1400 insidiatur,
2500 1348 2555 1394 et
2596 1356 2751 1409 opem
2804 1340 2909 1394 fert
2946 1344 3244 1396 metuorite.
3279 1344 3429 1409 Quo-

1861 1431 2025 1483 modo
2056 1432 2199 1484 euitn
2236 1429 2533 1485 absurdum
2571 1446 2679 1484 non
2715 1432 2812 1495 sit,
2844 1440 2901 1485 ut
2928 1441 3100 1501 poeta:
3125 1433 3345 1501 quidem
3376 1443 3431 1487 et

1862 1521 2113 1574 historici
2147 1537 2210 1576 ea
2241 1523 2599 1577 con’scribant
2634 1537 2756 1591 quae
2784 1524 2837 1575 ir.
2862 1523 3004 1577 bello
3033 1523 3248 1577 fortiter
3276 1533 3430 1593 gesta

1864 1622 1993 1667 sunt
2022 1653 2035 1677 ,
2072 1622 2125 1667 et
2158 1616 2348 1683 tragici
2384 1625 2529 1669 recte
2552 1614 2761 1668 celatas
2790 1615 3129 1670 calamitates
3155 1616 3211 1670 in
3247 1616 3430 1684 publi-

1864 1718 1988 1755 cum
2034 1703 2351 1771 proferant,
2388 1719 2688 1772 earumque
2726 1703 2953 1773 scriptis
2999 1704 3309 1758 mandatam
3340 1720 3432 1758 re~

1866 1789 2119 1858 linquant
2150 1788 2473 1842 memoriam
2506 1806 2519 1852 ;
2567 1790 2812 1843 nonnulli
2844 1791 3008 1842 etiam
3043 1790 3095 1841 in
3143 1788 3432 1842 comoediis

181 1889 453 1942 ἀπάθειαν
482 1885 970 1955 ἐπιδεδειγμένους,
1002 1886 1099 1936 καὶ
1142 1884 1240 1954 τὴν
1266 1883 1556 1953 ἀσώματον
1591 1881 1753 1949 φύσιν

1858 1882 2131 1951 rebusque
2164 1881 2415 1935 ridiculis
2445 1882 2727 1935 orationes
2766 1890 3096 1936 consumant
3126 1899 3139 1935 :
3170 1896 3271 1936 nos
3300 1896 3433 1936 vero

180 1978 563 2049 ἐξηλωκόταςς
597 1975 762 2028 Ποίαν
806 1974 861 2027 δὲ
895 1974 996 2027 οὐκ
1051 1973 1116 2027 ἂν
1147 1975 1367 2036 δικαίως
1405 1973 1653 2043 τίσαιμεν
1680 1971 1755 2023 δί-

179 2088 283 2140 κην
319 2070 430 2123 τῶν
486 2067 834 2136 ἀξιαγάστων
884 2065 1088 2118 τούτων
1118 2064 1344 2133 ἀγώνων
1395 2064 1754 2136 περιορῶντες

180 2159 612 2231 ἀμαυρουμένην
633 2158 731 2229 τὴν
764 2158 986 2229 μνήμην
1009 2175 1023 2221 ;
1061 2159 1109 2210 εἰ
1134 2157 1242 2227 γάρ
1270 2158 1421 2209 αὐτοὶ
1448 2156 1554 2209 τῶν
1591 2155 1756 2209 πάλαι

183 2252 570 2322 γεγενημένων
601 2250 774 2317 ἀγίων
799 2250 896 2319 τὴν
922 2250 1097 2319 ἀκραν
1131 2249 1449 2317 φιλοσοφίαν
1479 2246 1755 2318 ζηλώσαν-

178 2363 291 2407 τες,
324 2343 385 2395 οὐ
426 2342 611 2413 χαλκῷ
643 2342 737 2396 καὶ
772 2341 1061 2412 γράμμασι
1095 2340 1193 2411 τὴν
1238 2342 1459 2394 ἐκείνων
1510 2342 1759 2394 ἐνεκόλα-

179 2439 286 2506 ς-αν
352 2438 592 2505 μνήμην,
625 2433 761 2487 ἀλλά
811 2434 991 2485 πᾶσαν
1022 2432 1200 2485 αὐτῶν
1231 2433 1327 2502 τὴν
1358 2431 1556 2502 ἀρετὴν
1595 2434 1761 2501 ἐκμα-

181 2527 426 2595 ξάμενοι,
459 2519 567 2577 οἷόν
599 2539 749 2586 τινας
771 2522 982 2585 εἰκόνας
1010 2521 1186 2575 αὐτῶν
1208 2521 1481 2590 ἐμψύχους
1511 2522 1603 2573 καὶ
1625 2523 1756 2591 στή-

179 2619 277 2679 λας
307 2618 446 2684 σςᾶς
466 2617 661 2678 αὐτοὺς
691 2617 1039 2685 πεποιήκασι,
1056 2615 1215 2675 ποίας
1243 2615 1307 2666 ἂν
1326 2616 1487 2684 ἡμεῖς
1504 2614 1758 2684 τύχοιμεν

180 2709 409 2771 εἰκότως
464 2706 815 2776 συγγνώμης,
859 2706 993 2775 μηδὲ
1043 2705 1336 2775 γράμμασι
1375 2704 1464 2756 τὸν
1518 2704 1758 2772 ἀοίδιμον

180 2802 385 2852 τούτων
412 2800 761 2869 γεραίροντες
825 2797 972 2863 βίον;
1003 2797 1110 2849 Καὶ
1129 2797 1301 2849 ταῦτα
1321 2794 1428 2848 τῶν
1459 2798 1515 2847 ἐν
1559 2794 1758 2865 Ὀλυμο

182 2890 371 2942 πίασιν
395 2888 809 2958 ἀγωνιζομένων
836 2887 1081 2957 ἀθλητῶν
1102 2904 1160 2939 τε
1188 2889 1279 2939 καὶ
1300 2885 1759 2956 παγκρατιαστῶν

184 2981 358 3033 εἰκόσι
387 2979 732 3049 τιμωμένων,
752 2980 846 3031 καὶ
882 2979 1062 3049 μέντοι
1094 2980 1196 3031 κάν
1221 2980 1340 3041 ταῖς
1376 2977 1758 3047 ἱπποδρομίαις

182 3072 291 3125 τῶν
320 3071 632 3140 νικηφόρων
675 3069 1121 3138 ἀναξαινομένων
1168 3070 1399 3138 ἡνιόχων
1448 3068 1605 3121 τοῦτο
1631 3069 1760 3121 αὐτὸ

183 3163 490 3233 δεχομένων
516 3160 577 3213 τὸ
599 3161 788 3231 γέρας,
814 3162 886 3213 Οὐ
926 3163 1083 3231 μόνον
1112 3160 1167 3213 δέ
1204 3159 1456 3222 τούτουςσ
1483 3159 1618 3212 ἀλλά
1667 3160 1757 3212 καὶ

186 3255 472 3323 συγγενεῖς
519 3252 736 3323 ἄνδρας,
787 3254 882 3307 καὶ
940 3252 1251 3324 θηλυδρίας,
1287 3254 1379 3307 καὶ
1426 3253 1758 3322 ἀμφιϐόλους

182 3347 291 3399 εἴτε
324 3346 515 3418 ἀνδρες
544 3341 651 3397 εἷεν
694 3346 804 3398 εἴτε
866 3349 1144 3414 γυναῖκες,
1180 3347 1229 3398 oi
1266 3346 1367 3412 τῆς
1396 3345 1599 3397 τούτων
1621 3344 1757 3396 θεω-

188 3438 312 3507 ρίας
354 3436 742 3507 φιλοθεάμονες
788 3438 904 3499 ταῖς
968 3436 1176 3489 σανίσιν
1233 3437 1633 3506 ἐγγράφουσιν,
1668 3435 1759 3488 ὲπί

186 3531 444 3583 πλεῖστον
476 3528 654 3582 αὐτῶν
681 3530 777 3597 τὴν
813 3529 1033 3598 μνήμην
1081 3527 1364 3598 διαρκέσαι
1395 3526 1760 3594 φιλονεικοῦν-

185 3639 295 3684 τες.
330 3621 523 3674 Καίτοι
547 3621 643 3690 τῆς
675 3621 895 3690 μνήμης
924 3618 1103 3690 λῶὸην
1129 3621 1249 3680 ταῖς
1281 3618 1479 3688 ψυχαῖς
1503 3620 1602 3671 οὐκ
1634 3620 1759 3688 ὄνη-

188 3730 271 3765 σιν
320 3711 657 3782 ἐμποιούσης
679 3728 694 3742 ο
727 3711 838 3781 ἀλλ’
871 3714 1019 3781 ὅμως
1048 3713 1097 3763 οἱ
1139 3711 1236 3780 μὲν
1284 3710 1485 3769 τούτων
1529 3710 1760 3780 ἐρῶντες

187 3804 433 3865 τούτους,
473 3806 521 3855 οἱ
551 3803 606 3855 δὲ
668 3803 890 3856 ἐκείνων
935 3802 1195 3867 ἐκείνους,
1233 3803 1325 3855 καλ⁴
1375 3800 1543 3855 ταῦτα
1569 3802 1762 3875 λυμαί-

187 3911 400 3955 νοντας,
429 3896 493 3962 τῇ
518 3892 804 3962 ζωγραφίᾳ
834 3892 1173 3962 γεραίρουσι.
1214 3893 1321 3944 Καὶ
1354 3892 1537 3962 ἐπειδή
1566 3892 1763 3962 θνητὴν

187 3982 353 4038 οὖσαν
376 3985 405 4035 ό
426 3982 651 4046 θάνατος
678 3984 776 4055 τὴν
804 3984 963 4053 φύσιν
992 3983 1256 4053 ληῖζεται,
1278 3983 1542 4054 χρώματα
1572 4000 1765 4053 κεραν-

187 4076 397 4137 νύντες,
441 4074 533 4127 καὶ
577 4074 646 4127 τά
678 4074 899 4128 ἐκείνων
946 4077 1062 4137 ταῖς
1116 4076 1322 4128 σανίσιν
1354 4075 1650 4138 ὲντιθέντες
1696 4078 1765 4128 tv-

186 4166 462 4235 δάλματα,
493 4164 671 4235 πολλῷ
706 4166 801 4235 τῆς
834 4165 979 4232 ζωῆς
1012 4167 1356 4236 μακροτέραν
1384 4165 1634 4233 γενέσθαι
1664 4166 1763 4237 τὴν

191 4261 417 4329 μνήμην
454 4255 778 4326 σοφίζονται.
813 4257 1003 4326 Ἡμεῖς
1029 4257 1085 4310 δὲ
1108 4258 1218 4327 βίον
1244 4258 1343 4327 μὲν
1378 4260 1763 4331 συγγράψομεν

189 4348 511 4418 φιλοσοφίας
561 4347 897 4413 διδάσκαλον,
941 4350 1033 4402 καὶ
1074 4350 1171 4419 τὴν
1219 4352 1275 4402 ἐν
1326 4351 1571 4420 οὐρανοῖς
1617 4351 1766 4403 πολι-

189 4440 339 4493 τείαν
379 4439 692 4507 ἐζηλωκότα
711 4456 724 4469 ’
760 4441 1157 4512 ζωγραφοῦμεν
1186 4441 1240 4493 δὲ
1265 4442 1324 4493 οὐ
1361 4442 1467 4493 τῶν
1497 4445 1763 4511 σωμάτων

1854 1975 2112 2028 oblivioni
2141 1974 2279 2027 tradi
2306 1978 2551 2027 sinamus
2580 1974 2728 2027 viros
2748 2014 2763 2035 ,
2794 1975 2887 2041 qui
2920 1974 2975 2026 in
3019 1989 3248 2044 corpore
3280 1989 3431 2028 mor-

1861 2068 1953 2121 tali
1992 2076 2045 2122 et
2073 2067 2279 2135 ιιοι
2314 2065 2524 2135 patibili
2557 2066 3021 2134 intpatibilitalem
3046 2066 3425 2130 ostenderunt.

1857 2170 1910 2215 ct
1942 2161 2327 2228 incorpoream
2381 2157 2624 2211 aemulati
2690 2166 2820 2212 sunt
2872 2157 3163 2212 naturam?
3216 2158 3432 2227 Ecquas

1859 2268 1989 2307 vero
2025 2268 2217 2323 ptenas
2273 2268 2383 2306 non
2433 2251 2627 2305 merito
2662 2252 3009 2316 dederimus,
3049 2253 3095 2307 si
3131 2253 3427 2308 admirabi-

1858 2348 1988 2400 lium
2037 2346 2265 2402 istorum
2300 2344 2681 2399 certaminum'
2713 2345 2867 2398 nihili
2922 2344 3190 2400 faciamus
3228 2345 3431 2401 obscu-

1858 2439 1966 2491 rari
2006 2437 2361 2491 memoriam?
2411 2435 2546 2489 Nam
2602 2452 2726 2490 cum
2782 2437 2883 2505 ipsi
2926 2438 3235 2506 priscorum
3287 2452 3422 2492 sau-

1856 2539 2074 2585 ctorum
2118 2545 2388 2583 summam
2425 2530 2667 2584 aemulati
2699 2529 3143 2599 philosophiam,
3180 2544 3287 2585 non
3325 2544 3434 2585 tere
3475 2546 3479 2550 ‘

1858 2636 1920 2679 ac
1966 2622 2163 2674 litteris
2217 2620 2436 2674 illorum
2493 2620 2889 2687 insculpserint
2924 2620 3279 2685 memoriam,
3335 2621 3431 2676 sed

1857 2728 2070 2768 onmem
2117 2712 2335 2764 illorum
2396 2712 2773 2780 exprimentes
2811 2712 3112 2771 virtutem,
3160 2712 3433 2766 animatas

1858 2802 2121 2871 quasdam
2153 2816 2342 2855 eorum
2388 2801 2656 2870 imagines
2694 2809 2749 2855 et
2788 2808 3003 2855 statuas
3050 2802 3264 2870 seipsos
3302 2800 3435 2856 effe-

1857 2891 2032 2944 cerint
2067 2910 2077 2943 :
2120 2903 2369 2958 quaenam
2422 2889 2585 2942 nobis
2626 2889 2751 2957 jure
2784 2888 3005 2943 dabitur
3035 2891 3230 2952 venia,
3274 2891 3320 2945 si
3365 2904 3434 2945 ne

1860 2982 2058 3035 litteris
2098 2982 2318 3049 quidem
2374 2981 2639 3050 insignem
2679 2965 2867 3034 eorum
2916 2983 3084 3035 vitam
3130 2997 3435 3052 prosequa-

1862 3072 2020 3126 mur?
2065 3072 2232 3141 quue
2278 3086 2403 3125 cum
2439 3070 2658 3125 athletae
2684 3083 2735 3124 ct
2766 3074 3184 3139 pancratiastae,
3234 3073 3332 3143 qui
3376 3072 3432 3127 in

1860 3163 2166 3234 Olympicis
2210 3162 2536 3225 decertant,
2588 3162 2928 3217 houorentur
2980 3166 3214 3228 statuis,
3271 3172 3327 3219 et
3376 3165 3434 3219 in

1861 3270 2124 3321 equorum
2155 3255 2480 3319 curriculis,
2513 3258 2529 3275 '
2559 3255 2653 3323 qui
2696 3256 2933 3310 victores
2972 3254 3178 3311 fuerint
3231 3257 3437 3327 auriga:

1860 3348 2000 3401 idem
2064 3340 2345 3414 p'raamium
2416 3345 2707 3414 accipiant.
2795 3344 2979 3415 Neque
3055 3347 3156 3401 hos
3216 3349 3433 3412 solum,

1860 3441 1952 3493 sed
1992 3439 2285 3492 muliebres
2331 3437 2495 3491 etiam
2532 3438 2682 3492 viros
2726 3446 2781 3491 et
2831 3438 3209 3504 effeminatos,
3265 3449 3320 3495 et
3367 3440 3437 3496 de

1859 3532 2059 3601 quibus
2118 3530 2292 3585 viriue
2357 3530 2468 3583 sint
2531 3544 2599 3582 au
2656 3531 2913 3584 mulieres
2970 3532 3281 3598 incertum,
3341 3532 3434 3601 qui

1861 3623 2051 3677 horum
2109 3622 2437 3691 spectaculis
2510 3621 2883 3687 delectantur,
2961 3622 3016 3674 iu
3075 3624 3275 3677 tabulis
3340 3624 3438 3678 de-

1860 3712 2125 3781 pingunt,
2187 3706 2515 3779 illorumque
2574 3712 2890 3763 memoriam
2943 3711 3264 3781 longissimo
3303 3722 3441 3767 tem-

1862 3818 1995 3872 pore
2056 3815 2386 3855 conservare
2439 3800 2676 3855 student.
2711 3798 2775 3851 Et
2812 3801 2938 3854 licet
2999 3805 3261 3857 memoria
3320 3806 3433 3859 haec

1862 3895 2059 3948 animis
2132 3893 2395 3947 damnum
2466 3891 2690 3954 afferat,
2770 3906 2876 3946 non
2941 3895 3433 3951 emolumentum:

1862 3997 2101 4041 attamen
2147 3987 2247 4040 hos
2299 3984 2516 4054 quidem
2568 3985 2662 4054 qui
2710 3984 2811 4040 bos
2866 3994 3089 4052 amant,
3137 3987 3258 4041 illos
3307 4003 3437 4043 vero

1861 4079 1952 4146 qui
2015 4078 2169 4140 illos,
2252 4075 2503 4144 quamvis
2564 4075 2821 4127 damnum
2870 4074 3190 4136 afferentes,
3261 4077 3437 4145 pictu-

1864 4172 1941 4223 ris
2002 4170 2277 4222 honorant
2336 4184 2350 4220 :
2406 4174 2461 4219 et
2516 4167 2773 4234 quoniam
2835 4165 3123 4218 mortalem
3185 4174 3435 4239 naturam

1864 4274 2013 4313 mors
2066 4256 2435 4326 depraedatur,
2478 4253 2691 4308 colores
2748 4260 3151 4322 temperantes,
3200 4254 3433 4325 efﬁgies—

1862 4366 1966 4419 que
1994 4350 2211 4402 illorum
2246 4347 2449 4400 tabulis
2483 4348 2823 4413 imponentes
2851 4387 2866 4409 ,
2905 4346 3176 4399 rationem
3214 4349 3437 4418 excogi-

1862 4450 1978 4495 tant
2008 4456 2114 4509 qua
2175 4440 2266 4491 liat
2323 4452 2515 4491 eorum
2574 4438 2835 4490 memoria
2892 4437 3054 4507 longe
3105 4452 3270 4507 quam
3327 4440 3436 4492 vita

187 4533 314 4591 τοὺς
336 4528 713 4600 χαρακτῆρας,
742 4530 860 4582 οὐδὲ
901 4530 969 4583 τά
1016 4530 1221 4583 τούτων
1259 4531 1627 4600 ἐκτυπώματα
1652 4535 1759 4594 τοῖς

1866 4531 2201 4586 diuturnior.
2230 4527 2370 4582 -Nus
2399 4537 2582 4581 autem
2636 4528 2804 4581 vitam
2858 4529 3153 4583 scribimus
3193 4530 3437 4599 philoso-

190 4620 478 4687 ἀγνοοῦσιν
528 4621 931 4691 ἐπιδείκνυμεψ
960 4622 1097 4674 άλλά
1132 4622 1238 4674 τῶν
1287 4623 1532 4693 ἀοράτων
1579 4624 1762 4692 ψυχῶν

190 4712 288 4771 τάς
326 4710 469 4770 ἰδέας
521 4712 999 4780 σκωγραφοῦμεν,
1036 4711 1129 4763 καὶ
1181 4712 1445 4781 πολέμους
1506 4712 1764 4774 ἀθεάτους

196 4802 285 4853 καὶ
328 4800 649 4870 συμπλοκὰς
679 4803 903 4869 ἀφανεῖς
929 4800 1327 4869 ἐπιδείκνυμεν.
1367 4802 1633 4871 Τοιαύτην
1659 4804 1766 4873 γὰρ

194 4897 379 4955 αὐτοῖς
414 4896 507 4946 καὶ
557 4896 656 4964 τήν
708 4895 1035 4964 παντευχίαν
1079 4896 1107 4947 ὁ
1135 4895 1234 4962 τῆς
1265 4895 1541 4963 φάλαγγος
1588 4894 1765 4948 αὐτῶν

201 4986 503 5055 στρατηγὸς
578 4986 672 5038 καὶ
739 4984 1029 5056 πρόμαχος
1098 4985 1436 5055 περιτέθεικε
1521 4986 1763 5049 Παῦλος·

204 5095 221 5126 ι
281 5076 604 5129 ’Λναλάϐετε
634 5076 740 5146 γὰρ
766 5116 781 5140 ,
815 5076 970 5147 φησὶ,
1015 5075 1112 5145 τὴν
1164 5075 1462 5129 πανοπλίαν
1491 5076 1582 5127 τοῦ
1609 5075 1765 5141 Θεοῦ,

201 5169 286 5220 ἵνα
324 5167 592 5236 δυνηθῆτε
647 5166 963 5236 ἀντιστῆναι
1017 5168 1074 5217 ἐν
1128 5169 1193 5233 τῇ
1224 5168 1405 5239 ἡμέρᾳ
1445 5170 1510 5236 τῇ
1536 5169 1765 5237 πονηρᾷ,

202 5260 294 5310 καὶ
344 5258 560 5311 ᾶπαντα
603 5257 1076 5328 κατεργασάμενοι
1129 5256 1340 5323 στῆναι.
1379 5276 1396 5306 ι
1432 5259 1538 5309 Καὶ
1568 5260 1726 5310 πάλιν
1751 5274 1763 5289 ·

209 5368 227 5399 ι
268 5349 435 5418 Σιῆτε
464 5344 557 5401 οὖν
584 5330 1019 5417 περιζωσάμενοι
1040 5348 1139 5416 τὴν
1172 5347 1340 5412 ὀσφὺν
1369 5348 1521 5416 ὑμῶν
1559 5350 1615 5399 ἐν
1637 5348 1766 5418 ἀλη-

205 5442 346 5511 θεία,
384 5441 480 5492 καὶ
514 5440 862 5510 ἐνδυσάμενοι
895 5439 983 5493 τὸν
1020 5436 1244 5507 θώρακα
1279 5439 1376 5506 τῆς
1407 5438 1767 5509 δικαιοσύνης,

206 5534 297 5584 καὶ
320 5533 717 5601 ὑποδησάμενοι
765 5533 889 5595 τοὺς
920 5532 1084 5594 πόδας
1122 5532 1179 5582 ἐν
1214 5532 1501 5601 ἑτοιμασίᾳ
1542 5532 1636 5583 τοῦ
1670 5534 1738 5584 Εὐ

205 5623 458 5690 αγγελίου
490 5624 586 5693 τῆς
619 5626 871 5696 εἰρήνης,
914 5626 1005 5678 ἐπὶ
1054 5628 1217 5679 πᾶσιν
1271 5627 1629 5689 ἀναλαὸὀντες
1684 5627 1773 5678 τὸν

206 5715 399 5784 θυρεδν
428 5717 528 5786 τῆς
569 5717 895 5779 πίστεως,ἐν
934 5710 978 5785 ᾧ
1020 5719 1310 5787 δυνήσεσθε
1347 5722 1520 5773 πάντα
1552 5720 1616 5770 τὰ
1645 5718 1772 5789 βέλη

204 5805 298 5859 τοῦ
333 5806 570 5877 πονηροῦ
601 5807 668 5860 τὰ
704 5795 1071 5878 πεπυρωμένα
1118 5810 1325 5874 σϐέσαι,
1366 5811 1455 5862 καὶ
1486 5812 1582 5878 τήν
1624 5827 1774 5880 περι-

1868 4624 2004 4693 phiae
2049 4622 2358 4689 magistram
2390 4661 2401 4683 ,
2456 4628 2509 4672 et
2539 4634 2661 4687 quae
2697 4619 2840 4671 illam
2880 4619 3005 4673 vitae
3038 4621 3435 4675 institutionem

1866 4715 2074 4768 imitata
2131 4720 2215 4763 est
2274 4725 2398 4779 qth
2465 4710 2649 4778 agitur
2698 4708 2751 4761 iu
2802 4709 3005 4763 cadis:
3068 4709 3438 4767 describimus

1866 4813 2047 4859 autem
2074 4818 2180 4855 non
2215 4801 2419 4870 ﬁguras
2453 4815 2749 4868 corporum
2780 4840 2793 4862 ,
2827 4815 3006 4869 neque
3032 4798 3150 4854 haec
3176 4816 3439 4870 expressa

1869 4898 1937 4950 iis
1968 4894 2309 4949 Ostendimus
2342 4892 2435 4961 qui
2491 4893 2746 4946 nesciunt
2780 4910 2794 4945 :
2848 4893 2946 4946 sed
2979 4892 3186 4947 formas
3240 4893 3436 4947 invisi-

1868 4989 2056 5042 bilium
2090 4988 2401 5041 animarum
2438 4988 2859 5049 adumbramus,
2892 4994 2945 5039 et
2976 4985 3116 5039 bella
3143 4999 3263 5052 qua:
3285 4984 3439 5050 cerni

1870 5096 1977 5132 non
2018 5087 2282 5147 possunt,
2322 5079 2533 5146 1102
2564 5078 2961 5145 conﬂictusque
2992 5077 3082 5145 qui
3116 5092 3224 5129 non
3273 5090 3439 5145 appa-

1870 5181 2020 5235 rent,
2060 5171 2421 5224 ostendimus.
2452 5168 2566 5221 Tali
2603 5168 2747 5221 enim
2774 5184 2870 5223 eos
2904 5178 3182 5221 armatura
3219 5169 3436 5222 illorum

1870 5263 2153 5330 phalangis
2192 5261 2301 5314 dux
2341 5272 2395 5314 ct
2429 5262 2688 5330 princeps
2722 5259 2927 5314 Paulus
2976 5259 3155 5315 induit
3195 5261 3388 5315 dicens
3420 5278 3435 5314 :

1876 5372 1893 5404 ι
1934 5354 2179 5422 Accipite
2212 5364 2545 5406 armaturam
2584 5354 2678 5407 Dei
2708 5394 2722 5419 ,
2762 5361 2819 5406 ut
2845 5354 3070 5422 possitis
3097 5355 3354 5409 resistere
3381 5355 3438 5409 in

1871 5445 1959 5499 die
1986 5446 2162 5511 malo,
2194 5452 2247 5497 et
2281 5445 2537 5499 omnibus
2561 5445 2829 5499 confectis
2856 5452 3025 5499 stare.
3072 5463 3091 5495 ι
3120 5444 3181 5498 Ει
3206 5460 3431 5500 rursus:

1880 5556 1896 5585 I
1939 5536 2093 5589 State
2150 5536 2417 5589 succincti
2452 5536 2668 5590 lumbos
2704 5546 2916 5590 vestros
2960 5536 3220 5600 veritate,
3258 5545 3313 5590 et
3352 5536 3437 5590 in-

1873 5627 1987 5681 duti
2018 5628 2239 5681 loricam
2274 5628 2505 5695 iustitia
2530 5670 2544 5693 ,
2577 5638 2630 5683 et
2675 5628 2907 5681 calceati
2949 5627 3112 5695 pedes
3139 5626 3193 5680 in
3232 5612 3437 5697 praepa-

1875 5721 2089 5772 ratiunc
2149 5718 2429 5789 Evangelii
2488 5720 2669 5788 pacis,
2734 5720 2786 5771 in
2845 5718 3105 5772 omnibus
3157 5724 3433 5773 sumentes

1878 5824 2092 5865 scutum
2130 5810 2251 5865 [idci
2274 5852 2288 5876 ,
2326 5813 2377 5865 in
2425 5826 2534 5881 quo
2569 5812 2819 5881 poteritis
2846 5810 3031 5865 omnia
3067 5810 3171 5865 tela
3207 5807 3437 5881 maligni
