  <div class='ocr_page' id='page_1' title='image "/cluster/home/n/w/nwhite01/storage/ocr_20150623/82/nnc1.0046979700/689.png"; bbox 0 0 4206 6456; ppageno 0'>
   <div class='ocr_carea' id='block_1_1' title="bbox 749 413 879 475">
    <p class='ocr_par' dir='ltr' id='par_1_1' title="bbox 749 413 879 475">
     <span class='ocr_line' id='line_1_1' title="bbox 749 413 879 475; baseline -0.008 0"><span class='ocrx_word' id='word_1_1' title='bbox 749 413 879 475; x_wconf 71' lang='lat'><strong>1287</strong></span> 
     </span>
    </p>
   </div>
   <div class='ocr_carea' id='block_1_2' title="bbox 750 519 1316 593">
    <p class='ocr_par' dir='ltr' id='par_1_2' title="bbox 750 519 1316 593">
     <span class='ocr_line' id='line_1_2' title="bbox 750 519 1316 593; baseline -0.005 -18"><span class='ocrx_word' id='word_1_2' title='bbox 750 523 918 593; x_wconf 80' lang='lat' dir='ltr'><strong>ignita</strong></span> <span class='ocrx_word' id='word_1_3' title='bbox 964 519 1316 586; x_wconf 66' lang='lat' dir='ltr'><strong>exstinguere</strong></span> 
     </span>
    </p>
   </div>
   <div class='ocr_carea' id='block_1_3' title="bbox 746 606 2325 683">
    <p class='ocr_par' dir='ltr' id='par_1_3' title="bbox 746 606 2325 683">
     <span class='ocr_line' id='line_1_3' title="bbox 746 606 2325 683; baseline -0.007 -13"><span class='ocrx_word' id='word_1_4' title='bbox 746 626 802 670; x_wconf 88' lang='lat' dir='ltr'><strong>et</strong></span> <span class='ocrx_word' id='word_1_5' title='bbox 831 615 1068 683; x_wconf 72' lang='lat' dir='ltr'><strong>gladium</strong></span> <span class='ocrx_word' id='word_1_6' title='bbox 1105 612 1333 681; x_wconf 76' lang='lat' dir='ltr'><strong>spiritus</strong></span> <span class='ocrx_word' id='word_1_7' title='bbox 1354 651 1367 673; x_wconf 93' lang='lat'><strong>,</strong></span> <span class='ocrx_word' id='word_1_8' title='bbox 1403 610 1550 678; x_wconf 91' lang='lat' dir='ltr'><strong>quod</strong></span> <span class='ocrx_word' id='word_1_9' title='bbox 1587 618 1670 663; x_wconf 87' lang='lat' dir='ltr'><strong>est</strong></span> <span class='ocrx_word' id='word_1_10' title='bbox 1698 608 1924 663; x_wconf 88' lang='lat' dir='ltr'><strong>verbum</strong></span> <span class='ocrx_word' id='word_1_11' title='bbox 1960 607 2051 662; x_wconf 83' lang='lat' dir='ltr'><strong>Dei</strong></span> <span class='ocrx_word' id='word_1_12' title='bbox 2081 620 2129 662; x_wconf 76' lang='grc' dir='ltr'>ιι.</span> <span class='ocrx_word' id='word_1_13' title='bbox 2156 626 2173 655; x_wconf 73' lang='grc' dir='ltr'><strong>ι</strong></span> <span class='ocrx_word' id='word_1_14' title='bbox 2211 606 2325 659; x_wconf 86' lang='lat' dir='ltr'><strong>llac</strong></span> 
     </span>
    </p>
   </div>
   <div class='ocr_carea' id='block_1_4' title="bbox 749 700 2324 771">
    <p class='ocr_par' dir='ltr' id='par_1_4' title="bbox 749 700 2324 771">
     <span class='ocr_line' id='line_1_4' title="bbox 749 700 2324 771; baseline -0.006 -11"><span class='ocrx_word' id='word_1_15' title='bbox 749 708 872 760; x_wconf 74' lang='lat' dir='ltr'><strong>illos</strong></span> <span class='ocrx_word' id='word_1_16' title='bbox 911 714 1191 757; x_wconf 84' lang='lat' dir='ltr'><strong>armatura</strong></span> <span class='ocrx_word' id='word_1_17' title='bbox 1236 720 1360 755; x_wconf 78' lang='lat' dir='ltr'><strong>cum</strong></span> <span class='ocrx_word' id='word_1_18' title='bbox 1394 702 1701 763; x_wconf 91' lang='lat' dir='ltr'><strong>induisset.</strong></span> <span class='ocrx_word' id='word_1_19' title='bbox 1750 701 2007 771; x_wconf 81' lang='lat' dir='ltr'><strong>produxit</strong></span> <span class='ocrx_word' id='word_1_20' title='bbox 2039 700 2103 753; x_wconf 91' lang='lat' dir='ltr'><strong>ad</strong></span> <span class='ocrx_word' id='word_1_21' title='bbox 2144 714 2324 751; x_wconf 80' lang='lat' dir='ltr'><strong>certa-</strong></span> 
     </span>
    </p>
   </div>
   <div class='ocr_carea' id='block_1_5' title="bbox 749 789 2297 860">
    <p class='ocr_par' dir='ltr' id='par_1_5' title="bbox 749 789 2297 860">
     <span class='ocr_line' id='line_1_5' title="bbox 749 789 2297 860; baseline -0.004 -13"><span class='ocrx_word' id='word_1_22' title='bbox 749 796 920 848; x_wconf 88' lang='lat' dir='ltr'><strong>mina.</strong></span> <span class='ocrx_word' id='word_1_23' title='bbox 958 793 1109 847; x_wconf 78' lang='lat' dir='ltr'><strong>Talis</strong></span> <span class='ocrx_word' id='word_1_24' title='bbox 1136 793 1281 846; x_wconf 91' lang='lat' dir='ltr'><strong>enim</strong></span> <span class='ocrx_word' id='word_1_25' title='bbox 1316 801 1400 847; x_wconf 90' lang='lat' dir='ltr'><strong>est</strong></span> <span class='ocrx_word' id='word_1_26' title='bbox 1443 792 1680 845; x_wconf 91' lang='lat' dir='ltr'><strong>hostium</strong></span> <span class='ocrx_word' id='word_1_27' title='bbox 1719 806 1945 860; x_wconf 90' lang='lat' dir='ltr'><strong>quoque</strong></span> <span class='ocrx_word' id='word_1_28' title='bbox 1984 798 2175 843; x_wconf 89' lang='lat' dir='ltr'><strong>natura</strong></span> <span class='ocrx_word' id='word_1_29' title='bbox 2199 829 2213 850; x_wconf 92' lang='lat'><strong>,</strong></span> <span class='ocrx_word' id='word_1_30' title='bbox 2245 789 2297 841; x_wconf 91' lang='lat' dir='ltr'><strong>in</strong></span> 
     </span>
    </p>
   </div>
   <div class='ocr_carea' id='block_1_6' title="bbox 749 883 2322 955">
    <p class='ocr_par' dir='ltr' id='par_1_6' title="bbox 749 883 2322 955">
     <span class='ocr_line' id='line_1_6' title="bbox 749 883 2322 955; baseline -0.005 -15"><span class='ocrx_word' id='word_1_31' title='bbox 749 900 1009 955; x_wconf 85' lang='lat' dir='ltr'><strong>corporea</strong></span> <span class='ocrx_word' id='word_1_32' title='bbox 1032 926 1045 949; x_wconf 90' lang='lat'><strong>,</strong></span> <span class='ocrx_word' id='word_1_33' title='bbox 1080 885 1409 948; x_wconf 90' lang='lat' dir='ltr'><strong>invisibilis,</strong></span> <span class='ocrx_word' id='word_1_34' title='bbox 1456 884 1696 937; x_wconf 80' lang='lat' dir='ltr'><strong>obscure</strong></span> <span class='ocrx_word' id='word_1_35' title='bbox 1746 883 2014 936; x_wconf 78' lang='lat' dir='ltr'><strong>invadens</strong></span> <span class='ocrx_word' id='word_1_36' title='bbox 2042 924 2055 947; x_wconf 92' lang='lat'><strong>,</strong></span> <span class='ocrx_word' id='word_1_37' title='bbox 2096 884 2322 933; x_wconf 80' lang='lat' dir='ltr'><strong>clancu-</strong></span> 
     </span>
    </p>
   </div>
   <div class='ocr_carea' id='block_1_7' title="bbox 750 973 2324 1045">
    <p class='ocr_par' dir='ltr' id='par_1_7' title="bbox 750 973 2324 1045">
     <span class='ocr_line' id='line_1_7' title="bbox 750 973 2324 1045; baseline -0.006 -13"><span class='ocrx_word' id='word_1_38' title='bbox 750 980 861 1032; x_wconf 87' lang='lat' dir='ltr'><strong>lum</strong></span> <span class='ocrx_word' id='word_1_39' title='bbox 897 977 1170 1031; x_wconf 77' lang='lat' dir='ltr'><strong>insidians</strong></span> <span class='ocrx_word' id='word_1_40' title='bbox 1197 1018 1210 1039; x_wconf 91' lang='lat'><strong>,</strong></span> <span class='ocrx_word' id='word_1_41' title='bbox 1256 983 1483 1045; x_wconf 82' lang='lat' dir='ltr'><strong>repente</strong></span> <span class='ocrx_word' id='word_1_42' title='bbox 1517 990 1580 1029; x_wconf 90' lang='lat' dir='ltr'><strong>ac</strong></span> <span class='ocrx_word' id='word_1_43' title='bbox 1615 984 1813 1044; x_wconf 68' lang='lat' dir='ltr'><strong>praeter</strong></span> <span class='ocrx_word' id='word_1_44' title='bbox 1854 973 2324 1042; x_wconf 75' lang='lat' dir='ltr'><strong>exspectationem</strong></span> 
     </span>
    </p>
   </div>
   <div class='ocr_carea' id='block_1_8' title="bbox 751 1062 2327 1133">
    <p class='ocr_par' dir='ltr' id='par_1_8' title="bbox 751 1062 2327 1133">
     <span class='ocr_line' id='line_1_8' title="bbox 751 1062 2327 1133; baseline -0.006 -11"><span class='ocrx_word' id='word_1_45' title='bbox 751 1070 987 1123; x_wconf 90' lang='lat' dir='ltr'><strong>irruens.</strong></span> <span class='ocrx_word' id='word_1_46' title='bbox 1028 1067 1181 1131; x_wconf 87' lang='lat' dir='ltr'><strong>Quod</strong></span> <span class='ocrx_word' id='word_1_47' title='bbox 1209 1064 1389 1133; x_wconf 83' lang='lat' dir='ltr'><strong>ipsum</strong></span> <span class='ocrx_word' id='word_1_48' title='bbox 1432 1066 1594 1119; x_wconf 91' lang='lat' dir='ltr'><strong>etiam</strong></span> <span class='ocrx_word' id='word_1_49' title='bbox 1636 1066 1744 1117; x_wconf 82' lang='lat' dir='ltr'><strong>dux</strong></span> <span class='ocrx_word' id='word_1_50' title='bbox 1774 1065 1913 1117; x_wconf 89' lang='lat' dir='ltr'><strong>idem</strong></span> <span class='ocrx_word' id='word_1_51' title='bbox 1946 1062 2152 1116; x_wconf 90' lang='lat' dir='ltr'><strong>docens</strong></span> <span class='ocrx_word' id='word_1_52' title='bbox 2178 1062 2327 1115; x_wconf 89' lang='lat' dir='ltr'><strong>dice-</strong></span> 
     </span>
    </p>
   </div>
   <div class='ocr_carea' id='block_1_9' title="bbox 751 1155 2324 1213">
    <p class='ocr_par' dir='ltr' id='par_1_9' title="bbox 751 1155 2324 1213">
     <span class='ocr_line' id='line_1_9' title="bbox 751 1155 2324 1213; baseline -0.005 0"><span class='ocrx_word' id='word_1_53' title='bbox 751 1158 845 1213; x_wconf 89' lang='lat' dir='ltr'><strong>bat</strong></span> <span class='ocrx_word' id='word_1_54' title='bbox 884 1178 895 1212; x_wconf 91' lang='lat'><strong>:</strong></span> <span class='ocrx_word' id='word_1_55' title='bbox 939 1178 957 1209; x_wconf 83' lang='grc' dir='ltr'><strong>ι</strong></span> <span class='ocrx_word' id='word_1_56' title='bbox 1004 1157 1118 1210; x_wconf 84' lang='grc' dir='ltr'>Νοιι</span> <span class='ocrx_word' id='word_1_57' title='bbox 1148 1165 1231 1209; x_wconf 90' lang='lat' dir='ltr'><strong>est</strong></span> <span class='ocrx_word' id='word_1_58' title='bbox 1264 1156 1421 1210; x_wconf 91' lang='lat' dir='ltr'><strong>nobis</strong></span> <span class='ocrx_word' id='word_1_59' title='bbox 1460 1156 1775 1207; x_wconf 77' lang='lat' dir='ltr'><strong>colluctatio</strong></span> <span class='ocrx_word' id='word_1_60' title='bbox 1815 1155 2077 1207; x_wconf 82' lang='lat' dir='ltr'><strong>adversus</strong></span> <span class='ocrx_word' id='word_1_61' title='bbox 2105 1168 2324 1206; x_wconf 87' lang='lat' dir='ltr'><strong>carnem</strong></span> 
     </span>
    </p>
   </div>
   <div class='ocr_carea' id='block_1_10' title="bbox 749 1230 2327 1319">
    <p class='ocr_par' dir='ltr' id='par_1_10' title="bbox 749 1230 2327 1319">
     <span class='ocr_line' id='line_1_10' title="bbox 749 1230 2327 1319; baseline -0.005 -14"><span class='ocrx_word' id='word_1_62' title='bbox 749 1261 804 1305; x_wconf 90' lang='lat' dir='ltr'><strong>et</strong></span> <span class='ocrx_word' id='word_1_63' title='bbox 839 1250 1197 1319; x_wconf 82' lang='lat' dir='ltr'><strong>sanguinem,</strong></span> <span class='ocrx_word' id='word_1_64' title='bbox 1245 1248 1340 1302; x_wconf 90' lang='lat' dir='ltr'><strong>sed</strong></span> <span class='ocrx_word' id='word_1_65' title='bbox 1372 1230 1647 1301; x_wconf 80' lang='lat' dir='ltr'><strong>adversus</strong></span> <span class='ocrx_word' id='word_1_66' title='bbox 1694 1245 1977 1315; x_wconf 86' lang='lat' dir='ltr'><strong>principes</strong></span> <span class='ocrx_word' id='word_1_67' title='bbox 2009 1286 2022 1307; x_wconf 91' lang='lat'><strong>,</strong></span> <span class='ocrx_word' id='word_1_68' title='bbox 2062 1245 2327 1297; x_wconf 84' lang='lat' dir='ltr'><strong>adversus</strong></span> 
     </span>
    </p>
   </div>
   <div class='ocr_carea' id='block_1_11' title="bbox 750 1338 2326 1410">
    <p class='ocr_par' dir='ltr' id='par_1_11' title="bbox 750 1338 2326 1410">
     <span class='ocr_line' id='line_1_11' title="bbox 750 1338 2326 1410; baseline -0.003 -18"><span class='ocrx_word' id='word_1_69' title='bbox 750 1349 1084 1410; x_wconf 85' lang='lat' dir='ltr'><strong>potestates,</strong></span> <span class='ocrx_word' id='word_1_70' title='bbox 1123 1340 1390 1393; x_wconf 89' lang='lat' dir='ltr'><strong>adversus</strong></span> <span class='ocrx_word' id='word_1_71' title='bbox 1446 1338 1634 1390; x_wconf 89' lang='lat' dir='ltr'><strong>mundi</strong></span> <span class='ocrx_word' id='word_1_72' title='bbox 1682 1347 1929 1391; x_wconf 88' lang='lat' dir='ltr'><strong>rectores</strong></span> <span class='ocrx_word' id='word_1_73' title='bbox 1976 1338 2326 1391; x_wconf 80' lang='lat' dir='ltr'><strong>tenebrarum</strong></span> 
     </span>
    </p>
   </div>
   <div class='ocr_carea' id='block_1_12' title="bbox 753 1429 2327 1499">
    <p class='ocr_par' dir='ltr' id='par_1_12' title="bbox 753 1429 2327 1499">
     <span class='ocr_line' id='line_1_12' title="bbox 753 1429 2327 1499; baseline -0.001 -16"><span class='ocrx_word' id='word_1_74' title='bbox 753 1432 917 1498; x_wconf 86' lang='lat' dir='ltr'><strong>bujus</strong></span> <span class='ocrx_word' id='word_1_75' title='bbox 993 1430 1217 1491; x_wconf 71' lang='lat' dir='ltr'><strong>smculi,</strong></span> <span class='ocrx_word' id='word_1_76' title='bbox 1295 1430 1565 1483; x_wconf 90' lang='lat' dir='ltr'><strong>adversus</strong></span> <span class='ocrx_word' id='word_1_77' title='bbox 1626 1430 1897 1498; x_wconf 63' lang='lat' dir='ltr'><strong>Spiritalia</strong></span> <span class='ocrx_word' id='word_1_78' title='bbox 1959 1429 2220 1499; x_wconf 73' lang='lat' dir='ltr'><strong>nequitia:</strong></span> <span class='ocrx_word' id='word_1_79' title='bbox 2274 1430 2327 1481; x_wconf 93' lang='lat' dir='ltr'><strong>iu</strong></span> 
     </span>
    </p>
   </div>
   <div class='ocr_carea' id='block_1_13' title="bbox 753 1523 1202 1577">
    <p class='ocr_par' dir='ltr' id='par_1_13' title="bbox 753 1523 1202 1577">
     <span class='ocr_line' id='line_1_13' title="bbox 753 1523 1202 1577; baseline -0.007 0"><span class='ocrx_word' id='word_1_80' title='bbox 753 1524 1069 1577; x_wconf 73' lang='lat' dir='ltr'><strong>cmlestibus</strong></span> <span class='ocrx_word' id='word_1_81' title='bbox 1101 1523 1150 1577; x_wconf 70' lang='grc' dir='ltr'><strong>ι).</strong></span> <span class='ocrx_word' id='word_1_82' title='bbox 1184 1543 1202 1574; x_wconf 84' lang='grc'><strong>)</strong></span> 
     </span>
    </p>
   </div>
   <div class='ocr_carea' id='block_1_14' title="bbox 821 1609 2331 1666">
    <p class='ocr_par' dir='ltr' id='par_1_14' title="bbox 821 1609 2331 1666">
     <span class='ocr_line' id='line_1_14' title="bbox 821 1609 2331 1666; baseline -0.001 -2"><span class='ocrx_word' id='word_1_83' title='bbox 821 1617 838 1631; x_wconf 85' lang='grc'><strong>⁹</strong></span> <span class='ocrx_word' id='word_1_84' title='bbox 858 1613 1109 1665; x_wconf 79' lang='lat' dir='ltr'><strong>Attamen</strong></span> <span class='ocrx_word' id='word_1_85' title='bbox 1137 1628 1259 1666; x_wconf 90' lang='lat' dir='ltr'><strong>cum</strong></span> <span class='ocrx_word' id='word_1_86' title='bbox 1285 1613 1421 1666; x_wconf 89' lang='lat' dir='ltr'><strong>tales</strong></span> <span class='ocrx_word' id='word_1_87' title='bbox 1447 1612 1634 1664; x_wconf 81' lang='lat' dir='ltr'><strong>hostes</strong></span> <span class='ocrx_word' id='word_1_88' title='bbox 1665 1610 1892 1664; x_wconf 83' lang='lat' dir='ltr'><strong>haberet</strong></span> <span class='ocrx_word' id='word_1_89' title='bbox 1937 1609 2165 1663; x_wconf 87' lang='lat' dir='ltr'><strong>istorum</strong></span> <span class='ocrx_word' id='word_1_90' title='bbox 2199 1623 2331 1663; x_wconf 85' lang='lat' dir='ltr'><strong>cou-</strong></span> 
     </span>
    </p>
   </div>
   <div class='ocr_carea' id='block_1_15' title="bbox 754 1701 2331 1771">
    <p class='ocr_par' dir='ltr' id='par_1_15' title="bbox 754 1701 2331 1771">
     <span class='ocr_line' id='line_1_15' title="bbox 754 1701 2331 1771; baseline -0.001 -17"><span class='ocrx_word' id='word_1_91' title='bbox 754 1704 1031 1771; x_wconf 78' lang='lat' dir='ltr'><strong>gregutio,</strong></span> <span class='ocrx_word' id='word_1_92' title='bbox 1065 1712 1159 1755; x_wconf 90' lang='lat' dir='ltr'><strong>aut</strong></span> <span class='ocrx_word' id='word_1_93' title='bbox 1193 1703 1574 1769; x_wconf 81' lang='lat' dir='ltr'><strong>unusquisque</strong></span> <span class='ocrx_word' id='word_1_94' title='bbox 1629 1701 1813 1770; x_wconf 90' lang='lat' dir='ltr'><strong>potius</strong></span> <span class='ocrx_word' id='word_1_95' title='bbox 1859 1716 2047 1754; x_wconf 89' lang='lat' dir='ltr'><strong>eorum</strong></span> <span class='ocrx_word' id='word_1_96' title='bbox 2094 1717 2125 1754; x_wconf 88' lang='lat' dir='ltr'><strong>a</strong></span> <span class='ocrx_word' id='word_1_97' title='bbox 2166 1709 2248 1753; x_wconf 90' lang='lat' dir='ltr'><strong>tot</strong></span> <span class='ocrx_word' id='word_1_98' title='bbox 2277 1708 2331 1753; x_wconf 89' lang='lat' dir='ltr'><strong>et</strong></span> 
     </span>
    </p>
   </div>
   <div class='ocr_carea' id='block_1_16' title="bbox 755 1791 2330 1861">
    <p class='ocr_par' dir='ltr' id='par_1_16' title="bbox 755 1791 2330 1861">
     <span class='ocr_line' id='line_1_16' title="bbox 755 1791 2330 1861; baseline 0.001 -15"><span class='ocrx_word' id='word_1_99' title='bbox 755 1793 923 1847; x_wconf 90' lang='lat' dir='ltr'><strong>tantis</strong></span> <span class='ocrx_word' id='word_1_100' title='bbox 985 1792 1232 1845; x_wconf 85' lang='lat' dir='ltr'><strong>hostibus</strong></span> <span class='ocrx_word' id='word_1_101' title='bbox 1283 1791 1597 1860; x_wconf 76' lang='lat' dir='ltr'><strong>cingeretur</strong></span> <span class='ocrx_word' id='word_1_102' title='bbox 1646 1810 1657 1844; x_wconf 97' lang='lat'><strong>:</strong></span> <span class='ocrx_word' id='word_1_103' title='bbox 1718 1806 1897 1861; x_wconf 89' lang='lat' dir='ltr'><strong>neque</strong></span> <span class='ocrx_word' id='word_1_104' title='bbox 1941 1792 2085 1845; x_wconf 88' lang='lat' dir='ltr'><strong>enim</strong></span> <span class='ocrx_word' id='word_1_105' title='bbox 2138 1808 2330 1847; x_wconf 88' lang='lat' dir='ltr'><strong>omnes</strong></span> 
     </span>
    </p>
   </div>
   <div class='ocr_carea' id='block_1_17' title="bbox 1733 399 2985 463">
    <p class='ocr_par' dir='ltr' id='par_1_17' title="bbox 1733 399 2985 463">
     <span class='ocr_line' id='line_1_17' title="bbox 1733 399 2985 463; baseline 0.002 -2"><span class='ocrx_word' id='word_1_106' title='bbox 1733 400 2220 461; x_wconf 69' lang='lat' dir='ltr'><strong>THI&#39;JODORETI</strong></span> <span class='ocrx_word' id='word_1_107' title='bbox 2243 399 2581 459; x_wconf 69' lang='lat' dir='ltr'><strong>EPISCUPI</strong></span> <span class='ocrx_word' id='word_1_108' title='bbox 2620 399 2985 463; x_wconf 76' lang='lat' dir='ltr'><strong>CYRENSIS</strong></span> 
     </span>
    </p>
   </div>
   <div class='ocr_carea' id='block_1_18' title="bbox 1372 515 2340 597">
    <p class='ocr_par' dir='ltr' id='par_1_18' title="bbox 1372 516 2315 587">
     <span class='ocr_line' id='line_1_18' title="bbox 1372 516 2315 587; baseline -0.002 -16"><span class='ocrx_word' id='word_1_109' title='bbox 1372 536 1385 571; x_wconf 91' lang='lat'><strong>:</strong></span> <span class='ocrx_word' id='word_1_110' title='bbox 1427 524 1481 572; x_wconf 88' lang='lat' dir='ltr'><strong>et</strong></span> <span class='ocrx_word' id='word_1_111' title='bbox 1522 516 1732 587; x_wconf 79' lang='lat' dir='ltr'><strong>galeam</strong></span> <span class='ocrx_word' id='word_1_112' title='bbox 1785 516 1982 571; x_wconf 85' lang='lat' dir='ltr'><strong>salutis</strong></span> <span class='ocrx_word' id='word_1_113' title='bbox 2015 516 2315 573; x_wconf 88' lang='lat' dir='ltr'><strong>assumite.</strong></span> 
     </span>
    </p>
   </div>
   <div class='ocr_carea' id='block_1_19' title="bbox 2442 515 4016 597">
    <p class='ocr_par' dir='ltr' id='par_1_19' title="bbox 2442 515 4016 597">
     <span class='ocr_line' id='line_1_19' title="bbox 2442 515 4016 597; baseline 0.003 -30"><span class='ocrx_word' id='word_1_114' title='bbox 2442 515 2727 583; x_wconf 80' lang='grc' dir='ltr'>ιεφαλαίαν</span> <span class='ocrx_word' id='word_1_115' title='bbox 2755 518 2847 570; x_wconf 80' lang='grc' dir='ltr'>τοῦ</span> <span class='ocrx_word' id='word_1_116' title='bbox 2882 518 3151 590; x_wconf 79' lang='grc' dir='ltr'><strong>σωτηρίου</strong></span> <span class='ocrx_word' id='word_1_117' title='bbox 3183 519 3458 583; x_wconf 80' lang='grc' dir='ltr'>δέξασθαι,</span> <span class='ocrx_word' id='word_1_118' title='bbox 3489 519 3583 574; x_wconf 71' lang='grc' dir='ltr'>καὶ</span> <span class='ocrx_word' id='word_1_119' title='bbox 3611 519 3709 589; x_wconf 64' lang='grc' dir='ltr'>τὴν</span> <span class='ocrx_word' id='word_1_120' title='bbox 3733 537 4016 597; x_wconf 74' lang='grc' dir='ltr'>μαχαιραν</span> 
     </span>
    </p>
   </div>
   <div class='ocr_carea' id='block_1_20' title="bbox 3875 406 4017 469">
    <p class='ocr_par' dir='ltr' id='par_1_20' title="bbox 3875 406 4017 469">
     <span class='ocr_line' id='line_1_20' title="bbox 3875 406 4017 469; baseline 0.014 -4"><span class='ocrx_word' id='word_1_121' title='bbox 3875 406 3890 465; x_wconf 74' lang='grc'>1</span> <span class='ocrx_word' id='word_1_122' title='bbox 3903 409 4017 469; x_wconf 70' lang='grc'><strong>283</strong></span> 
     </span>
    </p>
   </div>
   <div class='ocr_carea' id='block_1_21' title="bbox 2431 606 4012 689">
    <p class='ocr_par' dir='ltr' id='par_1_21' title="bbox 2431 606 4012 689">
     <span class='ocr_line' id='line_1_21' title="bbox 2431 606 4012 689; baseline 0.004 -30"><span class='ocrx_word' id='word_1_123' title='bbox 2431 606 2526 660; x_wconf 73' lang='grc' dir='ltr'>τοῦ</span> <span class='ocrx_word' id='word_1_124' title='bbox 2561 612 2892 679; x_wconf 83' lang='grc' dir='ltr'>πνεύματος,</span> <span class='ocrx_word' id='word_1_125' title='bbox 2925 611 2952 663; x_wconf 88' lang='grc' dir='ltr'><strong>ὃ</strong></span> <span class='ocrx_word' id='word_1_126' title='bbox 2977 613 3099 663; x_wconf 75' lang='grc' dir='ltr'>’ἐστι</span> <span class='ocrx_word' id='word_1_127' title='bbox 3152 614 3302 683; x_wconf 81' lang='grc' dir='ltr'>ῥῆμα</span> <span class='ocrx_word' id='word_1_128' title='bbox 3332 612 3489 666; x_wconf 80' lang='grc' dir='ltr'><strong>Θεοῦ.</strong></span> <span class='ocrx_word' id='word_1_129' title='bbox 3525 634 3542 665; x_wconf 73' lang='grc' dir='ltr'><strong>ι</strong></span> <span class='ocrx_word' id='word_1_130' title='bbox 3571 614 3790 689; x_wconf 53' lang='grc' dir='ltr'>Ταύτην</span> <span class='ocrx_word' id='word_1_131' title='bbox 3810 614 4012 675; x_wconf 70' lang='grc' dir='ltr'>αὐτοὺς</span> 
     </span>
    </p>
   </div>
   <div class='ocr_carea' id='block_1_22' title="bbox 2429 688 4008 775">
    <p class='ocr_par' dir='ltr' id='par_1_22' title="bbox 2429 688 4008 775">
     <span class='ocr_line' id='line_1_22' title="bbox 2429 688 4008 775; baseline 0.006 -25"><span class='ocrx_word' id='word_1_132' title='bbox 2429 699 2529 769; x_wconf 80' lang='grc' dir='ltr'>τὴν</span> <span class='ocrx_word' id='word_1_133' title='bbox 2552 702 2858 755; x_wconf 78' lang='grc' dir='ltr'><strong>πανοπλίαν</strong></span> <span class='ocrx_word' id='word_1_134' title='bbox 2891 703 3116 767; x_wconf 82' lang='grc' dir='ltr'>ὲνὸύσας</span> <span class='ocrx_word' id='word_1_135' title='bbox 3152 707 3232 767; x_wconf 87' lang='grc' dir='ltr'><strong>εἰς</strong></span> <span class='ocrx_word' id='word_1_136' title='bbox 3282 705 3409 767; x_wconf 82' lang='grc' dir='ltr'>τοὺς</span> <span class='ocrx_word' id='word_1_137' title='bbox 3459 688 3691 773; x_wconf 43' lang='grc' dir='ltr'>ἀγῶνας.</span> <span class='ocrx_word' id='word_1_138' title='bbox 3719 708 4008 775; x_wconf 73' lang='grc' dir='ltr'><strong>εἰσήγαγε.</strong></span> 
     </span>
    </p>
   </div>
   <div class='ocr_carea' id='block_1_23' title="bbox 2431 789 4009 864">
    <p class='ocr_par' dir='ltr' id='par_1_23' title="bbox 2431 789 4009 864">
     <span class='ocr_line' id='line_1_23' title="bbox 2431 789 4009 864; baseline 0.005 -24"><span class='ocrx_word' id='word_1_139' title='bbox 2431 789 2667 861; x_wconf 75' lang='grc' dir='ltr'><strong>Τοιαύτη</strong></span> <span class='ocrx_word' id='word_1_140' title='bbox 2696 791 2805 862; x_wconf 78' lang='grc' dir='ltr'>γὰρ</span> <span class='ocrx_word' id='word_1_141' title='bbox 2836 793 2929 845; x_wconf 75' lang='grc' dir='ltr'>καὶ</span> <span class='ocrx_word' id='word_1_142' title='bbox 2958 793 3068 845; x_wconf 87' lang='grc' dir='ltr'><strong>τῶν</strong></span> <span class='ocrx_word' id='word_1_143' title='bbox 3118 794 3392 864; x_wconf 83' lang='grc' dir='ltr'>πολεμίων</span> <span class='ocrx_word' id='word_1_144' title='bbox 3424 797 3455 863; x_wconf 77' lang='grc' dir='ltr'><strong>ἡ</strong></span> <span class='ocrx_word' id='word_1_145' title='bbox 3484 796 3663 864; x_wconf 73' lang='grc' dir='ltr'>φύσις,</span> <span class='ocrx_word' id='word_1_146' title='bbox 3690 796 4009 864; x_wconf 82' lang='grc' dir='ltr'>ἀσώματος,</span> 
     </span>
    </p>
   </div>
   <div class='ocr_carea' id='block_1_24' title="bbox 2433 880 4012 956">
    <p class='ocr_par' dir='ltr' id='par_1_24' title="bbox 2433 880 4012 956">
     <span class='ocr_line' id='line_1_24' title="bbox 2433 880 4012 956; baseline 0.004 -23"><span class='ocrx_word' id='word_1_147' title='bbox 2433 880 2687 951; x_wconf 85' lang='grc' dir='ltr'>ἀόρατος,</span> <span class='ocrx_word' id='word_1_148' title='bbox 2722 882 2943 952; x_wconf 75' lang='grc' dir='ltr'>ἀφανῶς</span> <span class='ocrx_word' id='word_1_149' title='bbox 2996 884 3245 947; x_wconf 80' lang='grc' dir='ltr'>ἐπιοῦσα,</span> <span class='ocrx_word' id='word_1_150' title='bbox 3286 885 3526 956; x_wconf 75' lang='grc' dir='ltr'>κρύϐδην</span> <span class='ocrx_word' id='word_1_151' title='bbox 3559 886 4012 947; x_wconf 72' lang='grc' dir='ltr'>ἐπιϐουλεύουσα,</span> 
     </span>
    </p>
   </div>
   <div class='ocr_carea' id='block_1_25' title="bbox 2432 972 4016 1050">
    <p class='ocr_par' dir='ltr' id='par_1_25' title="bbox 2432 972 4016 1050">
     <span class='ocr_line' id='line_1_25' title="bbox 2432 972 4016 1050; baseline 0.004 -27"><span class='ocrx_word' id='word_1_152' title='bbox 2432 972 2645 1041; x_wconf 82' lang='grc' dir='ltr'>λοχῶσα</span> <span class='ocrx_word' id='word_1_153' title='bbox 2697 977 2789 1027; x_wconf 79' lang='grc' dir='ltr'>καὶ</span> <span class='ocrx_word' id='word_1_154' title='bbox 2840 975 3170 1041; x_wconf 77' lang='grc' dir='ltr'><strong>ἐξαπιναίως</strong></span> <span class='ocrx_word' id='word_1_155' title='bbox 3218 978 3653 1050; x_wconf 67' lang='grc' dir='ltr'>προσϐάλλουσα.</span> <span class='ocrx_word' id='word_1_156' title='bbox 3690 980 3799 1031; x_wconf 75' lang='grc' dir='ltr'><strong>Καὶ</strong></span> <span class='ocrx_word' id='word_1_157' title='bbox 3850 974 4016 1031; x_wconf 73' lang='grc' dir='ltr'>τοῦτο</span> 
     </span>
    </p>
   </div>
   <div class='ocr_carea' id='block_1_26' title="bbox 2433 1063 4019 1139">
    <p class='ocr_par' dir='ltr' id='par_1_26' title="bbox 2433 1063 4019 1139">
     <span class='ocr_line' id='line_1_26' title="bbox 2433 1063 4019 1139; baseline 0.002 -22"><span class='ocrx_word' id='word_1_158' title='bbox 2433 1063 2701 1117; x_wconf 72' lang='grc' dir='ltr'>διδάσκων</span> <span class='ocrx_word' id='word_1_159' title='bbox 2757 1067 2918 1130; x_wconf 80' lang='grc' dir='ltr'>αὐτὸς</span> <span class='ocrx_word' id='word_1_160' title='bbox 2960 1063 3115 1131; x_wconf 63' lang='grc' dir='ltr'>οὗτος</span> <span class='ocrx_word' id='word_1_161' title='bbox 3162 1070 3190 1121; x_wconf 81' lang='grc' dir='ltr'>ὁ</span> <span class='ocrx_word' id='word_1_162' title='bbox 3232 1071 3533 1139; x_wconf 73' lang='grc' dir='ltr'>στρατηγὸς</span> <span class='ocrx_word' id='word_1_163' title='bbox 3578 1071 3761 1139; x_wconf 77' lang='grc' dir='ltr'>ἔλεγεν</span> <span class='ocrx_word' id='word_1_164' title='bbox 3788 1087 3800 1098; x_wconf 95' lang='grc'><strong>·</strong></span> <span class='ocrx_word' id='word_1_165' title='bbox 3842 1090 3860 1121; x_wconf 77' lang='grc' dir='ltr'><strong>ι</strong></span> <span class='ocrx_word' id='word_1_166' title='bbox 3897 1071 4019 1122; x_wconf 79' lang='grc' dir='ltr'><strong>Ούκ</strong></span> 
     </span>
    </p>
   </div>
   <div class='ocr_carea' id='block_1_27' title="bbox 2436 1156 4020 1232">
    <p class='ocr_par' dir='ltr' id='par_1_27' title="bbox 2436 1156 4020 1232">
     <span class='ocr_line' id='line_1_27' title="bbox 2436 1156 4020 1232; baseline 0.006 -23"><span class='ocrx_word' id='word_1_167' title='bbox 2436 1156 2587 1211; x_wconf 73' lang='grc' dir='ltr'>ἔστιν</span> <span class='ocrx_word' id='word_1_168' title='bbox 2608 1160 2742 1228; x_wconf 79' lang='grc' dir='ltr'>ἡμῖν</span> <span class='ocrx_word' id='word_1_169' title='bbox 2765 1161 2797 1229; x_wconf 84' lang='grc' dir='ltr'>ἠ</span> <span class='ocrx_word' id='word_1_170' title='bbox 2822 1160 2966 1230; x_wconf 83' lang='grc' dir='ltr'>πάλη</span> <span class='ocrx_word' id='word_1_171' title='bbox 3002 1162 3139 1231; x_wconf 75' lang='grc' dir='ltr'>πρὸς</span> <span class='ocrx_word' id='word_1_172' title='bbox 3176 1157 3315 1231; x_wconf 74' lang='grc' dir='ltr'>αἷμα</span> <span class='ocrx_word' id='word_1_173' title='bbox 3350 1163 3444 1215; x_wconf 77' lang='grc' dir='ltr'>καὶ</span> <span class='ocrx_word' id='word_1_174' title='bbox 3476 1165 3675 1232; x_wconf 77' lang='grc' dir='ltr'>σάρκα,</span> <span class='ocrx_word' id='word_1_175' title='bbox 3709 1163 3845 1216; x_wconf 84' lang='grc' dir='ltr'><strong>ἀλλά</strong></span> <span class='ocrx_word' id='word_1_176' title='bbox 3875 1160 4020 1231; x_wconf 62' lang='grc' dir='ltr'>πρὸς</span> 
     </span>
    </p>
   </div>
   <div class='ocr_carea' id='block_1_28' title="bbox 2435 1249 4024 1327">
    <p class='ocr_par' dir='ltr' id='par_1_28' title="bbox 2435 1249 4024 1327">
     <span class='ocr_line' id='line_1_28' title="bbox 2435 1249 4024 1327; baseline 0.005 -26"><span class='ocrx_word' id='word_1_177' title='bbox 2435 1249 2534 1313; x_wconf 71' lang='grc' dir='ltr'>τὰς</span> <span class='ocrx_word' id='word_1_178' title='bbox 2567 1251 2761 1322; x_wconf 76' lang='grc' dir='ltr'>ἀρχὰς,</span> <span class='ocrx_word' id='word_1_179' title='bbox 2781 1253 2917 1323; x_wconf 81' lang='grc' dir='ltr'>πρὸς</span> <span class='ocrx_word' id='word_1_180' title='bbox 2948 1254 3047 1315; x_wconf 71' lang='grc' dir='ltr'><strong>τὰς</strong></span> <span class='ocrx_word' id='word_1_181' title='bbox 3070 1256 3339 1319; x_wconf 70' lang='grc' dir='ltr'>ἐξουσίας,</span> <span class='ocrx_word' id='word_1_182' title='bbox 3379 1256 3514 1326; x_wconf 65' lang='grc' dir='ltr'>πρὸς</span> <span class='ocrx_word' id='word_1_183' title='bbox 3544 1258 3669 1318; x_wconf 71' lang='grc' dir='ltr'>τοὺς</span> <span class='ocrx_word' id='word_1_184' title='bbox 3701 1259 4024 1327; x_wconf 65' lang='grc' dir='ltr'>κοσμοκράο</span> 
     </span>
    </p>
   </div>
   <div class='ocr_carea' id='block_1_29' title="bbox 2435 1340 4024 1416">
    <p class='ocr_par' dir='ltr' id='par_1_29' title="bbox 2435 1340 4024 1416">
     <span class='ocr_line' id='line_1_29' title="bbox 2435 1340 4024 1416; baseline 0.004 -24"><span class='ocrx_word' id='word_1_185' title='bbox 2435 1358 2599 1410; x_wconf 88' lang='grc' dir='ltr'>τορας</span> <span class='ocrx_word' id='word_1_186' title='bbox 2650 1342 2743 1394; x_wconf 79' lang='grc' dir='ltr'>τοῦ</span> <span class='ocrx_word' id='word_1_187' title='bbox 2795 1340 3020 1406; x_wconf 87' lang='grc' dir='ltr'>σκότους</span> <span class='ocrx_word' id='word_1_188' title='bbox 3078 1345 3171 1397; x_wconf 78' lang='grc' dir='ltr'>τοῦ</span> <span class='ocrx_word' id='word_1_189' title='bbox 3236 1346 3427 1408; x_wconf 81' lang='grc' dir='ltr'>αἰῶνος</span> <span class='ocrx_word' id='word_1_190' title='bbox 3495 1346 3725 1407; x_wconf 83' lang='grc' dir='ltr'>τούτου,</span> <span class='ocrx_word' id='word_1_191' title='bbox 3761 1349 3893 1416; x_wconf 66' lang='grc' dir='ltr'>πρὸς</span> <span class='ocrx_word' id='word_1_192' title='bbox 3951 1349 4024 1399; x_wconf 63' lang='grc' dir='ltr'>τὶ</span> 
     </span>
    </p>
   </div>
   <div class='ocr_carea' id='block_1_30' title="bbox 2437 1431 3866 1506">
    <p class='ocr_par' dir='ltr' id='par_1_30' title="bbox 2437 1431 3866 1506">
     <span class='ocr_line' id='line_1_30' title="bbox 2437 1431 3866 1506; baseline 0.006 -26"><span class='ocrx_word' id='word_1_193' title='bbox 2437 1431 2785 1498; x_wconf 78' lang='grc' dir='ltr'>πνευματικὰ</span> <span class='ocrx_word' id='word_1_194' title='bbox 2816 1434 2913 1502; x_wconf 76' lang='grc' dir='ltr'>τῆς</span> <span class='ocrx_word' id='word_1_195' title='bbox 2937 1434 3199 1505; x_wconf 73' lang='grc' dir='ltr'><strong>πονηρίας</strong></span> <span class='ocrx_word' id='word_1_196' title='bbox 3229 1436 3287 1487; x_wconf 79' lang='grc' dir='ltr'>ἐν</span> <span class='ocrx_word' id='word_1_197' title='bbox 3316 1439 3425 1500; x_wconf 81' lang='grc' dir='ltr'>τοῖς</span> <span class='ocrx_word' id='word_1_198' title='bbox 3454 1438 3818 1506; x_wconf 75' lang='grc' dir='ltr'>ἐπουρανίοις.</span> <span class='ocrx_word' id='word_1_199' title='bbox 3848 1458 3866 1489; x_wconf 70' lang='grc' dir='ltr'><strong>ι</strong></span> 
     </span>
    </p>
   </div>
   <div class='ocr_carea' id='block_1_31' title="bbox 2521 1610 4024 1682">
    <p class='ocr_par' dir='ltr' id='par_1_31' title="bbox 2521 1610 4024 1682">
     <span class='ocr_line' id='line_1_31' title="bbox 2521 1610 4024 1682; baseline 0.003 -20"><span class='ocrx_word' id='word_1_200' title='bbox 2521 1610 2663 1663; x_wconf 85' lang='grc' dir='ltr'>Ἀλλ’</span> <span class='ocrx_word' id='word_1_201' title='bbox 2694 1611 2841 1681; x_wconf 85' lang='grc' dir='ltr'>ὅμως</span> <span class='ocrx_word' id='word_1_202' title='bbox 2883 1614 2976 1664; x_wconf 77' lang='grc' dir='ltr'><strong>καὶ</strong></span> <span class='ocrx_word' id='word_1_203' title='bbox 3001 1612 3273 1676; x_wconf 72' lang='grc' dir='ltr'>τοιούτους</span> <span class='ocrx_word' id='word_1_204' title='bbox 3303 1613 3501 1682; x_wconf 81' lang='grc' dir='ltr'>ἔχουσα</span> <span class='ocrx_word' id='word_1_205' title='bbox 3529 1615 3657 1676; x_wconf 66' lang='grc' dir='ltr'>τοὺς</span> <span class='ocrx_word' id='word_1_206' title='bbox 3688 1614 4024 1675; x_wconf 74' lang='grc' dir='ltr'>ἀντιπάλους</span> 
     </span>
    </p>
   </div>
   <div class='ocr_carea' id='block_1_32' title="bbox 2438 1700 4023 1773">
    <p class='ocr_par' dir='ltr' id='par_1_32' title="bbox 2438 1700 4023 1773">
     <span class='ocr_line' id='line_1_32' title="bbox 2438 1700 4023 1773; baseline 0.001 -21"><span class='ocrx_word' id='word_1_207' title='bbox 2438 1701 2471 1768; x_wconf 82' lang='grc' dir='ltr'>ἡ</span> <span class='ocrx_word' id='word_1_208' title='bbox 2504 1700 2611 1753; x_wconf 86' lang='grc' dir='ltr'><strong>τῶν</strong></span> <span class='ocrx_word' id='word_1_209' title='bbox 2643 1702 2815 1769; x_wconf 80' lang='grc' dir='ltr'>ἁγίων</span> <span class='ocrx_word' id='word_1_210' title='bbox 2859 1701 3065 1754; x_wconf 84' lang='grc' dir='ltr'>τούτων</span> <span class='ocrx_word' id='word_1_211' title='bbox 3115 1704 3414 1773; x_wconf 76' lang='grc' dir='ltr'><strong>συμμορία,</strong></span> <span class='ocrx_word' id='word_1_212' title='bbox 3450 1703 3650 1773; x_wconf 78' lang='grc' dir='ltr'>μᾶλλον</span> <span class='ocrx_word' id='word_1_213' title='bbox 3701 1703 3756 1756; x_wconf 83' lang='grc' dir='ltr'>δὲ</span> <span class='ocrx_word' id='word_1_214' title='bbox 3809 1704 4023 1756; x_wconf 64' lang='grc' dir='ltr'>τούτων</span> 
     </span>
    </p>
   </div>
   <div class='ocr_carea' id='block_1_33' title="bbox 2418 1791 4020 1865">
    <p class='ocr_par' dir='ltr' id='par_1_33' title="bbox 2418 1791 4020 1865">
     <span class='ocr_line' id='line_1_33' title="bbox 2418 1791 4020 1865; baseline 0.004 -22"><span class='ocrx_word' id='word_1_215' title='bbox 2418 1791 2668 1854; x_wconf 77' lang='grc' dir='ltr'>’ἕκαστος</span> <span class='ocrx_word' id='word_1_216' title='bbox 2711 1793 2816 1845; x_wconf 81' lang='grc' dir='ltr'><strong>ὑπὸ</strong></span> <span class='ocrx_word' id='word_1_217' title='bbox 2856 1794 3127 1847; x_wconf 80' lang='grc' dir='ltr'>τοσούτων</span> <span class='ocrx_word' id='word_1_218' title='bbox 3163 1795 3258 1847; x_wconf 74' lang='grc' dir='ltr'>καὶ</span> <span class='ocrx_word' id='word_1_219' title='bbox 3301 1795 3556 1848; x_wconf 75' lang='grc' dir='ltr'>τοιούτων</span> <span class='ocrx_word' id='word_1_220' title='bbox 3596 1796 3874 1865; x_wconf 87' lang='grc' dir='ltr'>πολεμίων</span> <span class='ocrx_word' id='word_1_221' title='bbox 3920 1814 4020 1849; x_wconf 81' lang='grc' dir='ltr'>κυ-</span> 
     </span>
    </p>
   </div>
   <div class='ocr_carea' id='block_1_34' title="bbox 755 1880 2340 1968">
    <p class='ocr_par' dir='ltr' id='par_1_34' title="bbox 755 1882 2330 1968">
     <span class='ocr_line' id='line_1_34' title="bbox 755 1882 2330 1968; baseline 0 -31"><span class='ocrx_word' id='word_1_222' title='bbox 755 1883 918 1937; x_wconf 88' lang='lat' dir='ltr'><strong>simul</strong></span> <span class='ocrx_word' id='word_1_223' title='bbox 961 1882 1333 1945; x_wconf 77' lang='lat' dir='ltr'><strong>‘inraserunt,</strong></span> <span class='ocrx_word' id='word_1_224' title='bbox 1397 1883 1491 1937; x_wconf 88' lang='lat' dir='ltr'><strong>sed</strong></span> <span class='ocrx_word' id='word_1_225' title='bbox 1566 1884 1728 1963; x_wconf 77' lang='lat' dir='ltr'><strong>modo</strong></span> <span class='ocrx_word' id='word_1_226' title='bbox 1789 1883 2151 1968; x_wconf 33' lang='lat' dir='ltr'><strong>hoshmodo</strong></span> <span class='ocrx_word' id='word_1_227' title='bbox 2207 1885 2330 1937; x_wconf 93' lang='lat' dir='ltr'><strong>illos</strong></span> 
     </span>
    </p>
   </div>
   <div class='ocr_carea' id='block_1_35' title="bbox 2442 1880 4024 1968">
    <p class='ocr_par' dir='ltr' id='par_1_35' title="bbox 2442 1880 4024 1955">
     <span class='ocr_line' id='line_1_35' title="bbox 2442 1880 4024 1955; baseline 0.001 -22"><span class='ocrx_word' id='word_1_228' title='bbox 2442 1880 2762 1952; x_wconf 75' lang='grc' dir='ltr'>κλούμενοςο</span> <span class='ocrx_word' id='word_1_229' title='bbox 2793 1882 2917 1938; x_wconf 77' lang='grc' dir='ltr'>οὔτε</span> <span class='ocrx_word' id='word_1_230' title='bbox 2948 1883 3055 1953; x_wconf 81' lang='grc' dir='ltr'><strong>γὰρ</strong></span> <span class='ocrx_word' id='word_1_231' title='bbox 3087 1888 3238 1955; x_wconf 80' lang='grc' dir='ltr'>κοινῇ</span> <span class='ocrx_word' id='word_1_232' title='bbox 3268 1887 3441 1955; x_wconf 67' lang='grc' dir='ltr'><strong>¹’πᾶσιν</strong></span> <span class='ocrx_word' id='word_1_233' title='bbox 3473 1885 3731 1955; x_wconf 75' lang='grc' dir='ltr'>ἐπῄεσαν,</span> <span class='ocrx_word' id='word_1_234' title='bbox 3765 1886 3900 1938; x_wconf 82' lang='grc' dir='ltr'><strong>ἀλλά</strong></span> <span class='ocrx_word' id='word_1_235' title='bbox 3923 1886 4024 1937; x_wconf 74' lang='grc' dir='ltr'>νῦν</span> 
     </span>
    </p>
   </div>
   <div class='ocr_carea' id='block_1_36' title="bbox 752 1974 2331 2044">
    <p class='ocr_par' dir='ltr' id='par_1_36' title="bbox 752 1974 2331 2044">
     <span class='ocr_line' id='line_1_36' title="bbox 752 1974 2331 2044; baseline -0.001 -16"><span class='ocrx_word' id='word_1_236' title='bbox 752 1974 1187 2028; x_wconf 86' lang='lat' dir='ltr'><strong>adoriebantur:</strong></span> <span class='ocrx_word' id='word_1_237' title='bbox 1221 1983 1331 2027; x_wconf 88' lang='lat' dir='ltr'><strong>tam</strong></span> <span class='ocrx_word' id='word_1_238' title='bbox 1367 1974 1686 2044; x_wconf 74' lang='lat' dir='ltr'><strong>prreclaram</strong></span> <span class='ocrx_word' id='word_1_239' title='bbox 1732 1974 1969 2027; x_wconf 83' lang='lat' dir='ltr'><strong>retulere</strong></span> <span class='ocrx_word' id='word_1_240' title='bbox 2011 1974 2331 2040; x_wconf 81' lang='lat' dir='ltr'><strong>victoriam,</strong></span> 
     </span>
    </p>
   </div>
   <div class='ocr_carea' id='block_1_37' title="bbox 754 2064 2338 2134">
    <p class='ocr_par' dir='ltr' id='par_1_37' title="bbox 754 2064 2338 2134">
     <span class='ocr_line' id='line_1_37' title="bbox 754 2064 2338 2134; baseline 0.001 -15"><span class='ocrx_word' id='word_1_241' title='bbox 754 2073 814 2119; x_wconf 93' lang='lat' dir='ltr'><strong>ut</strong></span> <span class='ocrx_word' id='word_1_242' title='bbox 845 2064 1091 2134; x_wconf 78' lang='lat' dir='ltr'><strong>fugerint</strong></span> <span class='ocrx_word' id='word_1_243' title='bbox 1138 2065 1482 2128; x_wconf 88' lang='lat' dir='ltr'><strong>adversarii,</strong></span> <span class='ocrx_word' id='word_1_244' title='bbox 1520 2074 1572 2118; x_wconf 92' lang='lat' dir='ltr'><strong>et</strong></span> <span class='ocrx_word' id='word_1_245' title='bbox 1621 2065 1705 2117; x_wconf 90' lang='lat' dir='ltr'><strong>his</strong></span> <span class='ocrx_word' id='word_1_246' title='bbox 1740 2065 1943 2133; x_wconf 81' lang='lat' dir='ltr'><strong>fugatis</strong></span> <span class='ocrx_word' id='word_1_247' title='bbox 1992 2066 2213 2121; x_wconf 90' lang='lat' dir='ltr'><strong>nemine</strong></span> <span class='ocrx_word' id='word_1_248' title='bbox 2242 2066 2338 2121; x_wconf 89' lang='lat' dir='ltr'><strong>ob-</strong></span> 
     </span>
    </p>
   </div>
   <div class='ocr_carea' id='block_1_38' title="bbox 753 2155 2337 2228">
    <p class='ocr_par' dir='ltr' id='par_1_38' title="bbox 753 2155 2337 2228">
     <span class='ocr_line' id='line_1_38' title="bbox 753 2155 2337 2228; baseline 0.002 -18"><span class='ocrx_word' id='word_1_249' title='bbox 753 2166 935 2210; x_wconf 84' lang='lat' dir='ltr'><strong>stante</strong></span> <span class='ocrx_word' id='word_1_250' title='bbox 981 2165 1252 2225; x_wconf 69' lang='lat' dir='ltr'><strong>tropteum</strong></span> <span class='ocrx_word' id='word_1_251' title='bbox 1284 2158 1581 2219; x_wconf 84' lang='lat' dir='ltr'><strong>erexerint.</strong></span> <span class='ocrx_word' id='word_1_252' title='bbox 1624 2155 1925 2210; x_wconf 73' lang='lat' dir='ltr'><strong>Victoriam</strong></span> <span class='ocrx_word' id='word_1_253' title='bbox 1976 2169 2155 2212; x_wconf 86' lang='lat' dir='ltr'><strong>autem</strong></span> <span class='ocrx_word' id='word_1_254' title='bbox 2204 2159 2337 2228; x_wconf 85' lang='lat' dir='ltr'><strong>ipsis</strong></span> 
     </span>
    </p>
   </div>
   <div class='ocr_carea' id='block_1_39' title="bbox 753 2247 2338 2321">
    <p class='ocr_par' dir='ltr' id='par_1_39' title="bbox 753 2247 2338 2321">
     <span class='ocr_line' id='line_1_39' title="bbox 753 2247 2338 2321; baseline 0.001 -22"><span class='ocrx_word' id='word_1_255' title='bbox 753 2247 1020 2313; x_wconf 60' lang='lat' dir='ltr'><strong>pratbuit,</strong></span> <span class='ocrx_word' id='word_1_256' title='bbox 1071 2261 1178 2299; x_wconf 90' lang='lat' dir='ltr'><strong>non</strong></span> <span class='ocrx_word' id='word_1_257' title='bbox 1234 2254 1462 2310; x_wconf 90' lang='lat' dir='ltr'><strong>natura,</strong></span> <span class='ocrx_word' id='word_1_258' title='bbox 1520 2262 1641 2316; x_wconf 57' lang='lat' dir='ltr'><strong>quae</strong></span> <span class='ocrx_word' id='word_1_259' title='bbox 1698 2258 1752 2301; x_wconf 92' lang='lat' dir='ltr'><strong>et</strong></span> <span class='ocrx_word' id='word_1_260' title='bbox 1808 2249 2058 2321; x_wconf 84' lang='lat' dir='ltr'><strong>mortalis</strong></span> <span class='ocrx_word' id='word_1_261' title='bbox 2105 2258 2222 2313; x_wconf 91' lang='lat' dir='ltr'><strong>est,</strong></span> <span class='ocrx_word' id='word_1_262' title='bbox 2284 2257 2338 2303; x_wconf 92' lang='lat' dir='ltr'><strong>et</strong></span> 
     </span>
    </p>
   </div>
   <div class='ocr_carea' id='block_1_40' title="bbox 758 2334 2334 2407">
    <p class='ocr_par' dir='ltr' id='par_1_40' title="bbox 758 2334 2334 2407">
     <span class='ocr_line' id='line_1_40' title="bbox 758 2334 2334 2407; baseline 0.004 -19"><span class='ocrx_word' id='word_1_263' title='bbox 758 2337 972 2407; x_wconf 75' lang='grc'><strong>1103</strong></span> <span class='ocrx_word' id='word_1_264' title='bbox 1043 2337 1349 2392; x_wconf 87' lang='lat' dir='ltr'><strong>innumeris</strong></span> <span class='ocrx_word' id='word_1_265' title='bbox 1412 2338 1568 2406; x_wconf 87' lang='lat' dir='ltr'><strong>plena</strong></span> <span class='ocrx_word' id='word_1_266' title='bbox 1639 2334 2178 2407; x_wconf 77' lang='lat' dir='ltr'><strong>perturbationibus,</strong></span> <span class='ocrx_word' id='word_1_267' title='bbox 2241 2341 2334 2394; x_wconf 67' lang='lat' dir='ltr'><strong>sed</strong></span> 
     </span>
    </p>
   </div>
   <div class='ocr_carea' id='block_1_41' title="bbox 756 2429 2340 2515">
    <p class='ocr_par' dir='ltr' id='par_1_41' title="bbox 756 2429 2340 2515">
     <span class='ocr_line' id='line_1_41' title="bbox 756 2429 2340 2515; baseline 0.002 -33"><span class='ocrx_word' id='word_1_268' title='bbox 756 2446 914 2484; x_wconf 87' lang='lat' dir='ltr'><strong>mens</strong></span> <span class='ocrx_word' id='word_1_269' title='bbox 945 2430 1189 2483; x_wconf 80' lang='lat' dir='ltr'><strong>divinam</strong></span> <span class='ocrx_word' id='word_1_270' title='bbox 1222 2430 1459 2500; x_wconf 69' lang='lat' dir='ltr'><strong>gratiam</strong></span> <span class='ocrx_word' id='word_1_271' title='bbox 1490 2429 1962 2515; x_wconf 49' lang='lat' dir='ltr'><strong>attrahens.’l\&#39;am</strong></span> <span class='ocrx_word' id='word_1_272' title='bbox 1992 2448 2115 2483; x_wconf 81' lang='lat' dir='ltr'><strong>rum</strong></span> <span class='ocrx_word' id='word_1_273' title='bbox 2142 2432 2340 2485; x_wconf 62' lang='lat' dir='ltr'><strong>divinae</strong></span> 
     </span>
    </p>
   </div>
   <div class='ocr_carea' id='block_1_42' title="bbox 755 2522 2340 2594">
    <p class='ocr_par' dir='ltr' id='par_1_42' title="bbox 755 2522 2340 2594">
     <span class='ocr_line' id='line_1_42' title="bbox 755 2522 2340 2594; baseline 0.002 -19"><span class='ocrx_word' id='word_1_274' title='bbox 755 2522 1187 2592; x_wconf 81' lang='lat' dir='ltr'><strong>pulchritudinis</strong></span> <span class='ocrx_word' id='word_1_275' title='bbox 1221 2522 1481 2576; x_wconf 86' lang='lat' dir='ltr'><strong>ardentes</strong></span> <span class='ocrx_word' id='word_1_276' title='bbox 1504 2531 1693 2576; x_wconf 86' lang='lat' dir='ltr'><strong>essent</strong></span> <span class='ocrx_word' id='word_1_277' title='bbox 1716 2523 1994 2576; x_wconf 76' lang='lat' dir='ltr'><strong>amatores</strong></span> <span class='ocrx_word' id='word_1_278' title='bbox 2014 2566 2027 2588; x_wconf 89' lang='lat'><strong>,</strong></span> <span class='ocrx_word' id='word_1_279' title='bbox 2059 2531 2113 2576; x_wconf 90' lang='lat' dir='ltr'><strong>et</strong></span> <span class='ocrx_word' id='word_1_280' title='bbox 2146 2540 2244 2594; x_wconf 89' lang='lat' dir='ltr'><strong>pro</strong></span> <span class='ocrx_word' id='word_1_281' title='bbox 2272 2540 2340 2578; x_wconf 89' lang='lat' dir='ltr'><strong>eo</strong></span> 
     </span>
    </p>
   </div>
   <div class='ocr_carea' id='block_1_43' title="bbox 755 2614 2340 2685">
    <p class='ocr_par' dir='ltr' id='par_1_43' title="bbox 755 2614 2340 2685">
     <span class='ocr_line' id='line_1_43' title="bbox 755 2614 2340 2685; baseline 0.003 -20"><span class='ocrx_word' id='word_1_282' title='bbox 755 2630 917 2682; x_wconf 84' lang='lat' dir='ltr'><strong>quem</strong></span> <span class='ocrx_word' id='word_1_283' title='bbox 950 2614 1210 2668; x_wconf 76' lang='lat' dir='ltr'><strong>auiabaut</strong></span> <span class='ocrx_word' id='word_1_284' title='bbox 1232 2617 1417 2667; x_wconf 88' lang='lat' dir='ltr'><strong>omnia</strong></span> <span class='ocrx_word' id='word_1_285' title='bbox 1454 2614 1706 2669; x_wconf 82' lang='lat' dir='ltr'><strong>lubenter</strong></span> <span class='ocrx_word' id='word_1_286' title='bbox 1729 2623 1783 2669; x_wconf 87' lang='lat' dir='ltr'><strong>et</strong></span> <span class='ocrx_word' id='word_1_287' title='bbox 1810 2630 1969 2685; x_wconf 77' lang='lat' dir='ltr'><strong>agere</strong></span> <span class='ocrx_word' id='word_1_288' title='bbox 2001 2624 2054 2669; x_wconf 89' lang='lat' dir='ltr'><strong>et</strong></span> <span class='ocrx_word' id='word_1_289' title='bbox 2082 2617 2340 2685; x_wconf 67' lang='lat' dir='ltr'><strong>patista-</strong></span> 
     </span>
    </p>
   </div>
   <div class='ocr_carea' id='block_1_44' title="bbox 755 2705 2339 2776">
    <p class='ocr_par' dir='ltr' id='par_1_44' title="bbox 755 2705 2339 2776">
     <span class='ocr_line' id='line_1_44' title="bbox 755 2705 2339 2776; baseline 0.004 -20"><span class='ocrx_word' id='word_1_290' title='bbox 755 2705 1033 2770; x_wconf 89' lang='lat' dir='ltr'><strong>tuissent,</strong></span> <span class='ocrx_word' id='word_1_291' title='bbox 1071 2705 1554 2775; x_wconf 87' lang='lat' dir='ltr'><strong>perturbationum</strong></span> <span class='ocrx_word' id='word_1_292' title='bbox 1594 2707 1833 2776; x_wconf 87' lang='lat' dir='ltr'><strong>impetus</strong></span> <span class='ocrx_word' id='word_1_293' title='bbox 1889 2710 2111 2763; x_wconf 83' lang='lat' dir='ltr'><strong>fortiter</strong></span> <span class='ocrx_word' id='word_1_294' title='bbox 2163 2712 2339 2765; x_wconf 87' lang='lat' dir='ltr'><strong>susti-</strong></span> 
     </span>
    </p>
   </div>
   <div class='ocr_carea' id='block_1_45' title="bbox 755 2798 2339 2869">
    <p class='ocr_par' dir='ltr' id='par_1_45' title="bbox 755 2798 2339 2869">
     <span class='ocr_line' id='line_1_45' title="bbox 755 2798 2339 2869; baseline 0.004 -19"><span class='ocrx_word' id='word_1_295' title='bbox 755 2805 1031 2861; x_wconf 86' lang='lat' dir='ltr'><strong>nuerunt,</strong></span> <span class='ocrx_word' id='word_1_296' title='bbox 1100 2798 1421 2867; x_wconf 84' lang='lat' dir='ltr'><strong>diabolique</strong></span> <span class='ocrx_word' id='word_1_297' title='bbox 1488 2798 1722 2851; x_wconf 82' lang='lat' dir='ltr'><strong>telorum</strong></span> <span class='ocrx_word' id='word_1_298' title='bbox 1786 2801 2055 2869; x_wconf 84' lang='lat' dir='ltr'><strong>procellas</strong></span> <span class='ocrx_word' id='word_1_299' title='bbox 2115 2810 2339 2856; x_wconf 73' lang='lat' dir='ltr'><strong>strenue</strong></span> 
     </span>
    </p>
   </div>
   <div class='ocr_carea' id='block_1_46' title="bbox 754 2890 2339 2961">
    <p class='ocr_par' dir='ltr' id='par_1_46' title="bbox 754 2890 2339 2961">
     <span class='ocr_line' id='line_1_46' title="bbox 754 2890 2339 2961; baseline 0.002 -17"><span class='ocrx_word' id='word_1_300' title='bbox 754 2890 1102 2961; x_wconf 86' lang='lat' dir='ltr'><strong>repulerunt,</strong></span> <span class='ocrx_word' id='word_1_301' title='bbox 1134 2898 1187 2944; x_wconf 84' lang='lat' dir='ltr'><strong>et</strong></span> <span class='ocrx_word' id='word_1_302' title='bbox 1222 2906 1469 2959; x_wconf 87' lang='lat' dir='ltr'><strong>corpore,</strong></span> <span class='ocrx_word' id='word_1_303' title='bbox 1513 2901 1569 2944; x_wconf 90' lang='lat' dir='ltr'><strong>ut</strong></span> <span class='ocrx_word' id='word_1_304' title='bbox 1601 2892 1898 2961; x_wconf 87' lang='lat' dir='ltr'><strong>apostolice</strong></span> <span class='ocrx_word' id='word_1_305' title='bbox 1944 2894 2121 2947; x_wconf 90' lang='lat' dir='ltr'><strong>dicam</strong></span> <span class='ocrx_word' id='word_1_306' title='bbox 2163 2904 2210 2961; x_wconf 79' lang='grc' dir='ltr'>ο,</span> <span class='ocrx_word' id='word_1_307' title='bbox 2247 2910 2339 2947; x_wconf 85' lang='lat' dir='ltr'><strong>ca-</strong></span> 
     </span>
    </p>
   </div>
   <div class='ocr_carea' id='block_1_47' title="bbox 756 2971 2339 3052">
    <p class='ocr_par' dir='ltr' id='par_1_47' title="bbox 756 2971 2339 3052">
     <span class='ocr_line' id='line_1_47' title="bbox 756 2971 2339 3052; baseline 0.001 -14"><span class='ocrx_word' id='word_1_308' title='bbox 756 2983 993 3051; x_wconf 74' lang='lat' dir='ltr'><strong>stigato.</strong></span> <span class='ocrx_word' id='word_1_309' title='bbox 1035 2991 1199 3052; x_wconf 90' lang='lat' dir='ltr'><strong>atque</strong></span> <span class='ocrx_word' id='word_1_310' title='bbox 1224 2984 1285 3036; x_wconf 92' lang='lat' dir='ltr'><strong>‘in</strong></span> <span class='ocrx_word' id='word_1_311' title='bbox 1321 2983 1721 3037; x_wconf 78' lang='lat' dir='ltr'><strong>servihidinem</strong></span> <span class='ocrx_word' id='word_1_312' title='bbox 1758 2984 2003 3049; x_wconf 79' lang='lat' dir='ltr'><strong>redacto,</strong></span> <span class='ocrx_word' id='word_1_313' title='bbox 2053 2971 2146 3039; x_wconf 67' lang='lat' dir='ltr'><strong>iiaa</strong></span> <span class='ocrx_word' id='word_1_314' title='bbox 2180 2988 2339 3039; x_wconf 79' lang='lat' dir='ltr'><strong>ardo-</strong></span> 
     </span>
    </p>
   </div>
   <div class='ocr_carea' id='block_1_48' title="bbox 757 3074 2339 3145">
    <p class='ocr_par' dir='ltr' id='par_1_48' title="bbox 757 3074 2339 3145">
     <span class='ocr_line' id='line_1_48' title="bbox 757 3074 2339 3145; baseline 0.003 -18"><span class='ocrx_word' id='word_1_315' title='bbox 757 3090 875 3127; x_wconf 80' lang='lat' dir='ltr'><strong>rem</strong></span> <span class='ocrx_word' id='word_1_316' title='bbox 912 3074 1273 3141; x_wconf 85' lang='lat' dir='ltr'><strong>sedaveruut,</strong></span> <span class='ocrx_word' id='word_1_317' title='bbox 1310 3075 1793 3145; x_wconf 82' lang='lat' dir='ltr'><strong>cupiditatumqlfe</strong></span> <span class='ocrx_word' id='word_1_318' title='bbox 1828 3077 2339 3144; x_wconf 80' lang='lat' dir='ltr'><strong>rabiemquieSccre</strong></span> 
     </span>
    </p>
   </div>
   <div class='ocr_carea' id='block_1_49' title="bbox 757 3167 2338 3236">
    <p class='ocr_par' dir='ltr' id='par_1_49' title="bbox 757 3167 2338 3236">
     <span class='ocr_line' id='line_1_49' title="bbox 757 3167 2338 3236; baseline 0.001 -17"><span class='ocrx_word' id='word_1_319' title='bbox 757 3176 1059 3236; x_wconf 82' lang='lat' dir='ltr'><strong>coegerunt</strong></span> <span class='ocrx_word' id='word_1_320' title='bbox 1106 3184 1120 3220; x_wconf 90' lang='lat'><strong>:</strong></span> <span class='ocrx_word' id='word_1_321' title='bbox 1168 3167 1477 3236; x_wconf 88' lang='lat' dir='ltr'><strong>jejunando</strong></span> <span class='ocrx_word' id='word_1_322' title='bbox 1531 3176 1735 3234; x_wconf 65' lang='lat' dir='ltr'><strong>auteiu&#39;</strong></span> <span class='ocrx_word' id='word_1_323' title='bbox 1775 3176 1829 3222; x_wconf 90' lang='lat' dir='ltr'><strong>et</strong></span> <span class='ocrx_word' id='word_1_324' title='bbox 1878 3169 2027 3221; x_wconf 90' lang='lat' dir='ltr'><strong>humi</strong></span> <span class='ocrx_word' id='word_1_325' title='bbox 2085 3170 2338 3222; x_wconf 87' lang='lat' dir='ltr'><strong>cubando</strong></span> 
     </span>
    </p>
   </div>
   <div class='ocr_carea' id='block_1_50' title="bbox 758 3258 2340 3328">
    <p class='ocr_par' dir='ltr' id='par_1_50' title="bbox 758 3258 2340 3328">
     <span class='ocr_line' id='line_1_50' title="bbox 758 3258 2340 3328; baseline 0.002 -16"><span class='ocrx_word' id='word_1_326' title='bbox 758 3258 955 3327; x_wconf 84' lang='lat' dir='ltr'><strong>sopitis</strong></span> <span class='ocrx_word' id='word_1_327' title='bbox 1011 3258 1179 3312; x_wconf 85' lang='lat' dir='ltr'><strong>animi</strong></span> <span class='ocrx_word' id='word_1_328' title='bbox 1245 3259 1524 3324; x_wconf 89' lang='lat' dir='ltr'><strong>motibus,</strong></span> <span class='ocrx_word' id='word_1_329' title='bbox 1590 3260 1969 3328; x_wconf 87' lang='lat' dir='ltr'><strong>repressisque</strong></span> <span class='ocrx_word' id='word_1_330' title='bbox 2006 3276 2193 3313; x_wconf 78' lang='lat' dir='ltr'><strong>eorum</strong></span> <span class='ocrx_word' id='word_1_331' title='bbox 2264 3262 2340 3315; x_wconf 85' lang='lat' dir='ltr'><strong>in-</strong></span> 
     </span>
    </p>
   </div>
   <div class='ocr_carea' id='block_1_51' title="bbox 736 3350 2340 3421">
    <p class='ocr_par' dir='ltr' id='par_1_51' title="bbox 736 3350 2340 3421">
     <span class='ocr_line' id='line_1_51' title="bbox 736 3350 2340 3421; baseline 0 -14"><span class='ocrx_word' id='word_1_332' title='bbox 736 3351 1017 3414; x_wconf 77' lang='lat' dir='ltr'><strong>,sultibus,</strong></span> <span class='ocrx_word' id='word_1_333' title='bbox 1061 3367 1263 3421; x_wconf 86' lang='lat' dir='ltr'><strong>corpus</strong></span> <span class='ocrx_word' id='word_1_334' title='bbox 1312 3350 1725 3420; x_wconf 77' lang='lat' dir='ltr'><strong>adegeruutut</strong></span> <span class='ocrx_word' id='word_1_335' title='bbox 1774 3352 1953 3405; x_wconf 71' lang='lat' dir='ltr'><strong>fwdus</strong></span> <span class='ocrx_word' id='word_1_336' title='bbox 1998 3354 2163 3406; x_wconf 89' lang='lat' dir='ltr'><strong>iniret</strong></span> <span class='ocrx_word' id='word_1_337' title='bbox 2217 3371 2340 3407; x_wconf 87' lang='lat' dir='ltr'><strong>cum</strong></span> 
     </span>
    </p>
   </div>
   <div class='ocr_carea' id='block_1_52' title="bbox 760 3443 2340 3507">
    <p class='ocr_par' dir='ltr' id='par_1_52' title="bbox 760 3443 2340 3507">
     <span class='ocr_line' id='line_1_52' title="bbox 760 3443 2340 3507; baseline 0.005 -12"><span class='ocrx_word' id='word_1_338' title='bbox 760 3443 980 3507; x_wconf 86' lang='lat' dir='ltr'><strong>anima,</strong></span> <span class='ocrx_word' id='word_1_339' title='bbox 1060 3452 1115 3496; x_wconf 92' lang='lat' dir='ltr'><strong>et</strong></span> <span class='ocrx_word' id='word_1_340' title='bbox 1180 3443 1404 3496; x_wconf 90' lang='lat' dir='ltr'><strong>insitum</strong></span> <span class='ocrx_word' id='word_1_341' title='bbox 1472 3445 1575 3495; x_wconf 90' lang='lat' dir='ltr'><strong>hoc</strong></span> <span class='ocrx_word' id='word_1_342' title='bbox 1648 3444 1849 3497; x_wconf 89' lang='lat' dir='ltr'><strong>bellum</strong></span> <span class='ocrx_word' id='word_1_343' title='bbox 1921 3448 2267 3501; x_wconf 87' lang='lat' dir='ltr'><strong>sustulerunt</strong></span> <span class='ocrx_word' id='word_1_344' title='bbox 2327 3467 2340 3503; x_wconf 90' lang='lat'><strong>:</strong></span> 
     </span>
    </p>
   </div>
   <div class='ocr_carea' id='block_1_53' title="bbox 763 3533 2340 3606">
    <p class='ocr_par' dir='ltr' id='par_1_53' title="bbox 763 3533 2340 3606">
     <span class='ocr_line' id='line_1_53' title="bbox 763 3533 2340 3606; baseline 0.002 -17"><span class='ocrx_word' id='word_1_345' title='bbox 763 3550 896 3605; x_wconf 82' lang='lat' dir='ltr'><strong>pace</strong></span> <span class='ocrx_word' id='word_1_346' title='bbox 961 3544 1143 3589; x_wconf 88' lang='lat' dir='ltr'><strong>autem</strong></span> <span class='ocrx_word' id='word_1_347' title='bbox 1205 3536 1351 3589; x_wconf 90' lang='lat' dir='ltr'><strong>inter</strong></span> <span class='ocrx_word' id='word_1_348' title='bbox 1416 3535 1507 3588; x_wconf 86' lang='lat' dir='ltr'><strong>illa</strong></span> <span class='ocrx_word' id='word_1_349' title='bbox 1565 3537 1663 3590; x_wconf 59' lang='grc' dir='ltr'>δῖος</span> <span class='ocrx_word' id='word_1_350' title='bbox 1704 3533 2063 3606; x_wconf 59' lang='lat' dir='ltr'><strong>composita,</strong></span> <span class='ocrx_word' id='word_1_351' title='bbox 2124 3554 2340 3594; x_wconf 90' lang='lat' dir='ltr'><strong>omnem</strong></span> 
     </span>
    </p>
   </div>
   <div class='ocr_carea' id='block_1_54' title="bbox 763 3627 2343 3698">
    <p class='ocr_par' dir='ltr' id='par_1_54' title="bbox 763 3627 2343 3698">
     <span class='ocr_line' id='line_1_54' title="bbox 763 3627 2343 3698; baseline 0.003 -17"><span class='ocrx_word' id='word_1_352' title='bbox 763 3627 1207 3682; x_wconf 83' lang='lat' dir='ltr'><strong>adversariorum</strong></span> <span class='ocrx_word' id='word_1_353' title='bbox 1249 3637 1522 3681; x_wconf 80' lang='lat' dir='ltr'><strong>catervam</strong></span> <span class='ocrx_word' id='word_1_354' title='bbox 1596 3628 1977 3698; x_wconf 79' lang='lat' dir='ltr'><strong>profligarunt.</strong></span> <span class='ocrx_word' id='word_1_355' title='bbox 2027 3631 2163 3684; x_wconf 90' lang='lat' dir='ltr'><strong>Cum</strong></span> <span class='ocrx_word' id='word_1_356' title='bbox 2199 3633 2343 3686; x_wconf 91' lang='lat' dir='ltr'><strong>enim</strong></span> 
     </span>
    </p>
   </div>
   <div class='ocr_carea' id='block_1_55' title="bbox 762 3720 2345 3792">
    <p class='ocr_par' dir='ltr' id='par_1_55' title="bbox 762 3720 2345 3792">
     <span class='ocr_line' id='line_1_55' title="bbox 762 3720 2345 3792; baseline 0.004 -19"><span class='ocrx_word' id='word_1_357' title='bbox 762 3720 844 3777; x_wconf 85' lang='lat' dir='ltr'><strong>eis</strong></span> <span class='ocrx_word' id='word_1_358' title='bbox 887 3720 1141 3773; x_wconf 88' lang='lat' dir='ltr'><strong>deessent</strong></span> <span class='ocrx_word' id='word_1_359' title='bbox 1198 3720 1597 3788; x_wconf 77' lang='lat' dir='ltr'><strong>cogitationes,</strong></span> <span class='ocrx_word' id='word_1_360' title='bbox 1679 3735 1800 3788; x_wconf 84' lang='lat' dir='ltr'><strong>quae</strong></span> <span class='ocrx_word' id='word_1_361' title='bbox 1862 3720 2075 3775; x_wconf 88' lang='lat' dir='ltr'><strong>interna</strong></span> <span class='ocrx_word' id='word_1_362' title='bbox 2146 3727 2345 3792; x_wconf 84' lang='lat' dir='ltr'><strong>prode-</strong></span> 
     </span>
    </p>
   </div>
   <div class='ocr_carea' id='block_1_56' title="bbox 763 3810 2347 3874">
    <p class='ocr_par' dir='ltr' id='par_1_56' title="bbox 763 3810 2347 3874">
     <span class='ocr_line' id='line_1_56' title="bbox 763 3810 2347 3874; baseline 0.003 -7"><span class='ocrx_word' id='word_1_363' title='bbox 763 3818 915 3874; x_wconf 86' lang='lat' dir='ltr'><strong>rent,</strong></span> <span class='ocrx_word' id='word_1_364' title='bbox 961 3819 1015 3863; x_wconf 95' lang='lat' dir='ltr'><strong>et</strong></span> <span class='ocrx_word' id='word_1_365' title='bbox 1071 3810 1437 3864; x_wconf 89' lang='lat' dir='ltr'><strong>humanorum</strong></span> <span class='ocrx_word' id='word_1_366' title='bbox 1504 3811 1873 3865; x_wconf 88' lang='lat' dir='ltr'><strong>membrorum</strong></span> <span class='ocrx_word' id='word_1_367' title='bbox 1932 3814 2136 3871; x_wconf 75' lang='lat' dir='ltr'><strong>auxilio</strong></span> <span class='ocrx_word' id='word_1_368' title='bbox 2192 3831 2347 3871; x_wconf 88' lang='lat' dir='ltr'><strong>care-</strong></span> 
     </span>
    </p>
   </div>
   <div class='ocr_carea' id='block_1_57' title="bbox 766 3902 2347 3976">
    <p class='ocr_par' dir='ltr' id='par_1_57' title="bbox 766 3902 2347 3976">
     <span class='ocr_line' id='line_1_57' title="bbox 766 3902 2347 3976; baseline 0.004 -19"><span class='ocrx_word' id='word_1_369' title='bbox 766 3911 919 3965; x_wconf 81' lang='lat' dir='ltr'><strong>tent,</strong></span> <span class='ocrx_word' id='word_1_370' title='bbox 970 3902 1177 3955; x_wconf 84' lang='lat' dir='ltr'><strong>bellare</strong></span> <span class='ocrx_word' id='word_1_371' title='bbox 1214 3917 1322 3955; x_wconf 92' lang='lat' dir='ltr'><strong>nou</strong></span> <span class='ocrx_word' id='word_1_372' title='bbox 1382 3910 1655 3972; x_wconf 79' lang='lat' dir='ltr'><strong>poterant.</strong></span> <span class='ocrx_word' id='word_1_373' title='bbox 1692 3902 1839 3958; x_wconf 79' lang='lat' dir='ltr'><strong>Telis</strong></span> <span class='ocrx_word' id='word_1_374' title='bbox 1871 3920 2109 3976; x_wconf 88' lang='lat' dir='ltr'><strong>namque</strong></span> <span class='ocrx_word' id='word_1_375' title='bbox 2155 3907 2211 3961; x_wconf 88' lang='lat' dir='ltr'><strong>itt</strong></span> <span class='ocrx_word' id='word_1_376' title='bbox 2242 3924 2347 3963; x_wconf 86' lang='lat' dir='ltr'><strong>nos</strong></span> 
     </span>
    </p>
   </div>
   <div class='ocr_carea' id='block_1_58' title="bbox 768 3994 2347 4070">
    <p class='ocr_par' dir='ltr' id='par_1_58' title="bbox 768 3994 2347 4070">
     <span class='ocr_line' id='line_1_58' title="bbox 768 3994 2347 4070; baseline 0.006 -24"><span class='ocrx_word' id='word_1_377' title='bbox 768 3994 1021 4048; x_wconf 86' lang='lat' dir='ltr'><strong>diabolus</strong></span> <span class='ocrx_word' id='word_1_378' title='bbox 1053 3995 1313 4048; x_wconf 89' lang='lat' dir='ltr'><strong>membris</strong></span> <span class='ocrx_word' id='word_1_379' title='bbox 1356 3996 1566 4049; x_wconf 89' lang='lat' dir='ltr'><strong>nostris</strong></span> <span class='ocrx_word' id='word_1_380' title='bbox 1603 3996 1795 4049; x_wconf 89' lang='lat' dir='ltr'><strong>utitur.</strong></span> <span class='ocrx_word' id='word_1_381' title='bbox 1832 3994 1965 4051; x_wconf 90' lang='lat' dir='ltr'><strong>Cum</strong></span> <span class='ocrx_word' id='word_1_382' title='bbox 2002 4013 2131 4069; x_wconf 75' lang='lat' dir='ltr'><strong>ergo</strong></span> <span class='ocrx_word' id='word_1_383' title='bbox 2170 4015 2347 4070; x_wconf 90' lang='lat' dir='ltr'><strong>neque</strong></span> 
     </span>
    </p>
   </div>
   <div class='ocr_carea' id='block_1_59' title="bbox 768 4086 2345 4158">
    <p class='ocr_par' dir='ltr' id='par_1_59' title="bbox 768 4086 2345 4158">
     <span class='ocr_line' id='line_1_59' title="bbox 768 4086 2345 4158; baseline 0.004 -18"><span class='ocrx_word' id='word_1_384' title='bbox 768 4087 1152 4141; x_wconf 89' lang='lat' dir='ltr'><strong>iuescarentur</strong></span> <span class='ocrx_word' id='word_1_385' title='bbox 1209 4086 1379 4151; x_wconf 90' lang='lat' dir='ltr'><strong>oculi,</strong></span> <span class='ocrx_word' id='word_1_386' title='bbox 1433 4103 1611 4157; x_wconf 90' lang='lat' dir='ltr'><strong>neque</strong></span> <span class='ocrx_word' id='word_1_387' title='bbox 1661 4104 1821 4144; x_wconf 89' lang='lat' dir='ltr'><strong>aures</strong></span> <span class='ocrx_word' id='word_1_388' title='bbox 1871 4090 2345 4158; x_wconf 87' lang='lat' dir='ltr'><strong>demulcerentur,</strong></span> 
     </span>
    </p>
   </div>
   <div class='ocr_carea' id='block_1_60' title="bbox 773 4180 2347 4253">
    <p class='ocr_par' dir='ltr' id='par_1_60' title="bbox 773 4180 2347 4253">
     <span class='ocr_line' id='line_1_60' title="bbox 773 4180 2347 4253; baseline 0.003 -20"><span class='ocrx_word' id='word_1_389' title='bbox 773 4194 951 4247; x_wconf 88' lang='lat' dir='ltr'><strong>neque</strong></span> <span class='ocrx_word' id='word_1_390' title='bbox 1008 4188 1192 4232; x_wconf 91' lang='lat' dir='ltr'><strong>tactus</strong></span> <span class='ocrx_word' id='word_1_391' title='bbox 1247 4180 1595 4243; x_wconf 89' lang='lat' dir='ltr'><strong>titillaretur,</strong></span> <span class='ocrx_word' id='word_1_392' title='bbox 1656 4198 1831 4251; x_wconf 88' lang='lat' dir='ltr'><strong>neque</strong></span> <span class='ocrx_word' id='word_1_393' title='bbox 1886 4199 2042 4237; x_wconf 89' lang='lat' dir='ltr'><strong>meus</strong></span> <span class='ocrx_word' id='word_1_394' title='bbox 2099 4185 2347 4253; x_wconf 89' lang='lat' dir='ltr'><strong>improba</strong></span> 
     </span>
    </p>
   </div>
   <div class='ocr_carea' id='block_1_61' title="bbox 768 4267 2347 4344">
    <p class='ocr_par' dir='ltr' id='par_1_61' title="bbox 768 4267 2347 4344">
     <span class='ocr_line' id='line_1_61' title="bbox 768 4267 2347 4344; baseline 0.002 -21"><span class='ocrx_word' id='word_1_395' title='bbox 768 4267 1083 4323; x_wconf 84' lang='lat' dir='ltr'><strong>admitteret</strong></span> <span class='ocrx_word' id='word_1_396' title='bbox 1137 4268 1407 4332; x_wconf 89' lang='lat' dir='ltr'><strong>consilia,</strong></span> <span class='ocrx_word' id='word_1_397' title='bbox 1468 4270 1673 4325; x_wconf 82' lang='lat' dir='ltr'><strong>frustra</strong></span> <span class='ocrx_word' id='word_1_398' title='bbox 1734 4273 2054 4326; x_wconf 81' lang='lat' dir='ltr'><strong>laborabant</strong></span> <span class='ocrx_word' id='word_1_399' title='bbox 2108 4274 2202 4343; x_wconf 88' lang='lat' dir='ltr'><strong>qui</strong></span> <span class='ocrx_word' id='word_1_400' title='bbox 2252 4289 2347 4344; x_wconf 88' lang='lat' dir='ltr'><strong>pa-</strong></span> 
     </span>
    </p>
   </div>
   <div class='ocr_carea' id='block_1_62' title="bbox 769 4360 2345 4426">
    <p class='ocr_par' dir='ltr' id='par_1_62' title="bbox 769 4360 2345 4426">
     <span class='ocr_line' id='line_1_62' title="bbox 769 4360 2345 4426; baseline 0.003 -11"><span class='ocrx_word' id='word_1_401' title='bbox 769 4360 965 4415; x_wconf 88' lang='lat' dir='ltr'><strong>rabant</strong></span> <span class='ocrx_word' id='word_1_402' title='bbox 1007 4360 1258 4415; x_wconf 89' lang='lat' dir='ltr'><strong>insidias.</strong></span> <span class='ocrx_word' id='word_1_403' title='bbox 1315 4360 1784 4426; x_wconf 86' lang='lat' dir='ltr'><strong>Quemadmodum</strong></span> <span class='ocrx_word' id='word_1_404' title='bbox 1843 4364 1989 4418; x_wconf 88' lang='lat' dir='ltr'><strong>enim</strong></span> <span class='ocrx_word' id='word_1_405' title='bbox 2044 4366 2233 4420; x_wconf 88' lang='lat' dir='ltr'><strong>urbem</strong></span> <span class='ocrx_word' id='word_1_406' title='bbox 2291 4366 2345 4419; x_wconf 91' lang='lat' dir='ltr'><strong>in</strong></span> 
     </span>
    </p>
   </div>
   <div class='ocr_carea' id='block_1_63' title="bbox 770 4450 2345 4523">
    <p class='ocr_par' dir='ltr' id='par_1_63' title="bbox 770 4450 2345 4523">
     <span class='ocr_line' id='line_1_63' title="bbox 770 4450 2345 4523; baseline 0.001 -18"><span class='ocrx_word' id='word_1_407' title='bbox 770 4452 884 4506; x_wconf 83' lang='lat' dir='ltr'><strong>ulto</strong></span> <span class='ocrx_word' id='word_1_408' title='bbox 914 4450 1215 4515; x_wconf 87' lang='lat' dir='ltr'><strong>conditam,</strong></span> <span class='ocrx_word' id='word_1_409' title='bbox 1248 4460 1301 4505; x_wconf 90' lang='lat' dir='ltr'><strong>et</strong></span> <span class='ocrx_word' id='word_1_410' title='bbox 1330 4452 1529 4506; x_wconf 79' lang='lat' dir='ltr'><strong>validis</strong></span> <span class='ocrx_word' id='word_1_411' title='bbox 1566 4455 2002 4523; x_wconf 81' lang='lat' dir='ltr'><strong>propugnaculis</strong></span> <span class='ocrx_word' id='word_1_412' title='bbox 2035 4455 2345 4519; x_wconf 90' lang='lat' dir='ltr'><strong>munitam,</strong></span> 
     </span>
    </p>
   </div>
   <div class='ocr_carea' id='block_1_64' title="bbox 2441 1972 4026 2046">
    <p class='ocr_par' dir='ltr' id='par_1_64' title="bbox 2441 1972 4026 2046">
     <span class='ocr_line' id='line_1_64' title="bbox 2441 1972 4026 2046; baseline 0.003 -22"><span class='ocrx_word' id='word_1_413' title='bbox 2441 1972 2538 2043; x_wconf 79' lang='grc' dir='ltr'>μὲν</span> <span class='ocrx_word' id='word_1_414' title='bbox 2569 1973 2764 2043; x_wconf 82' lang='grc' dir='ltr'>τούτῳ,</span> <span class='ocrx_word' id='word_1_415' title='bbox 2787 1972 2881 2026; x_wconf 78' lang='grc' dir='ltr'>νῦν</span> <span class='ocrx_word' id='word_1_416' title='bbox 2913 1972 2958 2025; x_wconf 87' lang='grc' dir='ltr'>δ’</span> <span class='ocrx_word' id='word_1_417' title='bbox 3004 1974 3199 2045; x_wconf 80' lang='grc' dir='ltr'>ἐκείνῳ</span> <span class='ocrx_word' id='word_1_418' title='bbox 3250 1975 3617 2046; x_wconf 78' lang='grc' dir='ltr'>προσέϐαλλον</span> <span class='ocrx_word' id='word_1_419' title='bbox 3644 1992 3658 2007; x_wconf 87' lang='grc'><strong>·</strong></span> <span class='ocrx_word' id='word_1_420' title='bbox 3695 1974 3841 2028; x_wconf 78' lang='grc' dir='ltr'>οὕτω</span> <span class='ocrx_word' id='word_1_421' title='bbox 3881 1975 4026 2044; x_wconf 80' lang='grc' dir='ltr'>λαμ-</span> 
     </span>
    </p>
   </div>
   <div class='ocr_carea' id='block_1_65' title="bbox 2434 2058 4021 2139">
    <p class='ocr_par' dir='ltr' id='par_1_65' title="bbox 2434 2058 4021 2139">
     <span class='ocr_line' id='line_1_65' title="bbox 2434 2058 4021 2139; baseline 0 -20"><span class='ocrx_word' id='word_1_422' title='bbox 2434 2066 2583 2136; x_wconf 71' lang='grc' dir='ltr'>πρὰν</span> <span class='ocrx_word' id='word_1_423' title='bbox 2623 2067 2953 2136; x_wconf 83' lang='grc' dir='ltr'>ἀνεδήσαντο</span> <span class='ocrx_word' id='word_1_424' title='bbox 2989 2070 3162 2139; x_wconf 66' lang='grc' dir='ltr'>,νίκην</span> <span class='ocrx_word' id='word_1_425' title='bbox 3188 2107 3202 2130; x_wconf 88' lang='grc'><strong>,</strong></span> <span class='ocrx_word' id='word_1_426' title='bbox 3234 2068 3308 2130; x_wconf 82' lang='grc' dir='ltr'><strong>ὡς</strong></span> <span class='ocrx_word' id='word_1_427' title='bbox 3355 2069 3482 2130; x_wconf 81' lang='grc' dir='ltr'>τοὺς</span> <span class='ocrx_word' id='word_1_428' title='bbox 3534 2068 3632 2137; x_wconf 82' lang='grc' dir='ltr'>μὲν</span> <span class='ocrx_word' id='word_1_429' title='bbox 3688 2058 4021 2130; x_wconf 61' lang='grc' dir='ltr'>ἀντιπάλους</span> 
     </span>
    </p>
   </div>
   <div class='ocr_carea' id='block_1_66' title="bbox 2437 2157 4023 2228">
    <p class='ocr_par' dir='ltr' id='par_1_66' title="bbox 2437 2157 4023 2228">
     <span class='ocr_line' id='line_1_66' title="bbox 2437 2157 4023 2228; baseline 0.001 -19"><span class='ocrx_word' id='word_1_430' title='bbox 2437 2157 2803 2228; x_wconf 83' lang='grc' dir='ltr'>δραπετεῦσαι</span> <span class='ocrx_word' id='word_1_431' title='bbox 2829 2198 2844 2221; x_wconf 91' lang='grc'><strong>,</strong></span> <span class='ocrx_word' id='word_1_432' title='bbox 2873 2158 3063 2213; x_wconf 88' lang='grc' dir='ltr'>τούτου</span> <span class='ocrx_word' id='word_1_433' title='bbox 3102 2160 3159 2213; x_wconf 84' lang='grc' dir='ltr'>δὲ</span> <span class='ocrx_word' id='word_1_434' title='bbox 3216 2160 3356 2212; x_wconf 88' lang='grc' dir='ltr'><strong>κατά</strong></span> <span class='ocrx_word' id='word_1_435' title='bbox 3412 2160 3612 2228; x_wconf 83' lang='grc' dir='ltr'>κράτος</span> <span class='ocrx_word' id='word_1_436' title='bbox 3667 2159 3854 2223; x_wconf 77' lang='grc' dir='ltr'>διῶξαι</span> <span class='ocrx_word' id='word_1_437' title='bbox 3879 2202 3891 2220; x_wconf 93' lang='grc'><strong>,</strong></span> <span class='ocrx_word' id='word_1_438' title='bbox 3925 2163 4023 2211; x_wconf 72' lang='grc' dir='ltr'>καὶ</span> 
     </span>
    </p>
   </div>
   <div class='ocr_carea' id='block_1_67' title="bbox 2437 2250 4023 2323">
    <p class='ocr_par' dir='ltr' id='par_1_67' title="bbox 2437 2250 4023 2323">
     <span class='ocr_line' id='line_1_67' title="bbox 2437 2250 4023 2323; baseline 0.003 -21"><span class='ocrx_word' id='word_1_439' title='bbox 2437 2252 2701 2320; x_wconf 81' lang='grc' dir='ltr'>τρόπαιον</span> <span class='ocrx_word' id='word_1_440' title='bbox 2746 2254 2956 2322; x_wconf 74' lang='grc' dir='ltr'>ἐγεῖραι</span> <span class='ocrx_word' id='word_1_441' title='bbox 2989 2251 3214 2323; x_wconf 74' lang='grc' dir='ltr'>μηδενὸς</span> <span class='ocrx_word' id='word_1_442' title='bbox 3244 2250 3495 2321; x_wconf 77' lang='grc' dir='ltr'>ἐμποδὼν</span> <span class='ocrx_word' id='word_1_443' title='bbox 3526 2252 3841 2323; x_wconf 74' lang='grc' dir='ltr'>γενομένου.</span> <span class='ocrx_word' id='word_1_444' title='bbox 3875 2255 4023 2323; x_wconf 65' lang='grc' dir='ltr'>Παρ-</span> 
     </span>
    </p>
   </div>
   <div class='ocr_carea' id='block_1_68' title="bbox 2438 2344 4025 2417">
    <p class='ocr_par' dir='ltr' id='par_1_68' title="bbox 2438 2344 4025 2417">
     <span class='ocr_line' id='line_1_68' title="bbox 2438 2344 4025 2417; baseline 0.004 -22"><span class='ocrx_word' id='word_1_445' title='bbox 2438 2346 2548 2413; x_wconf 80' lang='grc' dir='ltr'>εῖχε</span> <span class='ocrx_word' id='word_1_446' title='bbox 2580 2344 2637 2397; x_wconf 83' lang='grc' dir='ltr'>δὲ</span> <span class='ocrx_word' id='word_1_447' title='bbox 2687 2345 2869 2407; x_wconf 73' lang='grc' dir='ltr'>αὐτοῖς</span> <span class='ocrx_word' id='word_1_448' title='bbox 2908 2344 3008 2415; x_wconf 79' lang='grc' dir='ltr'>τὴν</span> <span class='ocrx_word' id='word_1_449' title='bbox 3044 2346 3199 2415; x_wconf 87' lang='grc' dir='ltr'>νίκην</span> <span class='ocrx_word' id='word_1_450' title='bbox 3256 2345 3353 2414; x_wconf 81' lang='grc' dir='ltr'>οὐχ</span> <span class='ocrx_word' id='word_1_451' title='bbox 3384 2346 3416 2415; x_wconf 78' lang='grc' dir='ltr'>ὴ</span> <span class='ocrx_word' id='word_1_452' title='bbox 3472 2345 3633 2413; x_wconf 68' lang='grc' dir='ltr'>ιξύσις</span> <span class='ocrx_word' id='word_1_453' title='bbox 3660 2385 3674 2405; x_wconf 90' lang='grc'><strong>,</strong></span> <span class='ocrx_word' id='word_1_454' title='bbox 3704 2344 3873 2417; x_wconf 78' lang='grc' dir='ltr'>θνητὴ</span> <span class='ocrx_word' id='word_1_455' title='bbox 3911 2346 4025 2413; x_wconf 71' lang='grc' dir='ltr'><strong>γὰρ</strong></span> 
     </span>
    </p>
   </div>
   <div class='ocr_carea' id='block_1_69' title="bbox 2439 2432 4021 2506">
    <p class='ocr_par' dir='ltr' id='par_1_69' title="bbox 2439 2432 4021 2506">
     <span class='ocr_line' id='line_1_69' title="bbox 2439 2432 4021 2506; baseline 0 -20"><span class='ocrx_word' id='word_1_456' title='bbox 2439 2432 2601 2505; x_wconf 72' lang='grc' dir='ltr'>αὕτη,</span> <span class='ocrx_word' id='word_1_457' title='bbox 2636 2437 2729 2487; x_wconf 69' lang='grc' dir='ltr'>καὶ</span> <span class='ocrx_word' id='word_1_458' title='bbox 2763 2434 2980 2505; x_wconf 87' lang='grc' dir='ltr'>’μυρίων</span> <span class='ocrx_word' id='word_1_459' title='bbox 3021 2435 3208 2488; x_wconf 84' lang='grc' dir='ltr'>παθῶν</span> <span class='ocrx_word' id='word_1_460' title='bbox 3239 2435 3526 2499; x_wconf 84' lang='grc' dir='ltr'>ἀνάπλεως</span> <span class='ocrx_word' id='word_1_461' title='bbox 3549 2451 3562 2463; x_wconf 83' lang='grc'>⁶</span> <span class='ocrx_word' id='word_1_462' title='bbox 3602 2435 3719 2487; x_wconf 83' lang='grc' dir='ltr'>ἀλλ’</span> <span class='ocrx_word' id='word_1_463' title='bbox 3819 2435 4021 2504; x_wconf 74' lang='grc' dir='ltr'>γνώμη</span> 
     </span>
    </p>
   </div>
   <div class='ocr_carea' id='block_1_70' title="bbox 2438 2509 4022 2598">
    <p class='ocr_par' dir='ltr' id='par_1_70' title="bbox 2438 2509 4022 2598">
     <span class='ocr_line' id='line_1_70' title="bbox 2438 2509 4022 2598; baseline 0.003 -22"><span class='ocrx_word' id='word_1_464' title='bbox 2438 2524 2534 2597; x_wconf 84' lang='grc' dir='ltr'>τὴν</span> <span class='ocrx_word' id='word_1_465' title='bbox 2570 2525 2720 2578; x_wconf 82' lang='grc' dir='ltr'>θείαν</span> <span class='ocrx_word' id='word_1_466' title='bbox 2767 2526 2928 2595; x_wconf 76' lang='grc' dir='ltr'>χάριν</span> <span class='ocrx_word' id='word_1_467' title='bbox 2973 2509 3330 2597; x_wconf 79' lang='grc' dir='ltr'>ἐφελκομένη.</span> <span class='ocrx_word' id='word_1_468' title='bbox 3382 2526 3639 2598; x_wconf 78' lang='grc' dir='ltr'>Ἐρασταὶ</span> <span class='ocrx_word' id='word_1_469' title='bbox 3664 2527 3772 2596; x_wconf 76' lang='grc' dir='ltr'><strong>γὰρ</strong></span> <span class='ocrx_word' id='word_1_470' title='bbox 3821 2526 4022 2597; x_wconf 70' lang='grc' dir='ltr'>θερμοὶ</span> 
     </span>
    </p>
   </div>
   <div class='ocr_carea' id='block_1_71' title="bbox 2436 2598 4027 2686">
    <p class='ocr_par' dir='ltr' id='par_1_71' title="bbox 2436 2598 4027 2686">
     <span class='ocr_line' id='line_1_71' title="bbox 2436 2598 4027 2686; baseline -0.001 -17"><span class='ocrx_word' id='word_1_471' title='bbox 2436 2616 2530 2669; x_wconf 78' lang='grc' dir='ltr'><strong>τοῦ</strong></span> <span class='ocrx_word' id='word_1_472' title='bbox 2560 2614 2704 2668; x_wconf 85' lang='grc' dir='ltr'>θείου</span> <span class='ocrx_word' id='word_1_473' title='bbox 2734 2616 2971 2686; x_wconf 67' lang='grc' dir='ltr'><strong>Δκάλλους</strong></span> <span class='ocrx_word' id='word_1_474' title='bbox 3005 2616 3309 2686; x_wconf 84' lang='grc' dir='ltr'>γενόμενοι,</span> <span class='ocrx_word' id='word_1_475' title='bbox 3339 2616 3433 2669; x_wconf 65' lang='grc' dir='ltr'><strong>καλ⁵</strong></span> <span class='ocrx_word' id='word_1_476' title='bbox 3471 2615 3755 2677; x_wconf 74' lang='grc' dir='ltr'>ἀσπασίως</span> <span class='ocrx_word' id='word_1_477' title='bbox 3799 2598 4027 2668; x_wconf 77' lang='grc' dir='ltr'>ἅπαντα</span> 
     </span>
    </p>
   </div>
   <div class='ocr_carea' id='block_1_72' title="bbox 2438 2682 4021 2780">
    <p class='ocr_par' dir='ltr' id='par_1_72' title="bbox 2438 2682 4021 2780">
     <span class='ocr_line' id='line_1_72' title="bbox 2438 2682 4021 2780; baseline -0.001 -19"><span class='ocrx_word' id='word_1_478' title='bbox 2438 2710 2633 2779; x_wconf 84' lang='grc' dir='ltr'>δράσαι</span> <span class='ocrx_word' id='word_1_479' title='bbox 2682 2682 2777 2761; x_wconf 70' lang='grc' dir='ltr'>κάὶ</span> <span class='ocrx_word' id='word_1_480' title='bbox 2833 2708 3028 2762; x_wconf 82' lang='grc' dir='ltr'>παθεῖν</span> <span class='ocrx_word' id='word_1_481' title='bbox 3082 2708 3221 2779; x_wconf 79' lang='grc' dir='ltr'>ὑπὲρ</span> <span class='ocrx_word' id='word_1_482' title='bbox 3268 2708 3362 2761; x_wconf 78' lang='grc' dir='ltr'><strong>τοῦ</strong></span> <span class='ocrx_word' id='word_1_483' title='bbox 3421 2708 3696 2780; x_wconf 78' lang='grc' dir='ltr'>ἐρωμένου</span> <span class='ocrx_word' id='word_1_484' title='bbox 3745 2708 4021 2777; x_wconf 71' lang='grc' dir='ltr'>ἑλόμενοι,</span> 
     </span>
    </p>
   </div>
   <div class='ocr_carea' id='block_1_73' title="bbox 2439 2797 4022 2870">
    <p class='ocr_par' dir='ltr' id='par_1_73' title="bbox 2439 2797 4022 2870">
     <span class='ocr_line' id='line_1_73' title="bbox 2439 2797 4022 2870; baseline 0 -19"><span class='ocrx_word' id='word_1_485' title='bbox 2439 2800 2678 2870; x_wconf 68' lang='grc' dir='ltr'>ἤνεγκαν</span> <span class='ocrx_word' id='word_1_486' title='bbox 2709 2799 2808 2869; x_wconf 86' lang='grc' dir='ltr'>μὲν</span> <span class='ocrx_word' id='word_1_487' title='bbox 2840 2799 3103 2867; x_wconf 80' lang='grc' dir='ltr'>γενναίως</span> <span class='ocrx_word' id='word_1_488' title='bbox 3131 2798 3229 2869; x_wconf 81' lang='grc' dir='ltr'>τὴν</span> <span class='ocrx_word' id='word_1_489' title='bbox 3259 2798 3369 2851; x_wconf 85' lang='grc' dir='ltr'><strong>τῶν</strong></span> <span class='ocrx_word' id='word_1_490' title='bbox 3407 2797 3595 2851; x_wconf 87' lang='grc' dir='ltr'>παθῶν</span> <span class='ocrx_word' id='word_1_491' title='bbox 3627 2798 4022 2862; x_wconf 79' lang='grc' dir='ltr'>ἐπανάστασιν,</span> 
     </span>
    </p>
   </div>
   <div class='ocr_carea' id='block_1_74' title="bbox 2440 2887 4026 2962">
    <p class='ocr_par' dir='ltr' id='par_1_74' title="bbox 2440 2887 4026 2962">
     <span class='ocr_line' id='line_1_74' title="bbox 2440 2887 4026 2962; baseline -0.003 -18"><span class='ocrx_word' id='word_1_492' title='bbox 2440 2891 2849 2962; x_wconf 78' lang='grc' dir='ltr'>ἀπεκρούσαντο</span> <span class='ocrx_word' id='word_1_493' title='bbox 2883 2890 2939 2947; x_wconf 78' lang='grc' dir='ltr'>δὲ</span> <span class='ocrx_word' id='word_1_494' title='bbox 2970 2888 3254 2960; x_wconf 82' lang='grc' dir='ltr'>καρτερῶς</span> <span class='ocrx_word' id='word_1_495' title='bbox 3282 2888 3392 2941; x_wconf 86' lang='grc' dir='ltr'><strong>τῶν</strong></span> <span class='ocrx_word' id='word_1_496' title='bbox 3420 2887 3512 2941; x_wconf 82' lang='grc' dir='ltr'>τοῦ</span> <span class='ocrx_word' id='word_1_497' title='bbox 3552 2888 3797 2940; x_wconf 77' lang='grc' dir='ltr'>διαϐόλου</span> <span class='ocrx_word' id='word_1_498' title='bbox 3848 2887 4026 2957; x_wconf 79' lang='grc' dir='ltr'>βελῶν</span> 
     </span>
    </p>
   </div>
   <div class='ocr_carea' id='block_1_75' title="bbox 2439 2977 4024 3049">
    <p class='ocr_par' dir='ltr' id='par_1_75' title="bbox 2439 2977 4024 3049">
     <span class='ocr_line' id='line_1_75' title="bbox 2439 2977 4024 3049; baseline -0.004 -15"><span class='ocrx_word' id='word_1_499' title='bbox 2439 2983 2537 3045; x_wconf 73' lang='grc' dir='ltr'>τὰς</span> <span class='ocrx_word' id='word_1_500' title='bbox 2565 2982 2813 3049; x_wconf 81' lang='grc' dir='ltr'>νιφάδας,</span> <span class='ocrx_word' id='word_1_501' title='bbox 2845 2982 2937 3034; x_wconf 71' lang='grc' dir='ltr'>καὶ</span> <span class='ocrx_word' id='word_1_502' title='bbox 2968 2978 3340 3041; x_wconf 85' lang='grc' dir='ltr'>ἀποστολικῶς</span> <span class='ocrx_word' id='word_1_503' title='bbox 3369 2981 3564 3042; x_wconf 80' lang='grc' dir='ltr'>εἰπεῖν,</span> <span class='ocrx_word' id='word_1_504' title='bbox 3592 2978 3652 3030; x_wconf 81' lang='grc' dir='ltr'>τὸ</span> <span class='ocrx_word' id='word_1_505' title='bbox 3680 2977 3837 3048; x_wconf 87' lang='grc' dir='ltr'>σῶμα</span> <span class='ocrx_word' id='word_1_506' title='bbox 3866 2978 4024 3028; x_wconf 77' lang='grc' dir='ltr'>ὑπω-</span> 
     </span>
    </p>
   </div>
   <div class='ocr_carea' id='block_1_76' title="bbox 2448 3067 4028 3142">
    <p class='ocr_par' dir='ltr' id='par_1_76' title="bbox 2448 3067 4028 3142">
     <span class='ocr_line' id='line_1_76' title="bbox 2448 3067 4028 3142; baseline -0.005 -15"><span class='ocrx_word' id='word_1_507' title='bbox 2448 3076 2741 3136; x_wconf 79' lang='grc' dir='ltr'>πιάσαντες</span> <span class='ocrx_word' id='word_1_508' title='bbox 2794 3071 3470 3142; x_wconf 64' lang='grc' dir='ltr'>καῖ’δουλαγωγήσαντες,</span> <span class='ocrx_word' id='word_1_509' title='bbox 3508 3071 3606 3131; x_wconf 75' lang='grc' dir='ltr'><strong>τάς</strong></span> <span class='ocrx_word' id='word_1_510' title='bbox 3655 3070 3752 3139; x_wconf 79' lang='grc' dir='ltr'>μὲν</span> <span class='ocrx_word' id='word_1_511' title='bbox 3796 3067 3892 3120; x_wconf 70' lang='grc' dir='ltr'>τοῦ</span> <span class='ocrx_word' id='word_1_512' title='bbox 3936 3069 4028 3120; x_wconf 56' lang='grc' dir='ltr'>θυ-</span> 
     </span>
    </p>
   </div>
   <div class='ocr_carea' id='block_1_77' title="bbox 2447 3152 4028 3234">
    <p class='ocr_par' dir='ltr' id='par_1_77' title="bbox 2447 3152 4028 3234">
     <span class='ocr_line' id='line_1_77' title="bbox 2447 3152 4028 3234; baseline -0.01 -11"><span class='ocrx_word' id='word_1_513' title='bbox 2447 3165 2546 3233; x_wconf 80' lang='grc' dir='ltr'>μοῦ</span> <span class='ocrx_word' id='word_1_514' title='bbox 2583 3164 2889 3233; x_wconf 74' lang='grc' dir='ltr'>φλεγμονὰς</span> <span class='ocrx_word' id='word_1_515' title='bbox 2943 3162 3345 3234; x_wconf 84' lang='grc' dir='ltr'>κατεπράῡναν,</span> <span class='ocrx_word' id='word_1_516' title='bbox 3390 3152 3497 3212; x_wconf 86' lang='grc' dir='ltr'><strong>τῶν</strong></span> <span class='ocrx_word' id='word_1_517' title='bbox 3526 3158 3829 3228; x_wconf 54' lang='grc' dir='ltr'>«ἐπιθυμῶν</span> <span class='ocrx_word' id='word_1_518' title='bbox 3858 3157 3918 3209; x_wconf 83' lang='grc' dir='ltr'>δὲ</span> <span class='ocrx_word' id='word_1_519' title='bbox 3962 3158 4028 3209; x_wconf 71' lang='grc' dir='ltr'><strong>τὸ</strong></span> 
     </span>
    </p>
   </div>
   <div class='ocr_carea' id='block_1_78' title="bbox 2442 3249 4028 3329">
    <p class='ocr_par' dir='ltr' id='par_1_78' title="bbox 2442 3249 4028 3329">
     <span class='ocr_line' id='line_1_78' title="bbox 2442 3249 4028 3329; baseline -0.005 -20"><span class='ocrx_word' id='word_1_520' title='bbox 2442 3256 2711 3319; x_wconf 84' lang='grc' dir='ltr'>λυσσῶδες</span> <span class='ocrx_word' id='word_1_521' title='bbox 2748 3255 2976 3326; x_wconf 78' lang='grc' dir='ltr'>ἡσυχίαν</span> <span class='ocrx_word' id='word_1_522' title='bbox 3023 3256 3176 3329; x_wconf 70' lang='grc' dir='ltr'>ἄγειν</span> <span class='ocrx_word' id='word_1_523' title='bbox 3214 3253 3533 3323; x_wconf 79' lang='grc' dir='ltr'>ἠνάγκασαν</span> <span class='ocrx_word' id='word_1_524' title='bbox 3556 3270 3568 3281; x_wconf 89' lang='grc'><strong>·</strong></span> <span class='ocrx_word' id='word_1_525' title='bbox 3607 3249 3791 3320; x_wconf 81' lang='grc' dir='ltr'>ἀσιτίᾳ</span> <span class='ocrx_word' id='word_1_526' title='bbox 3834 3249 3891 3301; x_wconf 77' lang='grc' dir='ltr'>δὲ</span> <span class='ocrx_word' id='word_1_527' title='bbox 3928 3252 4028 3301; x_wconf 76' lang='grc' dir='ltr'>καὶ</span> 
     </span>
    </p>
   </div>
   <div class='ocr_carea' id='block_1_79' title="bbox 2443 3342 4027 3421">
    <p class='ocr_par' dir='ltr' id='par_1_79' title="bbox 2443 3342 4027 3421">
     <span class='ocr_line' id='line_1_79' title="bbox 2443 3342 4027 3421; baseline -0.007 -19"><span class='ocrx_word' id='word_1_528' title='bbox 2443 3347 2711 3419; x_wconf 69' lang='grc' dir='ltr'>χαμευνίᾳ</span> <span class='ocrx_word' id='word_1_529' title='bbox 2749 3346 2890 3399; x_wconf 74' lang='grc' dir='ltr'>οὕτω</span> <span class='ocrx_word' id='word_1_530' title='bbox 2924 3347 2994 3398; x_wconf 84' lang='grc' dir='ltr'>τὰ</span> <span class='ocrx_word' id='word_1_531' title='bbox 3040 3347 3186 3421; x_wconf 78' lang='grc' dir='ltr'>πάθη</span> <span class='ocrx_word' id='word_1_532' title='bbox 3228 3346 3577 3415; x_wconf 86' lang='grc' dir='ltr'>κοιμίσαντες</span> <span class='ocrx_word' id='word_1_533' title='bbox 3604 3344 3695 3395; x_wconf 66' lang='grc' dir='ltr'>καὶ</span> <span class='ocrx_word' id='word_1_534' title='bbox 3720 3342 3790 3394; x_wconf 65' lang='grc' dir='ltr'>τὰ</span> <span class='ocrx_word' id='word_1_535' title='bbox 3814 3342 4027 3395; x_wconf 76' lang='grc' dir='ltr'>τούτων</span> 
     </span>
    </p>
   </div>
   <div class='ocr_carea' id='block_1_80' title="bbox 2447 3434 4030 3512">
    <p class='ocr_par' dir='ltr' id='par_1_80' title="bbox 2447 3434 4030 3512">
     <span class='ocr_line' id='line_1_80' title="bbox 2447 3434 4030 3512; baseline -0.004 -19"><span class='ocrx_word' id='word_1_536' title='bbox 2447 3444 2796 3512; x_wconf 81' lang='grc' dir='ltr'>σκιρτήματα</span> <span class='ocrx_word' id='word_1_537' title='bbox 2848 3440 3325 3504; x_wconf 86' lang='grc' dir='ltr'>καταπαύσαντες,</span> <span class='ocrx_word' id='word_1_538' title='bbox 3375 3437 3699 3490; x_wconf 83' lang='grc' dir='ltr'>σπείσασθαι</span> <span class='ocrx_word' id='word_1_539' title='bbox 3750 3438 3811 3489; x_wconf 71' lang='grc' dir='ltr'>τὸ</span> <span class='ocrx_word' id='word_1_540' title='bbox 3859 3434 4030 3504; x_wconf 65' lang='grc' dir='ltr'>σῶμα</span> 
     </span>
    </p>
   </div>
   <div class='ocr_carea' id='block_1_81' title="bbox 2446 3525 4026 3602">
    <p class='ocr_par' dir='ltr' id='par_1_81' title="bbox 2446 3525 4026 3602">
     <span class='ocr_line' id='line_1_81' title="bbox 2446 3525 4026 3602; baseline -0.016 -12"><span class='ocrx_word' id='word_1_541' title='bbox 2446 3531 2581 3601; x_wconf 80' lang='grc' dir='ltr'>πρὸς</span> <span class='ocrx_word' id='word_1_542' title='bbox 2612 3531 2708 3601; x_wconf 77' lang='grc' dir='ltr'>τὴν</span> <span class='ocrx_word' id='word_1_543' title='bbox 2743 3530 2919 3601; x_wconf 73' lang='grc' dir='ltr'>ψυχὴν</span> <span class='ocrx_word' id='word_1_544' title='bbox 2956 3530 3383 3600; x_wconf 82' lang='grc' dir='ltr'>κατηνάγκασαν</span> <span class='ocrx_word' id='word_1_545' title='bbox 3409 3546 3423 3560; x_wconf 80' lang='grc' dir='ltr'><strong><em>ο</em></strong></span> <span class='ocrx_word' id='word_1_546' title='bbox 3453 3529 3546 3581; x_wconf 71' lang='grc' dir='ltr'>καὶ</span> <span class='ocrx_word' id='word_1_547' title='bbox 3592 3528 3682 3579; x_wconf 79' lang='grc' dir='ltr'>τὸν</span> <span class='ocrx_word' id='word_1_548' title='bbox 3716 3527 3813 3602; x_wconf 65' lang='grc' dir='ltr'>μὲν</span> <span class='ocrx_word' id='word_1_549' title='bbox 3846 3525 4026 3595; x_wconf 52' lang='grc' dir='ltr'>ἐμφυ-</span> 
     </span>
    </p>
   </div>
   <div class='ocr_carea' id='block_1_82' title="bbox 2444 3617 4029 3691">
    <p class='ocr_par' dir='ltr' id='par_1_82' title="bbox 2444 3617 4029 3691">
     <span class='ocr_line' id='line_1_82' title="bbox 2444 3617 4029 3691; baseline -0.005 -17"><span class='ocrx_word' id='word_1_550' title='bbox 2444 3638 2535 3674; x_wconf 82' lang='grc' dir='ltr'><strong>τον</strong></span> <span class='ocrx_word' id='word_1_551' title='bbox 2562 3622 2750 3675; x_wconf 83' lang='grc' dir='ltr'>τοῦτον</span> <span class='ocrx_word' id='word_1_552' title='bbox 2783 3624 3080 3676; x_wconf 80' lang='grc' dir='ltr'>κατέλυσαν</span> <span class='ocrx_word' id='word_1_553' title='bbox 3120 3622 3355 3691; x_wconf 76' lang='grc' dir='ltr'>πόλεμον</span> <span class='ocrx_word' id='word_1_554' title='bbox 3383 3637 3395 3649; x_wconf 69' lang='grc'>⁸</span> <span class='ocrx_word' id='word_1_555' title='bbox 3428 3619 3570 3672; x_wconf 69' lang='grc' dir='ltr'>οὕτω</span> <span class='ocrx_word' id='word_1_556' title='bbox 3595 3620 3650 3672; x_wconf 83' lang='grc' dir='ltr'>δὲ</span> <span class='ocrx_word' id='word_1_557' title='bbox 3682 3617 3891 3679; x_wconf 86' lang='grc' dir='ltr'>τούτοις</span> <span class='ocrx_word' id='word_1_558' title='bbox 3924 3618 4029 3686; x_wconf 66' lang='grc' dir='ltr'>τὴν</span> 
     </span>
    </p>
   </div>
   <div class='ocr_carea' id='block_1_83' title="bbox 2446 3710 4030 3787">
    <p class='ocr_par' dir='ltr' id='par_1_83' title="bbox 2446 3710 4030 3787">
     <span class='ocr_line' id='line_1_83' title="bbox 2446 3710 4030 3787; baseline -0.018 0"><span class='ocrx_word' id='word_1_559' title='bbox 2446 3717 2667 3786; x_wconf 72' lang='grc' dir='ltr'>εἰρήνην</span> <span class='ocrx_word' id='word_1_560' title='bbox 2699 3716 3117 3787; x_wconf 74' lang='grc' dir='ltr'>βραδεύσαντες.</span> <span class='ocrx_word' id='word_1_561' title='bbox 3146 3714 3291 3768; x_wconf 77' lang='grc' dir='ltr'>ἆπαν</span> <span class='ocrx_word' id='word_1_562' title='bbox 3321 3714 3428 3765; x_wconf 83' lang='grc' dir='ltr'><strong>τῶν</strong></span> <span class='ocrx_word' id='word_1_563' title='bbox 3459 3713 3713 3765; x_wconf 79' lang='grc' dir='ltr'>ἐναντίων</span> <span class='ocrx_word' id='word_1_564' title='bbox 3742 3710 3800 3762; x_wconf 79' lang='grc' dir='ltr'>τὸ</span> <span class='ocrx_word' id='word_1_565' title='bbox 3836 3711 4030 3779; x_wconf 65' lang='grc' dir='ltr'>στῖφος</span> 
     </span>
    </p>
   </div>
   <div class='ocr_carea' id='block_1_84' title="bbox 2448 3802 4028 3879">
    <p class='ocr_par' dir='ltr' id='par_1_84' title="bbox 2448 3802 4028 3879">
     <span class='ocr_line' id='line_1_84' title="bbox 2448 3802 4028 3879; baseline -0.006 -17"><span class='ocrx_word' id='word_1_566' title='bbox 2448 3809 2735 3879; x_wconf 75' lang='grc' dir='ltr'>ἐξήλασαν.</span> <span class='ocrx_word' id='word_1_567' title='bbox 2761 3808 2896 3871; x_wconf 75' lang='grc' dir='ltr'>Τοὺς</span> <span class='ocrx_word' id='word_1_568' title='bbox 2932 3806 3039 3877; x_wconf 78' lang='grc' dir='ltr'><strong>γὰρ</strong></span> <span class='ocrx_word' id='word_1_569' title='bbox 3059 3806 3129 3858; x_wconf 85' lang='grc' dir='ltr'>τὰ</span> <span class='ocrx_word' id='word_1_570' title='bbox 3156 3804 3302 3859; x_wconf 80' lang='grc' dir='ltr'>ἔνδον</span> <span class='ocrx_word' id='word_1_571' title='bbox 3335 3804 3691 3874; x_wconf 78' lang='grc' dir='ltr'>προϊεμένους</span> <span class='ocrx_word' id='word_1_572' title='bbox 3727 3802 4028 3871; x_wconf 64' lang='grc' dir='ltr'>λογισμοὺς</span> 
     </span>
    </p>
   </div>
   <div class='ocr_carea' id='block_1_85' title="bbox 2447 3892 4029 3969">
    <p class='ocr_par' dir='ltr' id='par_1_85' title="bbox 2447 3892 4029 3969">
     <span class='ocr_line' id='line_1_85' title="bbox 2447 3892 4029 3969; baseline -0.005 -17"><span class='ocrx_word' id='word_1_573' title='bbox 2447 3902 2546 3953; x_wconf 70' lang='grc' dir='ltr'>οὐκ</span> <span class='ocrx_word' id='word_1_574' title='bbox 2592 3899 2827 3969; x_wconf 78' lang='grc' dir='ltr'>ἔχοντες,</span> <span class='ocrx_word' id='word_1_575' title='bbox 2880 3899 2972 3951; x_wconf 71' lang='grc' dir='ltr'>καὶ</span> <span class='ocrx_word' id='word_1_576' title='bbox 3003 3898 3100 3966; x_wconf 80' lang='grc' dir='ltr'>τῆς</span> <span class='ocrx_word' id='word_1_577' title='bbox 3140 3896 3247 3949; x_wconf 90' lang='grc' dir='ltr'><strong>τῶν</strong></span> <span class='ocrx_word' id='word_1_578' title='bbox 3296 3894 3652 3965; x_wconf 80' lang='grc' dir='ltr'>ἀνθρωπίνων</span> <span class='ocrx_word' id='word_1_579' title='bbox 3687 3892 3865 3961; x_wconf 85' lang='grc' dir='ltr'>μελῶν</span> <span class='ocrx_word' id='word_1_580' title='bbox 3897 3909 4029 3945; x_wconf 88' lang='grc' dir='ltr'>συν-</span> 
     </span>
    </p>
   </div>
   <div class='ocr_carea' id='block_1_86' title="bbox 2447 3984 4028 4062">
    <p class='ocr_par' dir='ltr' id='par_1_86' title="bbox 2447 3984 4028 4062">
     <span class='ocr_line' id='line_1_86' title="bbox 2447 3984 4028 4062; baseline -0.005 -18"><span class='ocrx_word' id='word_1_581' title='bbox 2447 3991 2637 4062; x_wconf 87' lang='grc' dir='ltr'>εργίας</span> <span class='ocrx_word' id='word_1_582' title='bbox 2674 3989 3050 4062; x_wconf 77' lang='grc' dir='ltr'>ἐστερημένοι,</span> <span class='ocrx_word' id='word_1_583' title='bbox 3084 3988 3339 4057; x_wconf 80' lang='grc' dir='ltr'>πολεμεῖν</span> <span class='ocrx_word' id='word_1_584' title='bbox 3372 3987 3472 4038; x_wconf 64' lang='grc' dir='ltr'>οὐκ</span> <span class='ocrx_word' id='word_1_585' title='bbox 3515 3986 3794 4054; x_wconf 70' lang='grc' dir='ltr'>ἠδύναντο.</span> <span class='ocrx_word' id='word_1_586' title='bbox 3834 3984 4028 4037; x_wconf 74' lang='grc' dir='ltr'>Βέλετι</span> 
     </span>
    </p>
   </div>
   <div class='ocr_carea' id='block_1_87' title="bbox 2448 4076 4029 4153">
    <p class='ocr_par' dir='ltr' id='par_1_87' title="bbox 2448 4076 4029 4153">
     <span class='ocr_line' id='line_1_87' title="bbox 2448 4076 4029 4153; baseline -0.004 -18"><span class='ocrx_word' id='word_1_587' title='bbox 2448 4082 2561 4153; x_wconf 87' lang='grc' dir='ltr'>γὰρ</span> <span class='ocrx_word' id='word_1_588' title='bbox 2615 4080 2734 4134; x_wconf 84' lang='grc' dir='ltr'>καθ’</span> <span class='ocrx_word' id='word_1_589' title='bbox 2764 4080 2925 4151; x_wconf 80' lang='grc' dir='ltr'>ἡμῶν</span> <span class='ocrx_word' id='word_1_590' title='bbox 2971 4081 2999 4132; x_wconf 86' lang='grc' dir='ltr'>ὁ</span> <span class='ocrx_word' id='word_1_591' title='bbox 3033 4078 3277 4142; x_wconf 78' lang='grc' dir='ltr'>διάὁολος</span> <span class='ocrx_word' id='word_1_592' title='bbox 3332 4081 3445 4140; x_wconf 87' lang='grc' dir='ltr'>τοῖς</span> <span class='ocrx_word' id='word_1_593' title='bbox 3495 4077 3787 4147; x_wconf 83' lang='grc' dir='ltr'>ἡμετέροις</span> <span class='ocrx_word' id='word_1_594' title='bbox 3837 4076 4029 4146; x_wconf 83' lang='grc' dir='ltr'>μέλεσι</span> 
     </span>
    </p>
   </div>
   <div class='ocr_carea' id='block_1_88' title="bbox 2448 4166 4029 4246">
    <p class='ocr_par' dir='ltr' id='par_1_88' title="bbox 2448 4166 4029 4246">
     <span class='ocr_line' id='line_1_88' title="bbox 2448 4166 4029 4246; baseline -0.007 -16"><span class='ocrx_word' id='word_1_595' title='bbox 2448 4176 2730 4246; x_wconf 87' lang='grc' dir='ltr'>κέχρηται.</span> <span class='ocrx_word' id='word_1_596' title='bbox 2776 4171 3098 4241; x_wconf 64' lang='grc' dir='ltr'>Ὀφθαλμῶνν</span> <span class='ocrx_word' id='word_1_597' title='bbox 3125 4172 3232 4242; x_wconf 75' lang='grc' dir='ltr'><strong>γὰρ</strong></span> <span class='ocrx_word' id='word_1_598' title='bbox 3286 4170 3359 4243; x_wconf 77' lang='grc' dir='ltr'>μὴ</span> <span class='ocrx_word' id='word_1_599' title='bbox 3407 4169 3804 4238; x_wconf 75' lang='grc' dir='ltr'>δελεαζομένων</span> <span class='ocrx_word' id='word_1_600' title='bbox 3832 4208 3846 4231; x_wconf 95' lang='grc'><strong>,</strong></span> <span class='ocrx_word' id='word_1_601' title='bbox 3888 4166 4029 4237; x_wconf 69' lang='grc' dir='ltr'>μηδὲ</span> 
     </span>
    </p>
   </div>
   <div class='ocr_carea' id='block_1_89' title="bbox 2448 4258 4026 4332">
    <p class='ocr_par' dir='ltr' id='par_1_89' title="bbox 2448 4258 4026 4332">
     <span class='ocr_line' id='line_1_89' title="bbox 2448 4258 4026 4332; baseline -0.011 -13"><span class='ocrx_word' id='word_1_602' title='bbox 2448 4265 2627 4319; x_wconf 84' lang='grc' dir='ltr'>ἀκοῶν</span> <span class='ocrx_word' id='word_1_603' title='bbox 2664 4262 3164 4332; x_wconf 87' lang='grc' dir='ltr'>καταθελγομένων,</span> <span class='ocrx_word' id='word_1_604' title='bbox 3197 4260 3327 4331; x_wconf 81' lang='grc' dir='ltr'>μηδὲ</span> <span class='ocrx_word' id='word_1_605' title='bbox 3358 4259 3827 4329; x_wconf 73' lang='grc' dir='ltr'>γαργαλιζομένης</span> <span class='ocrx_word' id='word_1_606' title='bbox 3856 4258 4026 4325; x_wconf 60' lang='grc' dir='ltr'>ἀςξῆς,</span> 
     </span>
    </p>
   </div>
   <div class='ocr_carea' id='block_1_90' title="bbox 2452 4347 4029 4426">
    <p class='ocr_par' dir='ltr' id='par_1_90' title="bbox 2452 4347 4029 4426">
     <span class='ocr_line' id='line_1_90' title="bbox 2452 4347 4029 4426; baseline -0.004 -19"><span class='ocrx_word' id='word_1_607' title='bbox 2452 4354 2583 4426; x_wconf 79' lang='grc' dir='ltr'>μηδὲ</span> <span class='ocrx_word' id='word_1_608' title='bbox 2614 4353 2708 4406; x_wconf 77' lang='grc' dir='ltr'><strong>τοῦ</strong></span> <span class='ocrx_word' id='word_1_609' title='bbox 2744 4352 2833 4406; x_wconf 83' lang='grc' dir='ltr'>νοῦ</span> <span class='ocrx_word' id='word_1_610' title='bbox 2868 4352 2936 4405; x_wconf 75' lang='grc' dir='ltr'><strong>τὰ</strong></span> <span class='ocrx_word' id='word_1_611' title='bbox 2966 4353 3175 4422; x_wconf 69' lang='grc' dir='ltr'>πονηρὰ</span> <span class='ocrx_word' id='word_1_612' title='bbox 3208 4351 3496 4421; x_wconf 85' lang='grc' dir='ltr'>δεχομένου</span> <span class='ocrx_word' id='word_1_613' title='bbox 3535 4347 3893 4418; x_wconf 85' lang='grc' dir='ltr'>βουλεύματα,</span> <span class='ocrx_word' id='word_1_614' title='bbox 3917 4348 4029 4416; x_wconf 80' lang='grc' dir='ltr'>μά-</span> 
     </span>
    </p>
   </div>
   <div class='ocr_carea' id='block_1_91' title="bbox 2448 4434 4030 4513">
    <p class='ocr_par' dir='ltr' id='par_1_91' title="bbox 2448 4434 4030 4513">
     <span class='ocr_line' id='line_1_91' title="bbox 2448 4434 4030 4513; baseline -0.006 -15"><span class='ocrx_word' id='word_1_615' title='bbox 2448 4463 2599 4509; x_wconf 85' lang='grc' dir='ltr'>ταιος</span> <span class='ocrx_word' id='word_1_616' title='bbox 2624 4448 2735 4507; x_wconf 85' lang='grc' dir='ltr'>τοῖς</span> <span class='ocrx_word' id='word_1_617' title='bbox 2770 4444 3210 4497; x_wconf 78' lang='grc' dir='ltr'>ἐπιϐουλεύουσιν</span> <span class='ocrx_word' id='word_1_618' title='bbox 3239 4434 3306 4513; x_wconf 77' lang='grc' dir='ltr'>ἦν</span> <span class='ocrx_word' id='word_1_619' title='bbox 3338 4443 3373 4512; x_wconf 80' lang='grc' dir='ltr'>ἡ</span> <span class='ocrx_word' id='word_1_620' title='bbox 3418 4441 3640 4510; x_wconf 79' lang='grc' dir='ltr'>σπουδή.</span> <span class='ocrx_word' id='word_1_621' title='bbox 3672 4440 3884 4507; x_wconf 77' lang='grc' dir='ltr'>Ὠσπερ</span> <span class='ocrx_word' id='word_1_622' title='bbox 3916 4438 4030 4505; x_wconf 65' lang='grc' dir='ltr'><strong>γὰρ</strong></span> 
     </span>
    </p>
   </div>
   <div class='ocr_carea' id='block_1_92' title="bbox 770 4531 2340 4626">
    <p class='ocr_par' dir='ltr' id='par_1_92' title="bbox 770 4540 2340 4614">
     <span class='ocr_line' id='line_1_92' title="bbox 770 4540 2340 4614; baseline 0.003 -17"><span class='ocrx_word' id='word_1_623' title='bbox 770 4542 1174 4614; x_wconf 89' lang='lat' dir='ltr'><strong>profundisque</strong></span> <span class='ocrx_word' id='word_1_624' title='bbox 1205 4540 1370 4598; x_wconf 86' lang='lat' dir='ltr'><strong>fossis</strong></span> <span class='ocrx_word' id='word_1_625' title='bbox 1402 4543 1647 4613; x_wconf 92' lang='lat' dir='ltr'><strong>undique</strong></span> <span class='ocrx_word' id='word_1_626' title='bbox 1674 4544 2109 4610; x_wconf 89' lang='lat' dir='ltr'><strong>circumdatam,</strong></span> <span class='ocrx_word' id='word_1_627' title='bbox 2161 4546 2340 4601; x_wconf 83' lang='lat' dir='ltr'><strong>nullus</strong></span> 
     </span>
    </p>
   </div>
   <div class='ocr_carea' id='block_1_93' title="bbox 2442 4531 4028 4626">
    <p class='ocr_par' dir='ltr' id='par_1_93' title="bbox 2452 4531 4028 4608">
     <span class='ocr_line' id='line_1_93' title="bbox 2452 4531 4028 4608; baseline -0.006 -17"><span class='ocrx_word' id='word_1_628' title='bbox 2452 4540 2605 4593; x_wconf 85' lang='grc' dir='ltr'>πόλιν</span> <span class='ocrx_word' id='word_1_629' title='bbox 2634 4538 2718 4607; x_wconf 74' lang='grc' dir='ltr'><strong>ἐφ’</strong></span> <span class='ocrx_word' id='word_1_630' title='bbox 2757 4539 2919 4608; x_wconf 71' lang='grc' dir='ltr'>ὕψους</span> <span class='ocrx_word' id='word_1_631' title='bbox 2949 4538 3197 4608; x_wconf 84' lang='grc' dir='ltr'>ᾠκοδομη</span> <span class='ocrx_word' id='word_1_632' title='bbox 3206 4536 3393 4605; x_wconf 83' lang='grc' dir='ltr'>μένην,</span> <span class='ocrx_word' id='word_1_633' title='bbox 3423 4536 3514 4586; x_wconf 81' lang='grc' dir='ltr'>καὶ</span> <span class='ocrx_word' id='word_1_634' title='bbox 3542 4531 3847 4603; x_wconf 75' lang='grc' dir='ltr'>περιϐόλοις</span> <span class='ocrx_word' id='word_1_635' title='bbox 3874 4533 4028 4600; x_wconf 80' lang='grc' dir='ltr'>ἰσχυ-</span> 
     </span>
    </p>
   </div>
   <div class='ocr_carea' id='block_1_94' title="bbox 770 4635 2349 4709">
    <p class='ocr_par' dir='ltr' id='par_1_94' title="bbox 770 4635 2349 4709">
     <span class='ocr_line' id='line_1_94' title="bbox 770 4635 2349 4709; baseline 0 -17"><span class='ocrx_word' id='word_1_636' title='bbox 770 4637 946 4692; x_wconf 90' lang='lat' dir='ltr'><strong>bostis</strong></span> <span class='ocrx_word' id='word_1_637' title='bbox 975 4635 1217 4705; x_wconf 81' lang='lat' dir='ltr'><strong>ceperit,</strong></span> <span class='ocrx_word' id='word_1_638' title='bbox 1248 4637 1295 4689; x_wconf 90' lang='lat' dir='ltr'><strong>si</strong></span> <span class='ocrx_word' id='word_1_639' title='bbox 1321 4652 1387 4691; x_wconf 79' lang='lat' dir='ltr'><strong>ex</strong></span> <span class='ocrx_word' id='word_1_640' title='bbox 1416 4638 1484 4691; x_wconf 90' lang='lat' dir='ltr'><strong>iis</strong></span> <span class='ocrx_word' id='word_1_641' title='bbox 1510 4637 1603 4706; x_wconf 88' lang='lat' dir='ltr'><strong>qui</strong></span> <span class='ocrx_word' id='word_1_642' title='bbox 1663 4637 1812 4691; x_wconf 88' lang='lat' dir='ltr'><strong>intus</strong></span> <span class='ocrx_word' id='word_1_643' title='bbox 1867 4645 1996 4692; x_wconf 90' lang='lat' dir='ltr'><strong>sunt</strong></span> <span class='ocrx_word' id='word_1_644' title='bbox 2031 4653 2193 4692; x_wconf 90' lang='lat' dir='ltr'><strong>nemo</strong></span> <span class='ocrx_word' id='word_1_645' title='bbox 2223 4653 2349 4709; x_wconf 88' lang='lat' dir='ltr'><strong>pro-</strong></span> 
     </span>
    </p>
   </div>
   <div class='ocr_carea' id='block_1_95' title="bbox 770 4725 2355 4805">
    <p class='ocr_par' dir='ltr' id='par_1_95' title="bbox 770 4725 2355 4805">
     <span class='ocr_line' id='line_1_95' title="bbox 770 4725 2355 4805; baseline 0.001 -25"><span class='ocrx_word' id='word_1_646' title='bbox 770 4726 903 4790; x_wconf 89' lang='lat' dir='ltr'><strong>dat,</strong></span> <span class='ocrx_word' id='word_1_647' title='bbox 937 4734 993 4780; x_wconf 88' lang='lat' dir='ltr'><strong>et</strong></span> <span class='ocrx_word' id='word_1_648' title='bbox 1045 4735 1237 4805; x_wconf 82' lang='lat' dir='ltr'><strong>portas</strong></span> <span class='ocrx_word' id='word_1_649' title='bbox 1273 4727 1489 4795; x_wconf 88' lang='lat' dir='ltr'><strong>aliquas</strong></span> <span class='ocrx_word' id='word_1_650' title='bbox 1530 4727 1781 4795; x_wconf 85' lang='lat' dir='ltr'><strong>aperiat,</strong></span> <span class='ocrx_word' id='word_1_651' title='bbox 1825 4725 1899 4779; x_wconf 89' lang='lat' dir='ltr'><strong>ita</strong></span> <span class='ocrx_word' id='word_1_652' title='bbox 1934 4728 2051 4781; x_wconf 82' lang='lat' dir='ltr'><strong>fieri</strong></span> <span class='ocrx_word' id='word_1_653' title='bbox 2084 4742 2193 4781; x_wconf 91' lang='lat' dir='ltr'><strong>non</strong></span> <span class='ocrx_word' id='word_1_654' title='bbox 2254 4743 2355 4795; x_wconf 69' lang='lat' dir='ltr'><strong>po-‘</strong></span> 
     </span>
    </p>
   </div>
   <div class='ocr_carea' id='block_1_96' title="bbox 771 4817 2348 4887">
    <p class='ocr_par' dir='ltr' id='par_1_96' title="bbox 771 4817 2348 4887">
     <span class='ocr_line' id='line_1_96' title="bbox 771 4817 2348 4887; baseline -0.001 -15"><span class='ocrx_word' id='word_1_655' title='bbox 771 4824 879 4872; x_wconf 86' lang='lat' dir='ltr'><strong>test</strong></span> <span class='ocrx_word' id='word_1_656' title='bbox 926 4824 985 4871; x_wconf 88' lang='lat' dir='ltr'><strong>ut</strong></span> <span class='ocrx_word' id='word_1_657' title='bbox 1024 4817 1298 4871; x_wconf 68' lang='lat' dir='ltr'><strong>dmutones</strong></span> <span class='ocrx_word' id='word_1_658' title='bbox 1321 4858 1336 4883; x_wconf 94' lang='lat'><strong>,</strong></span> <span class='ocrx_word' id='word_1_659' title='bbox 1370 4817 1463 4887; x_wconf 86' lang='lat' dir='ltr'><strong>qui</strong></span> <span class='ocrx_word' id='word_1_660' title='bbox 1499 4817 1699 4871; x_wconf 89' lang='lat' dir='ltr'><strong>bellum</strong></span> <span class='ocrx_word' id='word_1_661' title='bbox 1733 4817 2083 4871; x_wconf 81' lang='lat' dir='ltr'><strong>extrinsecus</strong></span> <span class='ocrx_word' id='word_1_662' title='bbox 2113 4828 2348 4887; x_wconf 80' lang='lat' dir='ltr'><strong>gerunt,</strong></span> 
     </span>
    </p>
   </div>
   <div class='ocr_carea' id='block_1_97' title="bbox 773 4908 2347 4976">
    <p class='ocr_par' dir='ltr' id='par_1_97' title="bbox 773 4908 2347 4976">
     <span class='ocr_line' id='line_1_97' title="bbox 773 4908 2347 4976; baseline -0.002 -14"><span class='ocrx_word' id='word_1_663' title='bbox 773 4909 1009 4962; x_wconf 85' lang='lat' dir='ltr'><strong>animam</strong></span> <span class='ocrx_word' id='word_1_664' title='bbox 1063 4915 1324 4976; x_wconf 89' lang='lat' dir='ltr'><strong>superent</strong></span> <span class='ocrx_word' id='word_1_665' title='bbox 1376 4923 1406 4959; x_wconf 90' lang='lat' dir='ltr'><strong>a</strong></span> <span class='ocrx_word' id='word_1_666' title='bbox 1457 4908 1647 4961; x_wconf 91' lang='lat' dir='ltr'><strong>divina</strong></span> <span class='ocrx_word' id='word_1_667' title='bbox 1690 4909 1867 4976; x_wconf 81' lang='lat' dir='ltr'><strong>gratia</strong></span> <span class='ocrx_word' id='word_1_668' title='bbox 1907 4908 2347 4973; x_wconf 90' lang='lat' dir='ltr'><strong>circumdatam,</strong></span> 
     </span>
    </p>
   </div>
   <div class='ocr_carea' id='block_1_98' title="bbox 774 4997 2350 5068">
    <p class='ocr_par' dir='ltr' id='par_1_98' title="bbox 774 4997 2350 5068">
     <span class='ocr_line' id='line_1_98' title="bbox 774 4997 2350 5068; baseline -0.003 -14"><span class='ocrx_word' id='word_1_669' title='bbox 774 5000 884 5054; x_wconf 86' lang='lat' dir='ltr'><strong>nisi</strong></span> <span class='ocrx_word' id='word_1_670' title='bbox 936 4998 1284 5068; x_wconf 79' lang='lat' dir='ltr'><strong>cogitationis</strong></span> <span class='ocrx_word' id='word_1_671' title='bbox 1340 4998 1575 5066; x_wconf 86' lang='lat' dir='ltr'><strong>alicujus</strong></span> <span class='ocrx_word' id='word_1_672' title='bbox 1632 4997 1885 5052; x_wconf 86' lang='lat' dir='ltr'><strong>socordia</strong></span> <span class='ocrx_word' id='word_1_673' title='bbox 1940 5012 2203 5051; x_wconf 90' lang='lat' dir='ltr'><strong>sensuum</strong></span> <span class='ocrx_word' id='word_1_674' title='bbox 2257 5012 2350 5051; x_wconf 88' lang='lat' dir='ltr'><strong>no-</strong></span> 
     </span>
    </p>
   </div>
   <div class='ocr_carea' id='block_1_99' title="bbox 775 5087 2345 5156">
    <p class='ocr_par' dir='ltr' id='par_1_99' title="bbox 775 5087 2345 5156">
     <span class='ocr_line' id='line_1_99' title="bbox 775 5087 2345 5156; baseline -0.003 -12"><span class='ocrx_word' id='word_1_675' title='bbox 775 5097 1015 5144; x_wconf 82' lang='lat' dir='ltr'><strong>strorum</strong></span> <span class='ocrx_word' id='word_1_676' title='bbox 1050 5088 1286 5156; x_wconf 86' lang='lat' dir='ltr'><strong>aliquam</strong></span> <span class='ocrx_word' id='word_1_677' title='bbox 1324 5087 1620 5141; x_wconf 82' lang='lat' dir='ltr'><strong>fenestram</strong></span> <span class='ocrx_word' id='word_1_678' title='bbox 1662 5092 1978 5156; x_wconf 88' lang='lat' dir='ltr'><strong>aperuerit,</strong></span> <span class='ocrx_word' id='word_1_679' title='bbox 2017 5097 2069 5141; x_wconf 89' lang='lat' dir='ltr'><strong>et</strong></span> <span class='ocrx_word' id='word_1_680' title='bbox 2104 5104 2199 5156; x_wconf 90' lang='lat' dir='ltr'><strong>per</strong></span> <span class='ocrx_word' id='word_1_681' title='bbox 2225 5103 2345 5141; x_wconf 91' lang='lat' dir='ltr'><strong>eam</strong></span> 
     </span>
    </p>
   </div>
   <div class='ocr_carea' id='block_1_100' title="bbox 778 5177 2349 5250">
    <p class='ocr_par' dir='ltr' id='par_1_100' title="bbox 778 5177 2349 5250">
     <span class='ocr_line' id='line_1_100' title="bbox 778 5177 2349 5250; baseline -0.002 -16"><span class='ocrx_word' id='word_1_682' title='bbox 778 5180 1062 5234; x_wconf 90' lang='lat' dir='ltr'><strong>inimicum</strong></span> <span class='ocrx_word' id='word_1_683' title='bbox 1093 5182 1108 5197; x_wconf 82' lang='lat'><strong><em>‘</em></strong></span> <span class='ocrx_word' id='word_1_684' title='bbox 1144 5181 1289 5233; x_wconf 91' lang='lat' dir='ltr'><strong>intro</strong></span> <span class='ocrx_word' id='word_1_685' title='bbox 1320 5179 1628 5232; x_wconf 86' lang='lat' dir='ltr'><strong>admiserit.</strong></span> <span class='ocrx_word' id='word_1_686' title='bbox 1681 5177 1807 5232; x_wconf 71' lang='lat' dir='ltr'><strong>llaec</strong></span> <span class='ocrx_word' id='word_1_687' title='bbox 1837 5194 1865 5232; x_wconf 89' lang='lat' dir='ltr'><strong>a</strong></span> <span class='ocrx_word' id='word_1_688' title='bbox 1905 5178 2118 5250; x_wconf 71' lang='grc'><strong>1104</strong></span> <span class='ocrx_word' id='word_1_689' title='bbox 2164 5179 2349 5233; x_wconf 88' lang='lat' dir='ltr'><strong>divina</strong></span> 
     </span>
    </p>
   </div>
   <div class='ocr_carea' id='block_1_101' title="bbox 780 5269 2351 5341">
    <p class='ocr_par' dir='ltr' id='par_1_101' title="bbox 780 5269 2351 5341">
     <span class='ocr_line' id='line_1_101' title="bbox 780 5269 2351 5341; baseline -0.002 -14"><span class='ocrx_word' id='word_1_690' title='bbox 780 5271 1061 5341; x_wconf 86' lang='lat' dir='ltr'><strong>Scriptura</strong></span> <span class='ocrx_word' id='word_1_691' title='bbox 1086 5286 1208 5324; x_wconf 89' lang='lat' dir='ltr'><strong>cum</strong></span> <span class='ocrx_word' id='word_1_692' title='bbox 1242 5283 1431 5339; x_wconf 88' lang='lat' dir='ltr'><strong>aperte</strong></span> <span class='ocrx_word' id='word_1_693' title='bbox 1461 5269 1794 5324; x_wconf 87' lang='lat' dir='ltr'><strong>didicissent</strong></span> <span class='ocrx_word' id='word_1_694' title='bbox 1824 5270 1860 5323; x_wconf 93' lang='lat' dir='ltr'><strong>ii</strong></span> <span class='ocrx_word' id='word_1_695' title='bbox 1886 5285 2119 5338; x_wconf 89' lang='lat' dir='ltr'><strong>quorum</strong></span> <span class='ocrx_word' id='word_1_696' title='bbox 2159 5269 2351 5325; x_wconf 87' lang='lat' dir='ltr'><strong>laudes</strong></span> 
     </span>
    </p>
   </div>
   <div class='ocr_carea' id='block_1_102' title="bbox 775 5361 2347 5432">
    <p class='ocr_par' dir='ltr' id='par_1_102' title="bbox 775 5361 2347 5432">
     <span class='ocr_line' id='line_1_102' title="bbox 775 5361 2347 5432; baseline -0.004 -12"><span class='ocrx_word' id='word_1_697' title='bbox 775 5365 1155 5425; x_wconf 85' lang='lat' dir='ltr'><strong>celebramus,</strong></span> <span class='ocrx_word' id='word_1_698' title='bbox 1211 5362 1494 5431; x_wconf 80' lang='lat' dir='ltr'><strong>Deumque</strong></span> <span class='ocrx_word' id='word_1_699' title='bbox 1545 5377 1643 5432; x_wconf 87' lang='lat' dir='ltr'><strong>per</strong></span> <span class='ocrx_word' id='word_1_700' title='bbox 1694 5361 2017 5432; x_wconf 87' lang='lat' dir='ltr'><strong>prophetam</strong></span> <span class='ocrx_word' id='word_1_701' title='bbox 2052 5361 2347 5415; x_wconf 84' lang='lat' dir='ltr'><strong>dicentem</strong></span> 
     </span>
    </p>
   </div>
   <div class='ocr_carea' id='block_1_103' title="bbox 778 5450 2349 5520">
    <p class='ocr_par' dir='ltr' id='par_1_103' title="bbox 778 5450 2349 5520">
     <span class='ocr_line' id='line_1_103' title="bbox 778 5450 2349 5520; baseline -0.001 -14"><span class='ocrx_word' id='word_1_702' title='bbox 778 5452 1139 5516; x_wconf 83' lang='lat' dir='ltr'><strong>audivissent,</strong></span> <span class='ocrx_word' id='word_1_703' title='bbox 1175 5470 1192 5502; x_wconf 78' lang='grc' dir='ltr'><strong>ι</strong></span> <span class='ocrx_word' id='word_1_704' title='bbox 1235 5451 1498 5506; x_wconf 79' lang='lat' dir='ltr'><strong>Ascendit</strong></span> <span class='ocrx_word' id='word_1_705' title='bbox 1526 5465 1674 5505; x_wconf 85' lang='lat' dir='ltr'><strong>mors</strong></span> <span class='ocrx_word' id='word_1_706' title='bbox 1705 5466 1801 5520; x_wconf 90' lang='lat' dir='ltr'><strong>per</strong></span> <span class='ocrx_word' id='word_1_707' title='bbox 1835 5450 2105 5505; x_wconf 85' lang='lat' dir='ltr'><strong>fenestras</strong></span> <span class='ocrx_word' id='word_1_708' title='bbox 2127 5455 2176 5510; x_wconf 77' lang='grc' dir='ltr'>ά,</span> <span class='ocrx_word' id='word_1_709' title='bbox 2202 5468 2221 5502; x_wconf 73' lang='grc' dir='ltr'><strong>ι</strong></span> <span class='ocrx_word' id='word_1_710' title='bbox 2261 5450 2349 5504; x_wconf 80' lang='lat' dir='ltr'><strong>di-</strong></span> 
     </span>
    </p>
   </div>
   <div class='ocr_carea' id='block_1_104' title="bbox 778 5541 2350 5613">
    <p class='ocr_par' dir='ltr' id='par_1_104' title="bbox 778 5541 2350 5613">
     <span class='ocr_line' id='line_1_104' title="bbox 778 5541 2350 5613; baseline -0.004 -13"><span class='ocrx_word' id='word_1_711' title='bbox 778 5542 926 5600; x_wconf 74' lang='lat' dir='ltr'><strong>vinis</strong></span> <span class='ocrx_word' id='word_1_712' title='bbox 973 5543 1219 5613; x_wconf 78' lang='lat' dir='ltr'><strong>legibus,</strong></span> <span class='ocrx_word' id='word_1_713' title='bbox 1283 5551 1541 5612; x_wconf 84' lang='lat' dir='ltr'><strong>tanquam</strong></span> <span class='ocrx_word' id='word_1_714' title='bbox 1597 5541 2244 5612; x_wconf 76' lang='lat' dir='ltr'><strong>repagulisquibusdam</strong></span> <span class='ocrx_word' id='word_1_715' title='bbox 2293 5549 2350 5594; x_wconf 56' lang='lat' dir='ltr'><strong>et</strong></span> 
     </span>
    </p>
   </div>
   <div class='ocr_carea' id='block_1_105' title="bbox 780 5633 2343 5700">
    <p class='ocr_par' dir='ltr' id='par_1_105' title="bbox 780 5633 2343 5700">
     <span class='ocr_line' id='line_1_105' title="bbox 780 5633 2343 5700; baseline -0.001 -10"><span class='ocrx_word' id='word_1_716' title='bbox 780 5635 1063 5700; x_wconf 80' lang='lat' dir='ltr'><strong>vectibus,</strong></span> <span class='ocrx_word' id='word_1_717' title='bbox 1091 5649 1292 5691; x_wconf 84' lang='lat' dir='ltr'><strong>sensus</strong></span> <span class='ocrx_word' id='word_1_718' title='bbox 1323 5634 1673 5690; x_wconf 88' lang='lat' dir='ltr'><strong>occludentes</strong></span> <span class='ocrx_word' id='word_1_719' title='bbox 1693 5673 1708 5699; x_wconf 89' lang='lat'><strong>,</strong></span> <span class='ocrx_word' id='word_1_720' title='bbox 1745 5633 1912 5688; x_wconf 83' lang='lat' dir='ltr'><strong>menti</strong></span> <span class='ocrx_word' id='word_1_721' title='bbox 1936 5634 2120 5688; x_wconf 87' lang='lat' dir='ltr'><strong>claves</strong></span> <span class='ocrx_word' id='word_1_722' title='bbox 2147 5644 2343 5689; x_wconf 78' lang='lat' dir='ltr'><strong>eorum</strong></span> 
     </span>
    </p>
   </div>
   <div class='ocr_carea' id='block_1_106' title="bbox 860 5831 2314 5906">
    <p class='ocr_par' dir='ltr' id='par_1_106' title="bbox 860 5831 2314 5906">
     <span class='ocr_line' id='line_1_106' title="bbox 860 5831 2314 5906; baseline -0.001 -17"><span class='ocrx_word' id='word_1_723' title='bbox 860 5842 882 5869; x_wconf 85' lang='grc'><strong><em>⁸</em></strong></span> <span class='ocrx_word' id='word_1_724' title='bbox 904 5834 1100 5906; x_wconf 78' lang='lat' dir='ltr'><strong>Ephes.</strong></span> <span class='ocrx_word' id='word_1_725' title='bbox 1131 5853 1204 5904; x_wconf 82' lang='grc' dir='ltr'><strong>νι,</strong></span> <span class='ocrx_word' id='word_1_726' title='bbox 1233 5837 1419 5893; x_wconf 68' lang='lat'><strong>15-17.</strong></span> <span class='ocrx_word' id='word_1_727' title='bbox 1498 5837 1525 5879; x_wconf 73' lang='grc'><strong>1³</strong></span> <span class='ocrx_word' id='word_1_728' title='bbox 1554 5834 1684 5892; x_wconf 86' lang='lat' dir='ltr'><strong>ibid.</strong></span> <span class='ocrx_word' id='word_1_729' title='bbox 1722 5836 1806 5891; x_wconf 74' lang='grc'><strong>12.</strong></span> <span class='ocrx_word' id='word_1_730' title='bbox 1886 5846 1907 5875; x_wconf 72' lang='grc' dir='ltr'><strong>ε</strong></span> <span class='ocrx_word' id='word_1_731' title='bbox 1946 5834 1966 5890; x_wconf 83' lang='grc' dir='ltr'>Ι</span> <span class='ocrx_word' id='word_1_732' title='bbox 1993 5835 2098 5892; x_wconf 84' lang='lat' dir='ltr'><strong>Cor</strong></span> <span class='ocrx_word' id='word_1_733' title='bbox 2127 5831 2314 5901; x_wconf 67' lang='lat' dir='ltr'><strong>Ix,&#39;27.</strong></span> 
     </span>
    </p>
   </div>
   <div class='ocr_carea' id='block_1_107' title="bbox 2457 4623 4029 4702">
    <p class='ocr_par' dir='ltr' id='par_1_107' title="bbox 2457 4623 4029 4702">
     <span class='ocr_line' id='line_1_107' title="bbox 2457 4623 4029 4702; baseline -0.007 -18"><span class='ocrx_word' id='word_1_734' title='bbox 2457 4634 2567 4702; x_wconf 85' lang='grc' dir='ltr'>ροῖς</span> <span class='ocrx_word' id='word_1_735' title='bbox 2602 4630 3155 4702; x_wconf 82' lang='grc' dir='ltr'>περιτετειχισμένην,</span> <span class='ocrx_word' id='word_1_736' title='bbox 3188 4629 3281 4681; x_wconf 70' lang='grc' dir='ltr'>καὶ</span> <span class='ocrx_word' id='word_1_737' title='bbox 3328 4627 3565 4697; x_wconf 79' lang='grc' dir='ltr'>φάραγξι</span> <span class='ocrx_word' id='word_1_738' title='bbox 3599 4623 3845 4695; x_wconf 82' lang='grc' dir='ltr'>βαθείαις</span> <span class='ocrx_word' id='word_1_739' title='bbox 3890 4628 4029 4675; x_wconf 81' lang='grc' dir='ltr'>παν-</span> 
     </span>
    </p>
   </div>
   <div class='ocr_carea' id='block_1_108' title="bbox 2448 4716 4032 4791">
    <p class='ocr_par' dir='ltr' id='par_1_108' title="bbox 2448 4716 4032 4791">
     <span class='ocr_line' id='line_1_108' title="bbox 2448 4716 4032 4791; baseline -0.008 -14"><span class='ocrx_word' id='word_1_740' title='bbox 2448 4724 2601 4777; x_wconf 83' lang='grc' dir='ltr'>τοθεν</span> <span class='ocrx_word' id='word_1_741' title='bbox 2626 4722 3021 4791; x_wconf 80' lang='grc' dir='ltr'>κυκλουμένην,</span> <span class='ocrx_word' id='word_1_742' title='bbox 3047 4722 3147 4773; x_wconf 75' lang='grc' dir='ltr'>οὐκ</span> <span class='ocrx_word' id='word_1_743' title='bbox 3180 4721 3245 4774; x_wconf 79' lang='grc' dir='ltr'>ἄν</span> <span class='ocrx_word' id='word_1_744' title='bbox 3277 4737 3357 4781; x_wconf 89' lang='grc' dir='ltr'><strong>τις</strong></span> <span class='ocrx_word' id='word_1_745' title='bbox 3392 4718 3488 4789; x_wconf 75' lang='grc' dir='ltr'><strong>ἕλῃ</strong></span> <span class='ocrx_word' id='word_1_746' title='bbox 3532 4716 3808 4785; x_wconf 84' lang='grc' dir='ltr'>πολέμιος,</span> <span class='ocrx_word' id='word_1_747' title='bbox 3841 4716 3913 4785; x_wconf 76' lang='grc' dir='ltr'>μή</span> <span class='ocrx_word' id='word_1_748' title='bbox 3951 4731 4032 4767; x_wconf 77' lang='grc' dir='ltr'>τι·</span> 
     </span>
    </p>
   </div>
   <div class='ocr_carea' id='block_1_109' title="bbox 2449 4806 4034 4883">
    <p class='ocr_par' dir='ltr' id='par_1_109' title="bbox 2449 4806 4034 4883">
     <span class='ocr_line' id='line_1_109' title="bbox 2449 4806 4034 4883; baseline -0.009 -14"><span class='ocrx_word' id='word_1_749' title='bbox 2449 4832 2538 4878; x_wconf 89' lang='grc' dir='ltr'><strong>νος</strong></span> <span class='ocrx_word' id='word_1_750' title='bbox 2567 4814 2675 4867; x_wconf 86' lang='grc' dir='ltr'><strong>τῶν</strong></span> <span class='ocrx_word' id='word_1_751' title='bbox 2722 4813 2865 4865; x_wconf 80' lang='grc' dir='ltr'>ἔνδον</span> <span class='ocrx_word' id='word_1_752' title='bbox 2916 4813 3273 4883; x_wconf 85' lang='grc' dir='ltr'>προϊεμένου,</span> <span class='ocrx_word' id='word_1_753' title='bbox 3305 4811 3399 4863; x_wconf 77' lang='grc' dir='ltr'>καὶ</span> <span class='ocrx_word' id='word_1_754' title='bbox 3460 4807 3686 4871; x_wconf 84' lang='grc' dir='ltr'>πυλίδας</span> <span class='ocrx_word' id='word_1_755' title='bbox 3739 4806 3893 4868; x_wconf 82' lang='grc' dir='ltr'>τινὰς</span> <span class='ocrx_word' id='word_1_756' title='bbox 3926 4806 4034 4856; x_wconf 69' lang='grc' dir='ltr'><strong>ῦπ-</strong></span> 
     </span>
    </p>
   </div>
   <div class='ocr_carea' id='block_1_110' title="bbox 2452 4892 4030 4973">
    <p class='ocr_par' dir='ltr' id='par_1_110' title="bbox 2452 4892 4030 4973">
     <span class='ocr_line' id='line_1_110' title="bbox 2452 4892 4030 4973; baseline -0.009 -15"><span class='ocrx_word' id='word_1_757' title='bbox 2452 4906 2758 4973; x_wconf 86' lang='grc' dir='ltr'>ανοίγοντος</span> <span class='ocrx_word' id='word_1_758' title='bbox 2779 4922 2792 4935; x_wconf 88' lang='grc'><strong>·</strong></span> <span class='ocrx_word' id='word_1_759' title='bbox 2822 4902 2998 4965; x_wconf 72' lang='grc' dir='ltr'>οὕτως</span> <span class='ocrx_word' id='word_1_760' title='bbox 3042 4901 3298 4955; x_wconf 86' lang='grc' dir='ltr'>ἀδύνατον</span> <span class='ocrx_word' id='word_1_761' title='bbox 3340 4903 3454 4962; x_wconf 83' lang='grc' dir='ltr'>τοῖς</span> <span class='ocrx_word' id='word_1_762' title='bbox 3482 4896 3679 4963; x_wconf 80' lang='grc' dir='ltr'>ἔξωθεν</span> <span class='ocrx_word' id='word_1_763' title='bbox 3728 4892 4030 4964; x_wconf 80' lang='grc' dir='ltr'>πολεμοῦσι</span> 
     </span>
    </p>
   </div>
   <div class='ocr_carea' id='block_1_111' title="bbox 2449 4988 4033 5068">
    <p class='ocr_par' dir='ltr' id='par_1_111' title="bbox 2449 4988 4033 5068">
     <span class='ocr_line' id='line_1_111' title="bbox 2449 4988 4033 5068; baseline -0.008 -18"><span class='ocrx_word' id='word_1_764' title='bbox 2449 4998 2665 5068; x_wconf 84' lang='grc' dir='ltr'>δαίμοσι</span> <span class='ocrx_word' id='word_1_765' title='bbox 2692 4998 2787 5067; x_wconf 80' lang='grc' dir='ltr'>τὴς</span> <span class='ocrx_word' id='word_1_766' title='bbox 2814 4996 2917 5048; x_wconf 83' lang='grc' dir='ltr'><strong>ὑπὸ</strong></span> <span class='ocrx_word' id='word_1_767' title='bbox 2946 4996 3045 5064; x_wconf 81' lang='grc' dir='ltr'>τῆς</span> <span class='ocrx_word' id='word_1_768' title='bbox 3065 4994 3213 5056; x_wconf 85' lang='grc' dir='ltr'>θείας</span> <span class='ocrx_word' id='word_1_769' title='bbox 3236 4993 3455 5063; x_wconf 80' lang='grc' dir='ltr'>χάριτος</span> <span class='ocrx_word' id='word_1_770' title='bbox 3482 4988 3853 5058; x_wconf 84' lang='grc' dir='ltr'>κυκλουμένης</span> <span class='ocrx_word' id='word_1_771' title='bbox 3874 5004 4033 5055; x_wconf 85' lang='grc' dir='ltr'>περι-</span> 
     </span>
    </p>
   </div>
   <div class='ocr_carea' id='block_1_112' title="bbox 2451 5079 4034 5161">
    <p class='ocr_par' dir='ltr' id='par_1_112' title="bbox 2451 5079 4034 5161">
     <span class='ocr_line' id='line_1_112' title="bbox 2451 5079 4034 5161; baseline -0.009 -18"><span class='ocrx_word' id='word_1_772' title='bbox 2451 5090 2707 5157; x_wconf 88' lang='grc' dir='ltr'>γενέσθαι</span> <span class='ocrx_word' id='word_1_773' title='bbox 2734 5089 2932 5159; x_wconf 73' lang='grc' dir='ltr'>ψυχῆς,</span> <span class='ocrx_word' id='word_1_774' title='bbox 2967 5090 3014 5140; x_wconf 88' lang='grc' dir='ltr'>εἰ</span> <span class='ocrx_word' id='word_1_775' title='bbox 3051 5088 3125 5157; x_wconf 86' lang='grc' dir='ltr'>μή</span> <span class='ocrx_word' id='word_1_776' title='bbox 3168 5103 3311 5148; x_wconf 87' lang='grc' dir='ltr'>τινος</span> <span class='ocrx_word' id='word_1_777' title='bbox 3337 5081 3597 5161; x_wconf 76' lang='grc' dir='ltr'>λογισμοῦ</span> <span class='ocrx_word' id='word_1_778' title='bbox 3624 5079 3875 5151; x_wconf 73' lang='grc' dir='ltr'>ῥᾳστώνη</span> <span class='ocrx_word' id='word_1_779' title='bbox 3924 5098 4034 5131; x_wconf 81' lang='grc' dir='ltr'>πυ-</span> 
     </span>
    </p>
   </div>
   <div class='ocr_carea' id='block_1_113' title="bbox 2448 5171 4033 5249">
    <p class='ocr_par' dir='ltr' id='par_1_113' title="bbox 2448 5171 4033 5249">
     <span class='ocr_line' id='line_1_113' title="bbox 2448 5171 4033 5249; baseline -0.008 -16"><span class='ocrx_word' id='word_1_780' title='bbox 2448 5181 2570 5236; x_wconf 90' lang='grc' dir='ltr'>λίδα</span> <span class='ocrx_word' id='word_1_781' title='bbox 2587 5182 2708 5234; x_wconf 79' lang='grc' dir='ltr'>τινὰ</span> <span class='ocrx_word' id='word_1_782' title='bbox 2732 5180 2837 5233; x_wconf 89' lang='grc' dir='ltr'><strong>τῶν</strong></span> <span class='ocrx_word' id='word_1_783' title='bbox 2862 5182 2917 5233; x_wconf 85' lang='grc' dir='ltr'>ὲν</span> <span class='ocrx_word' id='word_1_784' title='bbox 2943 5182 3070 5249; x_wconf 78' lang='grc' dir='ltr'>ἡμῖν</span> <span class='ocrx_word' id='word_1_785' title='bbox 3099 5175 3467 5247; x_wconf 73' lang='grc' dir='ltr'>αἰσθητηρίων</span> <span class='ocrx_word' id='word_1_786' title='bbox 3492 5174 3739 5237; x_wconf 81' lang='grc' dir='ltr'>ἀνοίξειε,</span> <span class='ocrx_word' id='word_1_787' title='bbox 3772 5171 3866 5224; x_wconf 70' lang='grc' dir='ltr'>καὶ</span> <span class='ocrx_word' id='word_1_788' title='bbox 3899 5172 4033 5223; x_wconf 76' lang='grc' dir='ltr'>ταύο</span> 
     </span>
    </p>
   </div>
   <div class='ocr_carea' id='block_1_114' title="bbox 2451 5264 4033 5343">
    <p class='ocr_par' dir='ltr' id='par_1_114' title="bbox 2451 5264 4033 5343">
     <span class='ocr_line' id='line_1_114' title="bbox 2451 5264 4033 5343; baseline -0.009 -15"><span class='ocrx_word' id='word_1_789' title='bbox 2451 5292 2550 5343; x_wconf 84' lang='grc' dir='ltr'><strong>της</strong></span> <span class='ocrx_word' id='word_1_790' title='bbox 2574 5269 2832 5327; x_wconf 77' lang='grc' dir='ltr'>εἷσωτὸν</span> <span class='ocrx_word' id='word_1_791' title='bbox 2887 5272 3144 5342; x_wconf 77' lang='grc' dir='ltr'>πολέμιον</span> <span class='ocrx_word' id='word_1_792' title='bbox 3178 5270 3407 5335; x_wconf 80' lang='grc' dir='ltr'>δέξαιτο.</span> <span class='ocrx_word' id='word_1_793' title='bbox 3452 5267 3635 5320; x_wconf 76' lang='grc' dir='ltr'>Ταῦτα</span> <span class='ocrx_word' id='word_1_794' title='bbox 3686 5264 3873 5331; x_wconf 58' lang='grc' dir='ltr'>σατῶς</span> <span class='ocrx_word' id='word_1_795' title='bbox 3924 5264 4033 5315; x_wconf 63' lang='grc' dir='ltr'><strong>ύπδ</strong></span> 
     </span>
    </p>
   </div>
   <div class='ocr_carea' id='block_1_115' title="bbox 2454 5356 4033 5435">
    <p class='ocr_par' dir='ltr' id='par_1_115' title="bbox 2454 5356 4033 5435">
     <span class='ocr_line' id='line_1_115' title="bbox 2454 5356 4033 5435; baseline -0.009 -15"><span class='ocrx_word' id='word_1_796' title='bbox 2454 5366 2551 5435; x_wconf 79' lang='grc' dir='ltr'>τῆς</span> <span class='ocrx_word' id='word_1_797' title='bbox 2601 5366 2749 5428; x_wconf 84' lang='grc' dir='ltr'>θείας</span> <span class='ocrx_word' id='word_1_798' title='bbox 2784 5363 3203 5431; x_wconf 79' lang='grc' dir='ltr'>πεπαιδευμένοι</span> <span class='ocrx_word' id='word_1_799' title='bbox 3234 5361 3457 5432; x_wconf 80' lang='grc' dir='ltr'>Γραφῆς</span> <span class='ocrx_word' id='word_1_800' title='bbox 3486 5361 3533 5411; x_wconf 84' lang='grc' dir='ltr'>οἱ</span> <span class='ocrx_word' id='word_1_801' title='bbox 3577 5359 3703 5427; x_wconf 79' lang='grc' dir='ltr'>παρ’</span> <span class='ocrx_word' id='word_1_802' title='bbox 3738 5356 3895 5427; x_wconf 78' lang='grc' dir='ltr'>ἡμῶν</span> <span class='ocrx_word' id='word_1_803' title='bbox 3939 5358 4033 5407; x_wconf 69' lang='lat'><strong>5°3-</strong></span> 
     </span>
    </p>
   </div>
   <div class='ocr_carea' id='block_1_116' title="bbox 2458 5445 4035 5523">
    <p class='ocr_par' dir='ltr' id='par_1_116' title="bbox 2458 5445 4035 5523">
     <span class='ocr_line' id='line_1_116' title="bbox 2458 5445 4035 5523; baseline -0.008 -15"><span class='ocrx_word' id='word_1_804' title='bbox 2458 5453 2822 5523; x_wconf 84' lang='grc' dir='ltr'>φημούμενοι,</span> <span class='ocrx_word' id='word_1_805' title='bbox 2858 5453 2954 5506; x_wconf 75' lang='grc' dir='ltr'>καὶ</span> <span class='ocrx_word' id='word_1_806' title='bbox 2998 5451 3330 5513; x_wconf 87' lang='grc' dir='ltr'>ἀκούσαντες</span> <span class='ocrx_word' id='word_1_807' title='bbox 3356 5448 3448 5501; x_wconf 71' lang='grc' dir='ltr'>τοῦ</span> <span class='ocrx_word' id='word_1_808' title='bbox 3489 5446 3623 5499; x_wconf 83' lang='grc' dir='ltr'>Θεοῦ</span> <span class='ocrx_word' id='word_1_809' title='bbox 3650 5446 3738 5498; x_wconf 72' lang='grc' dir='ltr'>διὰ</span> <span class='ocrx_word' id='word_1_810' title='bbox 3761 5445 3858 5497; x_wconf 78' lang='grc' dir='ltr'>τοῦ</span> <span class='ocrx_word' id='word_1_811' title='bbox 3891 5461 4035 5515; x_wconf 81' lang='grc' dir='ltr'>προ-</span> 
     </span>
    </p>
   </div>
   <div class='ocr_carea' id='block_1_117' title="bbox 2456 5530 4030 5615">
    <p class='ocr_par' dir='ltr' id='par_1_117' title="bbox 2456 5530 4030 5615">
     <span class='ocr_line' id='line_1_117' title="bbox 2456 5530 4030 5615; baseline -0.018 0"><span class='ocrx_word' id='word_1_812' title='bbox 2456 5546 2629 5615; x_wconf 70' lang='grc' dir='ltr'><strong>φήτου</strong></span> <span class='ocrx_word' id='word_1_813' title='bbox 2661 5545 2930 5613; x_wconf 85' lang='grc' dir='ltr'>λέγοντος,</span> <span class='ocrx_word' id='word_1_814' title='bbox 2965 5543 3041 5606; x_wconf 80' lang='grc' dir='ltr'>ὡς</span> <span class='ocrx_word' id='word_1_815' title='bbox 3070 5562 3088 5595; x_wconf 73' lang='grc' dir='ltr'><strong>ι</strong></span> <span class='ocrx_word' id='word_1_816' title='bbox 3139 5530 3329 5610; x_wconf 71' lang='grc' dir='ltr'>’Δνέδη</span> <span class='ocrx_word' id='word_1_817' title='bbox 3364 5540 3589 5600; x_wconf 78' lang='grc' dir='ltr'>θάνατος</span> <span class='ocrx_word' id='word_1_818' title='bbox 3627 5538 3715 5590; x_wconf 69' lang='grc' dir='ltr'><strong>διὰ</strong></span> <span class='ocrx_word' id='word_1_819' title='bbox 3744 5538 3855 5589; x_wconf 86' lang='grc' dir='ltr'><strong>τῶν</strong></span> <span class='ocrx_word' id='word_1_820' title='bbox 3883 5536 4030 5607; x_wconf 66' lang='lat' dir='ltr'><strong>Gepi-</strong></span> 
     </span>
    </p>
   </div>
   <div class='ocr_carea' id='block_1_118' title="bbox 2454 5626 4038 5704">
    <p class='ocr_par' dir='ltr' id='par_1_118' title="bbox 2454 5626 4038 5704">
     <span class='ocr_line' id='line_1_118' title="bbox 2454 5626 4038 5704; baseline -0.004 -18"><span class='ocrx_word' id='word_1_821' title='bbox 2454 5632 2580 5697; x_wconf 89' lang='grc' dir='ltr'>δων,</span> <span class='ocrx_word' id='word_1_822' title='bbox 2619 5652 2639 5684; x_wconf 69' lang='grc' dir='ltr'><strong>ι</strong></span> <span class='ocrx_word' id='word_1_823' title='bbox 2673 5628 2783 5686; x_wconf 75' lang='grc' dir='ltr'>οἷόν</span> <span class='ocrx_word' id='word_1_824' title='bbox 2835 5649 2944 5687; x_wconf 87' lang='grc' dir='ltr'>τισι</span> <span class='ocrx_word' id='word_1_825' title='bbox 3000 5630 3213 5704; x_wconf 83' lang='grc' dir='ltr'>μοχλοῖς</span> <span class='ocrx_word' id='word_1_826' title='bbox 3244 5629 3338 5685; x_wconf 78' lang='grc' dir='ltr'>καὶ</span> <span class='ocrx_word' id='word_1_827' title='bbox 3377 5628 3674 5699; x_wconf 84' lang='grc' dir='ltr'>κλείθροις,</span> <span class='ocrx_word' id='word_1_828' title='bbox 3704 5628 3817 5689; x_wconf 85' lang='grc' dir='ltr'>τοῖς</span> <span class='ocrx_word' id='word_1_829' title='bbox 3867 5626 4038 5691; x_wconf 84' lang='grc' dir='ltr'>θείοις</span> 
     </span>
    </p>
   </div>
   <div class='ocr_carea' id='block_1_119' title="bbox 2394 5832 2853 5893">
    <p class='ocr_par' dir='ltr' id='par_1_119' title="bbox 2394 5832 2853 5893">
     <span class='ocr_line' id='line_1_119' title="bbox 2394 5832 2853 5893; baseline -0.004 -3"><span class='ocrx_word' id='word_1_830' title='bbox 2394 5832 2422 5875; x_wconf 70' lang='grc' dir='ltr'>ἀ</span> <span class='ocrx_word' id='word_1_831' title='bbox 2442 5832 2639 5891; x_wconf 80' lang='lat' dir='ltr'><strong>Jerem.</strong></span> <span class='ocrx_word' id='word_1_832' title='bbox 2658 5850 2742 5893; x_wconf 70' lang='grc' dir='ltr'>α.</span> <span class='ocrx_word' id='word_1_833' title='bbox 2766 5834 2853 5889; x_wconf 72' lang='lat' dir='ltr'><strong>2i.</strong></span> 
     </span>
    </p>
   </div>
  </div>
