4206 6456
242 404 391 466 1289

1455 400 1855 461 RElJGlOSA
1924 403 2301 462 HISTORIA.

3350 398 3371 459 l
3384 397 3484 461 290

250 521 435 589 νόμοις
459 519 524 571 τΞι
566 516 890 587 αἰσθητήρια
917 516 1248 578 κλείσαντες,
1272 514 1347 583 τῷ
1390 515 1464 585 νῷ
1490 518 1586 578 τὰς
1616 515 1818 568 τούτων
1849 522 1893 576 Α

1849 522 1893 576 Α
1922 515 2268 569 tradiderunt
2303 534 2315 567 :
2358 522 2409 565 et
2448 526 2619 580 neque
2658 512 2837 581 lingua
2880 523 3051 578 neque
3090 508 3229 562 labia
3274 512 3483 579 aperie-

250 612 586 679 ὲνεχείρισαν
653 608 833 670 κλεῖς·
890 609 983 660 καὶ
1037 606 1158 660 οὕτε
1214 605 1430 674 γλῶσσα
1487 605 1608 658 οὕτε
1661 607 1813 676 χείλη

248 701 555 771 ἀνεῴγνυτο
605 699 695 753 τοῦ
746 700 838 752 νοῦ
891 699 966 770 μὴ
1016 699 1360 761 κελεύοντος,
1393 698 1516 750 οὕτε
1569 699 1701 769 κόρη
1743 698 1816 767 μὴ

251 790 652 861 ἐπιτρεπομένη
708 790 1041 861 προκύπτειν
1066 789 1175 842 τῶν
1211 789 1494 859 βλεφάρων
1534 790 1777 857 ἠνείχετο
1799 802 1812 815 ·

247 883 387 952 ἀκοὴ
422 884 479 935 δὲ
513 883 796 953 βλεφάροις
830 882 861 950 ἦ
897 881 1129 951 χείλεσιν
1172 880 1515 949 ἀποτειχίσαι
1551 879 1625 949 μὴ
1661 880 1817 932 δυνα-

252 974 389 1043 μένη
414 976 511 1045 τὴν
534 975 756 1037 εἴσοδον,
787 975 913 1037 τοὺς
943 975 1201 1044 ἀνοήτους
1245 972 1544 1026 ἀπεωθεῖτο
1578 972 1684 1025 τῶν
1731 972 1817 1025 λό-

250 1082 384 1131 γων,
407 1066 689 1130 κάκείνους
739 1066 954 1136 ἐδέχετο
1008 1066 1223 1135 μόνους,
1260 1062 1340 1127 οἷς
1369 1067 1395 1117 ὁ
1437 1063 1559 1126 νοῦς
1589 1063 1816 1132 ἐπετέρ-

250 1174 402 1211 πετο.
432 1158 585 1212 Οὕτω
640 1158 737 1227 τὴν
785 1158 1051 1228 ὄσφρησιν
1083 1158 1408 1211 ἐπαίδευσαν
1450 1158 1524 1226 μὴ
1551 1156 1615 1209 τά
1642 1155 1815 1226 εὐώδη

250 1250 455 1317 ποθεῖν,
482 1248 577 1302 ac:
609 1249 673 1318 δὴ
705 1249 935 1319 χαυνοῦν
967 1251 1059 1302 καὶ
1112 1248 1278 1318 χαλᾷν
1321 1250 1621 1316 πεφυκότα.
1661 1246 1817 1300 Οὕτω

246 1342 346 1409 τῆς
379 1344 610 1410 γαστρὸς
644 1342 735 1393 τὸν
766 1342 927 1412 κόρον
971 1340 1262 1410 ἐξήλασαν,
1289 1341 1380 1393 καὶ
1424 1338 1645 1392 τοιαῦτα
1677 1339 1814 1408 λαμ-

247 1430 435 1483 ϐάνειν
488 1431 752 1497 ἐδίδαξαν,
783 1427 869 1489 οἷα
898 1432 994 1502 ούχ
1035 1432 1250 1501 ἡδονὴν,
1274 1430 1410 1484 άλλά
1436 1430 1623 1500 χρείαν
1656 1430 1817 1499 ἐπλή-

251 1540 366 1592 ρου,
401 1524 496 1576 καί⁵
536 1523 706 1577 ταῦτα
751 1523 1008 1587 τοσαῦτα,
1031 1524 1130 1577 ὅσα
1178 1523 1269 1575 τὸν
1304 1524 1370 1575 ἐκ
1397 1521 1555 1592 λιμοῦ
1589 1521 1816 1575 κωλύειν

247 1614 478 1681 ἠδύνατο
510 1614 756 1669 θάνατον.
789 1614 945 1668 Οὕτω
992 1615 1091 1685 τὴν
1122 1614 1379 1682 γλυκεῖαν
1408 1615 1502 1667 τοῦ
1530 1615 1698 1667 ὕπνου
1726 1631 1817 1666 τυ-

250 1706 469 1774 ραννίδα
491 1705 811 1770 κατέλυσαν,
845 1707 938 1758 καὶ
972 1706 1039 1758 τὰ
1073 1705 1319 1775 βλέφαρα
1363 1705 1457 1775 τῆς
1482 1705 1671 1759 τούτου
1698 1706 1816 1758 δου-

245 1797 395 1859 λείας
448 1797 932 1867 ἐλευθερώσαντες,
966 1800 1188 1867 κρατεῖν
1237 1797 1356 1850 ἀντὶ
1394 1796 1489 1849 τοῦ
1545 1795 1814 1850 δουλεύειν

1921 607 2137 679 bantur,
2190 608 2293 660 nisi
2346 622 2499 661 mens
2545 606 2904 672 imperasset,
2950 620 3047 658 nec
3094 602 3311 673 pupilla:
3357 618 3480 671 per-

1919 698 2234 751 mittebatur
2268 706 2325 751 ut
2361 712 2419 752 se
2444 706 2597 751 extra
2623 695 2910 764 palpebras
2941 694 3247 763 porrigeret
3283 709 3296 744 :
3327 692 3483 744 audi-

1919 799 2006 843 tus
2058 797 2272 852 autem,
2317 788 2590 858 palpebris
2637 794 2694 841 et
2733 785 2896 839 labiis
2932 786 3139 839 aditum
3182 785 3479 838 obstruere

1919 898 2027 935 non
2088 884 2302 945 valens,
2366 883 2563 937 stultas
2614 881 2908 951 repellebat
2964 880 3272 941 orationes,
3330 879 3482 931 illas-

1917 987 2023 1040 que
2057 972 2203 1026 solas
2241 971 2583 1032 admittebat.
2634 972 2832 1040 quibus
2880 984 3035 1025 mens
3084 969 3480 1024 delectabatur.

1918 1064 2010 1117 Sic
2061 1064 2347 1120 odoratum
2404 1066 2711 1120 docuerunt
2764 1081 2931 1120 suave
2988 1064 3193 1118 olentia
3237 1078 3350 1116 non
3382 1063 3482 1115 de-

1918 1154 2203 1221 siderare,
2268 1165 2326 1210 ut
2380 1172 2501 1226 qua:
2552 1164 2749 1210 natura
2805 1170 2902 1210 sua
2964 1156 3215 1209 molliant
3288 1166 3342 1207 et
3398 1167 3485 1205 re-

1919 1248 2122 1303 laxent.
2181 1247 2272 1302 Sic
2320 1251 2531 1304 ventris
2586 1252 2895 1318 rejccerunt
2944 1249 3288 1311 satietatem,
3334 1255 3388 1299 et
3420 1259 3485 1298 ea

1918 1353 2135 1393 sumere
2167 1340 2510 1405 docuerunt,
2546 1356 2657 1395 non
2703 1356 2828 1410 qua:
2878 1339 3181 1407 voluptati,
3222 1341 3313 1393 sed
3361 1352 3484 1407 qua:

1919 1430 2041 1485 usui
2071 1428 2287 1496 forent,
2344 1446 2522 1500 eaque
2574 1446 2831 1485 mensura
2887 1445 3010 1500 qua:
3044 1431 3184 1484 satis
3230 1440 3376 1483 esset
3416 1445 3484 1482 ne

1918 1521 2060 1576 fame
2115 1533 2467 1577 necarentur.
2506 1521 2596 1577 Sic
2646 1523 2824 1578 somni
2864 1510 3079 1577 dulcem
3134 1522 3479 1592 tyrannidem

1917 1623 2266 1679 everterunt,
2319 1617 2720 1685 palpebrasqne
2757 1616 2828 1669 ab
2869 1615 2990 1682 ejus
3035 1616 3298 1669 servitute
3349 1614 3483 1666 lihe-

1917 1716 2103 1762 rantes
2124 1749 2139 1773 ,
2170 1722 2278 1761 non
2310 1707 2420 1774 jam
2446 1707 2653 1761 servire
2678 1749 2691 1771 ,
2731 1706 2824 1762 sed
2855 1708 3124 1761 dominari
3152 1707 3479 1768 docuerunt,

1918 1808 1978 1853 ut
2006 1800 2126 1869 ejus
2165 1814 2322 1852 usum
2373 1799 2755 1862 admitterent,
2810 1815 2920 1853 non
2974 1816 3097 1853 eum
3157 1798 3480 1860 invaderet.

246 1886 594 1948 ἐπαίδευσαν,
646 1887 741 1939 καὶ
798 1886 1050 1955 δέχεσθαι
1106 1885 1204 1956 τὴν
1235 1887 1365 1957 παρ’
1401 1887 1565 1940 αύτοῦ
1606 1888 1811 1956 χρείαν,
1848 1862 1887 1916 Β

1848 1862 2009 1944 Bsed
2051 1905 2174 1945 cum
2226 1890 2376 1944 illum
2438 1891 2540 1959 ipsi
2605 1891 2673 1945 ad
2722 1891 2888 1945 breve
2942 1900 3156 1945 natura:
3217 1891 3479 1944 auxilium

242 1977 343 2045 οὐχ
393 1978 521 2029 ὅταν
570 1975 730 2037 αὐτὸς
761 1975 922 2039 ἐπίοι,
951 1976 1066 2029 ἀλλ’
1096 1976 1222 2029 ὅταν
1261 1977 1416 2031 αὐτοὶ
1449 1978 1686 2031 καλῶσιν
1734 1978 1814 2040 εἰς

244 2066 504 2137 βραχεῖαν
547 2065 864 2137 ἐπικουρίαν
908 2068 1006 2137 τῆς
1052 2068 1284 2137 φύσεως.
1329 2068 1485 2123 Οὕτω
1528 2068 1815 2136 τοιγαροῦν

243 2157 343 2227 τῆς
373 2157 482 2211 τῶν
510 2157 701 2227 τειχῶν
729 2158 819 2209 καὶ
847 2156 952 2209 τῶν
988 2157 1170 2210 πυλῶν
1224 2159 1605 2230 φροντίσαντες
1649 2160 1815 2227 φυλα-

244 2251 369 2320 κῆς,
399 2250 493 2304 καὶ
542 2252 652 2311 τοῖς
703 2249 848 2302 ἔνδον
896 2249 1173 2320 λογισμοῖς
1202 2251 1298 2321 τὴν
1327 2253 1577 2322 ὁμόνοιαν
1610 2269 1815 2323 πρυτα-

242 2343 552 2407 νεύσαντες,
581 2346 705 2408 τοὺς
735 2344 932 2408 ἔξωθεν
959 2346 1207 2408 ἐπιόντας
1237 2345 1559 2407 ἀντιπάλους
1588 2344 1811 2411 ἐγέλων,

240 2433 540 2487 ἐπεισιέναι
569 2436 665 2502 μὲν
695 2435 785 2506 βία
807 2436 893 2489 διὰ
910 2437 1006 2507 τὴν
1023 2437 1118 2506 τῆς
1150 2436 1299 2500 Θείας
1320 2437 1538 2506 χάριτος
1570 2438 1631 2489 ού
1652 2437 1814 2490 δυνα-

245 2526 444 2595 μένους
501 2527 822 2597 άσφάλειαν,
866 2529 1057 2582 οὐδένα
1085 2529 1142 2582 δὲ
1175 2529 1440 2601 προδότην
1470 2529 1814 2601 εὑρίσκοντες

241 2617 580 2687 εἰσδέχεσθαι
629 2621 755 2683 τοὺς
787 2621 1067 2690 δυσμενεῖς
1101 2620 1526 2690 προαιρούμενον
1549 2635 1563 2648 ο
1596 2621 1689 2673 καὶ
1716 2620 1813 2691 τὴν

241 2709 406 2776 φύσιν
435 2710 666 2780 ἀόρατον
695 2711 909 2780 ἔχοντες
933 2712 984 2764 oi
1013 2710 1277 2781 πολέμιοι,
1316 2708 1565 2780 σώματος
1604 2710 1815 2782 ὁρωμέ-

240 2817 353 2862 νου,
385 2802 477 2853 καὶ
524 2805 643 2866 ταῖς
699 2804 797 2873 τῆς
852 2802 1064 2872 φύσεως
1115 2803 1379 2870 ἀνάγκαις
1427 2803 1813 2872 ὑποκειμένου,

241 2896 465 2963 κρατεῖν
506 2893 605 2947 ούκ
642 2894 921 2964 ἠδύναντο.
967 2896 1023 2949 Ὀ
1077 2896 1186 2966 γὰρ
1224 2897 1434 2965 ἡνίοχος
1463 2895 1675 2960 τούτου,
1720 2896 1815 2949 καὶ

243 2983 524 3052 μουσικὸς,
555 2987 648 3038 καὶ
678 2987 1040 3056 κυϐερνήτης,
1070 2986 1269 3056 ἄριστα
1318 2987 1415 3057 μὲν
1440 2987 1688 3057 κατέχων
1715 2987 1815 3050 τὰς

241 3072 438 3141 ήνίας,
470 3074 529 3126 ἐν
584 3074 731 3138 τάξει
785 3075 1049 3145 φέρεσθαι
1092 3078 1217 3139 τοὺς
1262 3077 1462 3137 ἵππους
1518 3077 1808 3130 ἀνέπεισε’

1917 1988 2281 2036 accerserent.
2343 1980 2529 2049 Itaque
2563 1996 2686 2033 cum
2740 1996 3024 2035 murorum
3086 1989 3484 2051 portarumque

1916 2073 2179 2127 custodiae
2213 2087 2332 2127 eam
2369 2087 2555 2127 curam
2590 2081 2843 2144 gererent
2868 2114 2882 2137 ,
2916 2082 2972 2127 et
3002 2075 3247 2131 internas
3274 2075 3481 2144 cogita—

1916 2166 2096 2219 tiones
2129 2164 2437 2219 concordes
2476 2163 2771 2232 fecissent,
2822 2166 3168 2221 ailversarios
3210 2167 3482 2222 extrinse-

1913 2270 2016 2309 cus
2051 2254 2373 2310 invadentes
2404 2256 2711 2310 irridebant
2735 2297 2749 2321 ,
2786 2257 2879 2326 qui
2908 2258 2958 2312 vi
3008 2258 3230 2328 quidem
3278 2259 3483 2312 intrare

1915 2351 2140 2414 propter
2182 2343 2380 2399 divinae
2432 2346 2624 2415 gratiae
2675 2346 2991 2415 praesidium
3042 2364 3149 2403 non
3192 2359 3479 2419 poterant;

1911 2437 2127 2491 nullum
2170 2443 2357 2491 autem
2405 2438 2758 2493 inveniebant
2808 2440 3184 2509 proditorem,
3235 2443 3330 2510 qui
3377 2440 3482 2493 ini-

1916 2530 2086 2585 micos
2118 2529 2279 2584 vellet
2314 2529 2603 2585 admittere
2634 2550 2647 2586 :
2685 2539 2739 2586 et
2775 2547 2900 2586 eum
2933 2533 3118 2588 hostes
3165 2541 3352 2588 essent
3385 2548 3484 2586 na-

1915 2629 2038 2677 tura
2075 2622 2381 2676 invisibiles
2401 2661 2414 2685 ,
2446 2636 2651 2692 corpus
2682 2631 2896 2688 tamen,
2924 2625 3071 2694 quod
3104 2625 3279 2679 oculis
3304 2625 3482 2678 cerni-

1916 2721 2007 2766 tur
2061 2720 2117 2765 et
2150 2720 2368 2767 natura:
2406 2715 2835 2769 necessitatibus
2875 2715 3173 2770 obnoxium
3214 2725 3295 2771 est
3321 2758 3335 2781 ,
3365 2716 3483 2769 vin-

1916 2818 2040 2859 cere
2068 2819 2177 2858 non
2212 2812 2529 2874 potuerunt.
2567 2804 2743 2875 Hujus
2774 2808 2978 2877 quippe
3016 2808 3206 2878 auriga
3229 2849 3243 2873 .
3276 2815 3330 2863 et
3364 2823 3483 2861 mu-

1915 2896 2067 2953 sicus
2093 2936 2107 2959 .
2150 2903 2205 2951 et
2245 2897 2602 2966 gubernator,
2641 2906 2696 2953 et
2725 2898 2929 2968 optime
2974 2899 3217 2955 habenas
3252 2907 3480 2963 tenens.

1919 2986 2131 3057 1105
2157 2987 2315 3057 equis
2363 2986 2642 3057 persuasit
2689 2996 2751 3041 ut
2802 2996 2952 3044 recte
2983 2988 3344 3057 procederent
3378 3008 3391 3044 :
3427 3000 3484 3041 et

1914 3092 2209 3133 numerose
2257 3079 2494 3134 chordas
2545 3080 2772 3148 putsans
2831 3093 3126 3143 sensuum,
3191 3080 3373 3136 eﬂ‘ecit
3424 3092 3485 3134 ut

242 3162 435 3232 ῥυθμῷ
467 3164 523 3216 δὲ
555 3165 653 3227 τὰς
688 3165 795 3218 τῶν
822 3165 1130 3236 αἰσθήσεων
1163 3167 1361 3237 χορδὰς
1406 3166 1504 3236 τὴν
1536 3168 1815 3237 παναρμό-
1842 3209 1884 3268 C

1842 3209 1884 3268 α
1918 3181 2115 3221 sonum
2163 3168 2312 3222 omni
2360 3184 2426 3223 ex
2481 3177 2641 3238 parte
2672 3169 3005 3223 concinnum
3041 3168 3336 3225 redderent
3380 3189 3395 3225 :
3429 3182 3484 3225 et

238 3271 352 3307 νιον
380 3255 521 3324 ἠχὴν
555 3255 835 3309 ἀποτελεῖν
878 3257 1288 3327 παρεσκεύασεν
1310 3271 1322 3285 ·
1355 3258 1731 3327 ἐπιστημόνως
1758 3258 1815 3311 δὲ

240 3348 409 3400 κινῶν
429 3348 497 3399 τὰ
530 3347 784 3416 πηδάλια,
814 3348 909 3401 καὶ
939 3350 1044 3402 τῶν
1074 3351 1333 3419 κυμάτων
1360 3351 1457 3419 τὴν
1486 3349 1812 3421 προσϐολὴν,

240 3439 335 3493 καὶ
361 3438 463 3509 τὴν
490 3438 598 3492 τῶν
624 3439 947 3510 πνευμάτων
971 3441 1210 3494 διέλυσεν
1240 3443 1265 3493 ἐ
1275 3441 1497 3512 μὸολήν.

310 3531 548 3593 Τούτους
590 3530 768 3584 τοίνυν
790 3532 915 3594 τοὺς
960 3531 1048 3584 διὰ
1096 3532 1271 3585 πόνων
1324 3534 1532 3603 μυρίων
1586 3533 1674 3586 τὸν
1708 3533 1818 3603 βίον

238 3621 586 3684 ὁδεύσαντας,
640 3620 826 3691 ἱδρῶσι
866 3621 923 3674 δέ
970 3622 1064 3674 καὶ
1106 3622 1501 3691 ταλαιπωρίαις
1543 3624 1603 3675 τὸ
1658 3623 1819 3693 σῶμα

234 3712 613 3781 δαμάσαντας,
643 3713 735 3765 καὶ
766 3712 1002 3779 γέλωτος
1031 3713 1130 3783 μὲν
1149 3712 1208 3765 τὸ
1239 3713 1409 3775 πάθος
1427 3714 1815 3782 ἀγνοήσαντας,

241 3804 299 3855 ἐν
325 3802 587 3882 κλαυθμῷ
605 3803 661 3855 δὲ
693 3803 788 3856 καὶ
822 3803 1083 3873 δάκρυσιν
1126 3803 1343 3859 ἅπαντα
1378 3804 1467 3856 τὸν
1509 3804 1621 3873 βίον
1645 3805 1817 3857 δαπα-

243 3894 530 3964 νήσαντας·
592 3894 686 3946 καὶ
729 3894 939 3965 τρυφὴν
987 3896 1085 3965 μὲν
1133 3895 1498 3966 Συϐαριτικὴν
1544 3897 1646 3965 τὴν
1692 3898 1811 3949 ἀσι-

242 3986 364 4038 τίαν
414 3984 762 4055 νομίσαντας,
821 3984 986 4040 ὕπνον
1032 3986 1089 4038 δὲ
1138 3986 1355 4055 ἥδιστον
1415 3986 1513 4056 τὴν
1567 3986 1819 4039 ἐπίπονον

242 4078 571 4146 ἀγρυπνίαν,
606 4077 894 4148 στρωμνὴν
933 4078 990 4132 δὲ
1039 4078 1286 4149 μαλακὴν
1326 4078 1422 4149 τὴν
1466 4077 1559 4130 τοῦ
1593 4078 1819 4145 ἐδάφους

242 4169 583 4233 ἀντιτυπίαν,
629 4170 823 4239 ἡδονὴν
850 4170 1089 4241 ἄμετρον
1122 4186 1183 4222 τε
1228 4170 1323 4222 καὶ
1357 4170 1674 4234 ἅπλειστον,
1697 4172 1707 4189 ⁸
1727 4169 1820 4239 τὴν

242 4260 301 4313 ἐν
321 4262 448 4322 ταῖς
480 4262 813 4329 προσευχαῖς
850 4261 943 4313 καὶ
977 4260 1319 4330 ψαλμῳδίαις
1347 4260 1654 4330 διατριϐήν·
1695 4260 1821 4312 τού-

241 4366 370 4413 τους
409 4351 536 4413 τοῦς
581 4352 687 4403 πᾶν
740 4346 876 4414 εἶδος
927 4352 1128 4422 αρετῆς
1175 4351 1554 4420 συνειληχότας
1603 4351 1685 4413 τίς
1721 4352 1821 4403 οὐκ

244 4442 311 4495 ἂν
368 4443 596 4505 εἰκότως
662 4443 999 4512 θαυμάσειες
1060 4443 1257 4513 μᾶλλον
1309 4443 1367 4496 δὲ
1419 4444 1502 4505 τίς
1559 4444 1625 4496 ἂν
1682 4444 1819 4513 πρὸς

1920 3258 2161 3315 scienter
2206 3260 2426 3313 clavum
2480 3273 2734 3325 movens,
2789 3258 3055 3315 ﬂuctuum
3108 3262 3378 3332 procellas
3432 3272 3486 3317 et

1917 3358 2210 3405 ventorum
2237 3350 2475 3421 impetus
2508 3350 2692 3423 fregit.

1991 3530 2101 3585 [ius
2135 3532 2321 3601 igitur.
2348 3530 2440 3600 qui
2466 3546 2560 3599 per
2592 3532 2912 3587 innumeros
2945 3534 3160 3588 labores
3200 3534 3321 3588 vita!
3365 3534 3485 3590 iter

1918 3622 2155 3691 ingressi
2192 3630 2340 3686 sunt,
2396 3622 2806 3693 sudoribusque
2836 3634 2891 3679 et
2937 3625 3323 3681 afﬂictionibus
3362 3642 3487 3681 cor-

1923 3727 2025 3781 pus
2074 3710 2463 3775 edomuerunt,
2517 3727 2579 3767 ac
2631 3714 2775 3767 risus
2830 3715 3051 3782 quidem
3092 3713 3436 3771 aﬂ‘ectionem
3467 3729 3485 3749 ·

1921 3804 2268 3871 ignorarunt.
2318 3804 2371 3856 in
2415 3804 2562 3857 lueln
2611 3813 2796 3858 autem
2850 3812 2904 3858 et
2962 3807 3219 3877 lacrymis
3269 3821 3483 3864 omnem

1919 3893 2088 3946 vitam
2139 3908 2643 3962 consumpserunt;
2706 3897 2796 3964 qui
2870 3896 3095 3952 delicias
3145 3896 3486 3969 Sybariticas

1916 3984 2187 4053 jejunium
2223 3986 2632 4048 existimarunt,
2669 4000 2921 4039 somnum
2978 3996 3158 4042 autem
3216 3989 3488 4045 suavissi-

1920 4092 2068 4130 mum
2089 4077 2396 4132 laboriosas
2426 4076 2661 4146 vigilias,
2693 4078 2856 4133 molle
2885 4079 3188 4149 stragulum
3228 4080 3487 4136 duritiem

1923 4169 2063 4231 soli,
2119 4168 2443 4222 immensam
2490 4178 2543 4221 et
2588 4169 3026 4239 inexplicabilem
3057 4171 3393 4242 voluptatem
3429 4174 3486 4227 in

1922 4260 2267 4313 orationibus
2297 4260 2764 4329 Psalmorumque'
2797 4262 3055 4316 cantibus
3080 4264 3289 4318 versari
3316 4283 3329 4318 :
3352 4264 3487 4329 hos,

1924 4352 2168 4421 inquam,
2199 4351 2290 4421 qui
2328 4366 2490 4405 omne
2533 4367 2705 4420 genus
2755 4352 2975 4407 virtutis
3027 4354 3299 4423 complexi
3335 4365 3487 4422 sunt,

1924 4444 2051 4514 quis
2080 4460 2187 4499 non
2224 4445 2351 4513 jure
2377 4442 2698 4509 admiretur,
2728 4446 2811 4498 vel
2847 4445 3030 4513 potius
3078 4447 3204 4514 quis
3252 4462 3352 4516 pro
3405 4449 3489 4503 di-

243 4534 403 4600 ἀξίαν
467 4536 867 4606 εὐφημήσειεν;
924 4530 1054 4587 Οἶδα
1100 4536 1197 4605 μὲν
1244 4531 1338 4588 οῦν
1389 4534 1543 4601 κάγὼ
1598 4535 1818 4603 σαφῶς,
1852 4544 1895 4599 D

1852 4544 1895 4599 D
1925 4534 2132 4604 gnitate
2164 4533 2435 4587 cullaudet
2458 4532 2481 4585 ?
2507 4531 2655 4587 Satis
2684 4531 2939 4602 equidem
2975 4532 3242 4603 intelligo,
3279 4536 3484 4589 nullam

244 4628 321 4689 ὡς
350 4626 453 4694 τῆς
502 4628 704 4680 τούτων
737 4628 937 4698 ἀρετῆς
992 4628 1163 4689 οὐδεὶς
1219 4628 1285 4680 ἂν
1346 4628 1586 4693 ἐφίκοιτο
1643 4626 1817 4694 λόγος·

248 4718 597 4786 ἐγχειρητέον
621 4718 664 4770 δ’
694 4718 862 4788 ὅμως.
907 4719 982 4771 Ού
1011 4719 1119 4788 γὰρ
1156 4720 1223 4772 ἂν
1264 4718 1442 4781 καλῶς
1482 4718 1616 4788 ἔχοι,
1649 4722 1695 4773 εί
1742 4720 1823 4772 ὃτι

247 4808 444 4870 τελέως
474 4808 662 4878 ἄνδρες
688 4810 937 4876 ἐγένοντο
962 4810 1282 4879 φιλοσοφίας
1302 4811 1401 4879 τῆς
1430 4810 1662 4879 ἀληθοῦς
1690 4813 1819 4880 ἐρα-

249 4902 395 4959 σταὶ,
421 4899 511 4951 διὰ
538 4900 695 4952 τοῦτο
735 4900 870 4969 μηδέ
905 4899 1131 4969 μειόνων
1163 4899 1373 4970 τύχοιεν
1402 4901 1652 4953 ἐπαίνων.
1679 4901 1820 4971 Γρά-

244 4987 419 5056 ψομεν
449 4986 506 5039 δὲ
534 4987 632 5057 τὴν
650 4988 923 5057 εὐφημίαν
944 4989 1004 5041 οὕ
1039 4991 1190 5059 κοινῇ
1225 4991 1356 5042 πᾶσι
1397 4990 1544 5059 μίαν·
1589 4991 1819 5059 διάφορα

247 5077 357 5147 γάρ
397 5078 581 5140 αὐτοῖς
628 5078 812 5131 θεόθεν
850 5079 1003 5151 ἐδόθη
1053 5080 1388 5151 χαρίσματα,
1422 5082 1515 5134 καὶ
1547 5082 1705 5136 τοῦτο
1737 5084 1818 5137 δι-

250 5169 467 5222 δάσκων
507 5168 534 5220 δ
566 5170 834 5240 μακάριος
862 5170 1011 5238 ἐλεγε
1047 5171 1276 5235 Παῦλος·
1314 5190 1334 5223 r
1362 5165 1431 5243 ᾯ
1478 5174 1574 5242 μὲν
1608 5174 1695 5226 διὰ
1726 5174 1819 5227 τοῦ

251 5260 564 5327 Πνεύματος
586 5260 790 5315 δέδοται
828 5262 982 5329 λόγος
1010 5263 1218 5331 σοφίας·
1259 5263 1402 5332 ἄλλῳ
1423 5264 1479 5316 δὲ
1502 5263 1655 5333 λόγος
1678 5265 1820 5333 γνώ-

251 5362 387 5410 σεως
437 5348 577 5401 κατά
598 5349 657 5400 τὸ
677 5351 808 5402 αὐτὸ
838 5351 1078 5421 Πνεῦμα·
1113 5352 1257 5421 ἄλλῳ
1292 5354 1349 5406 δὲ
1380 5355 1688 5425 χαρίσματα
1738 5357 1820 5409 la-

256 5439 440 5507 μάτων
468 5440 527 5489 ἐν
558 5438 637 5508 τῷ
674 5440 821 5510 αὐτῷ
860 5442 1160 5513 Πνεύματι·
1205 5444 1348 5515 ἄλλῳ
1385 5445 1443 5499 δέ
1474 5447 1821 5517 ἐνεργήματα

250 5530 555 5599 δυνάμεων·
586 5531 731 5602 ἄλλῳ
779 5533 837 5586 δὲ
859 5536 1183 5604 προφητείαο
1224 5537 1368 5608 ἄλλῳ
1400 5538 1457 5591 δέ
1487 5538 1617 5607 γένη
1642 5539 1822 5603 γλωσ-

254 5622 383 5685 οῶν,
444 5621 587 5691 ἄλλῳ
614 5622 669 5675 δὲ
698 5624 960 5694 ἑρμηνεία
981 5626 1257 5694 γλωσσῶν.
1304 5647 1322 5681 ι
1358 5630 1468 5684 Καὶ
1491 5630 1701 5694 δεικνὺς
1725 5631 1825 5703 τὴν

338 5810 362 5834 θ
401 5796 418 5852 Ι
450 5797 577 5853 Cor.
627 5814 726 5863 att,
760 5798 910 5855 8-10.

566 5892 827 5953 Parnm”
869 5892 984 5953 Gn.
1024 5891 1303 5954 LXXXII.

1926 4639 2087 4693 posse
2138 4624 2444 4676 oralionem
2490 4622 2707 4675 illorum
2759 4621 3012 4677 virtutem
3065 4625 3328 4694 assequi:
3391 4626 3486 4681 sed

1927 4716 2354 4787 aggrediendum
2383 4722 2467 4768 est
2498 4720 2706 4768 tamen.
2742 4713 2853 4769 Nec
2877 4716 3022 4770 enim
3051 4730 3271 4786 aequum
3301 4716 3486 4780 fuerit,

1927 4807 1971 4862 si
2018 4806 2281 4875 quoniam
2323 4817 2509 4857 veram
2542 4802 2945 4873 philosophiam
2980 4802 3222 4875 perfecte
3261 4805 3488 4859 adamao

1923 4906 2075 4961 runt,
2106 4897 2230 4951 ideo
2263 4911 2365 4951 nec
2392 4897 2640 4951 minores
2670 4895 2861 4950 laudes
2892 4903 3323 4964 consequantur.
3350 4894 3493 4950 Scri-

1928 4991 2050 5043 bam
2077 5004 2209 5065 vero
2233 4988 2445 5043 laudem
2470 5003 2578 5042 non
2602 5002 2763 5041 unam
2795 4988 3160 5042 communiter
3188 4988 3443 5043 omnibus
3474 5007 3486 5041 :

1928 5082 2143 5135 diversa
2175 5081 2320 5134 enim
2354 5080 2499 5133 dona
2525 5080 2786 5133 divinitus
2821 5079 2901 5133 eis
2948 5078 3073 5132 data
3107 5088 3254 5144 sunt,
3298 5093 3491 5147 quem-

1928 5172 2224 5227 admodum
2256 5174 2459 5227 docens
2493 5170 2712 5225 dicehat
2757 5171 2952 5226 beatus
3006 5169 3254 5226 Paulus:
3315 5189 3332 5221 ι
3384 5169 3488 5222 Alii

1927 5266 2070 5320 enim
2113 5280 2210 5334 per
2271 5265 2533 5334 Spiritum
2584 5264 2748 5317 datur
2800 5278 2981 5318 sermo
3017 5263 3337 5332 sapientia}:
3396 5263 3491 5318 alii

1928 5363 2112 5408 autem
2161 5368 2346 5407 sermo
2394 5353 2640 5407 scientiae
2678 5352 2981 5407 secundum
3031 5352 3283 5407 eumdem
3317 5350 3492 5422 Spiri-

1929 5454 2043 5499 tum
2068 5463 2080 5498 :
2108 5445 2198 5499 alii
2229 5445 2373 5499 dona
2394 5445 2764 5510 curationum,
2786 5459 2884 5515 per
2906 5444 3156 5499 eumdem
3187 5443 3490 5515 Spiritum:

1932 5538 2023 5592 alii
2064 5538 2412 5607 operationes
2442 5537 2747 5591 virtutum:
2782 5535 2875 5590 alii
2914 5536 3243 5606 prophetia:
3280 5535 3372 5589 alii
3402 5550 3493 5605 ge-

1936 5644 2064 5683 nera
2120 5630 2452 5699 linguarum,
2491 5628 2583 5683 alii
2638 5628 3016 5697 interpretatio
3050 5627 3358 5698 linguarum
3393 5618 3436 5679 εξ
3470 5646 3487 5676 ο

3060 5866 3121 5919 61
