4206 6456
720 408 851 471 1291

1691 404 2178 465 THEODORETI
2228 402 2569 467 EPISCOPI
2638 408 2999 469 CYRENSIS

3815 413 3959 477 1292

721 526 925 574 Ilnrum
952 530 1128 573 autem
1149 518 1395 574 omnium
1417 516 1717 574 ostendens
1742 516 1974 584 fontem,
1998 517 2235 585 subjecit
2262 535 2274 570 :
2309 518 2350 575 Α

2309 518 2350 575 Α
2382 519 2582 575 τούτων
2613 522 2865 575 ἁπάντων
2900 520 3081 591 πηγὴν
3108 522 3371 593 ἐπήγαγεο
3404 542 3420 575 ι
3465 525 3649 580 Ταῦτα
3682 526 3740 579 δὲ
3770 527 3958 580 πάντα

723 634 740 664 ι
781 614 975 667 Um'nia
997 623 1177 666 autem
1208 612 1323 667 hate
1358 620 1623 682 operatur
1654 627 1801 665 unus
1834 622 1887 666 ct
1919 611 2062 664 idem
2106 609 2282 678 Spiri-

718 717 827 771 tus,
846 704 1361 774 dividensprivatim
1388 703 1621 771 singulis
1648 712 1806 769 prout
1830 701 2043 770 1106
2063 701 2177 754 vult
2198 698 2275 752 τ.»

720 797 987 862 Quoniam
1020 812 1149 866 ergo
1187 796 1404 851 diversa
1437 803 1565 849 sunt
1611 795 1755 848 dona
1809 793 2116 856 consecuti,
2167 806 2277 845 me-

720 891 827 944 rito
858 898 1169 959 separatam
1200 887 1559 955 singulorum
1598 884 1978 940 narrationem
2024 884 2282 937 institue-

719 995 878 1033 mus:
937 992 1042 1032 non
1090 991 1430 1047 quaecunque
1479 975 1546 1029 ab
1596 976 1677 1028 eis
1719 981 1869 1045 gesta
1919 980 2048 1027 sunt
2099 986 2282 1041 persc-

715 1076 947 1139 quentes
1000 1068 1088 1138 (ad
1126 1070 1240 1121 haec
1286 1068 1432 1125 enim
1477 1064 1769 1121 scribenda
1798 1077 1867 1117 ne
1895 1072 2006 1117 tota
2061 1061 2280 1130 quidem

716 1162 828 1215 vita
860 1160 1178 1227 sufficeret),
1214 1158 1311 1213 sed
1362 1158 1454 1212 ubi
1508 1170 1682 1226 pauca
1730 1155 1797 1209 de
1843 1152 2283 1222 uniuscujusque

715 1254 825 1307 vita
885 1254 1158 1320 rebusque
1203 1252 1375 1320 gestis
1419 1246 1853 1310 narrarerimus,
1891 1255 1941 1298 et
1980 1260 2045 1298 ex
2094 1243 2282 1313 paucis

715 1344 884 1399 totius
925 1343 1051 1397 vitae.
1088 1344 1317 1395 formam
1360 1338 1807 1401 indicaverimus,
1858 1335 1924 1389 ad
1958 1335 2122 1389 alium
2157 1349 2283 1404 pro-

714 1435 1049 1502 grediemur.
1110 1430 1299 1499 Neque
1334 1446 1464 1483 vero
1521 1438 1837 1483 sanctorum
1887 1427 2154 1487 omnium,
2188 1423 2281 1493 qui

715 1526 915 1594 ubique
974 1524 1217 1594 gentium
1248 1522 1590 1585 claruerunt,
1621 1521 1747 1573 vitae
1801 1518 2087 1573 historiam
2144 1517 2282 1570 scri-

713 1617 842 1672 bere
872 1617 1235 1671 conabimur:
1267 1629 1366 1668 nec
1400 1614 1545 1667 enim
1574 1626 1766 1666 omnes
1800 1611 1891 1679 qui
1925 1610 2125 1678 ubique
2146 1606 2280 1662 clari

712 1712 867 1764 fuere
897 1710 1172 1773 novimus,
1206 1720 1309 1761 nec
1348 1704 1463 1760 fieri
1506 1712 1687 1774 potest
1734 1711 1793 1756 ut
1821 1703 1888 1756 ab
1920 1718 2029 1755 uno
2088 1715 2280 1756 omnes

711 1802 1118 1856 describantur.
1176 1798 1375 1853 Eorum
1413 1812 1545 1866 ergo
1590 1796 1768 1849 solum
1826 1794 1991 1845 vitam
2037 1792 2283 1847 conscri-

713 1894 860 1955 bam,
899 1892 991 1959 qui
1036 1891 1306 1943 luminum
1340 1888 1514 1942 instar
1544 1886 1597 1940 in
1637 1885 1856 1939 Oriente
1905 1883 2191 1946 fulserunt,
2226 1891 2281 1936 et

714 1985 855 2039 fines
916 1983 1067 2037 orbis
1100 1992 1370 2037 terrarum
1420 1976 1593 2032 radiis
1620 1977 1738 2031 suis
1783 1975 2089 2043 complexi'
2130 1982 2277 2028 sunt.

711 2073 999 2128 Narrando
1029 2081 1210 2127 autem
1241 2069 1497 2141 procedet
1531 2068 1733 2129 oratio,
1767 2080 1875 2120 non
1904 2066 2281 2120 encominrum

713 2166 923 2236 legibus
957 2172 1140 2228 utens,
1182 2163 1276 2217 sed
1314 2175 1486 2231 pauca
1518 2167 1730 2213 tantum
1781 2158 2027 2227 quaedam
2072 2154 2283 2224 simpli-

711 2259 855 2311 citer
881 2270 1181 2325 exponens.
1215 2251 1367 2321 Rogo
1400 2262 1579 2305 autem
1615 2264 1710 2304 eos
1759 2249 1851 2318 qui
1879 2250 1932 2301 in
1968 2247 2112 2300 hanc
2152 2245 2280 2300 reli-

712 2350 924 2418 giosam
949 2345 1265 2407 Historiam,
1294 2359 1389 2399 seu
1417 2341 1710 2397 asceticam
1740 2338 1960 2393 vivendi
2016 2337 2282 2391 rationem

713 2439 1009 2494 inciderint
1039 2434 1299 2507 (appellet
1328 2435 1472 2488 enim
1504 2434 1741 2502 quisque
1774 2432 1879 2485 hoc
1914 2443 2055 2498 opus
2086 2439 2142 2481 ut
2189 2441 2286 2481 vo-

712 2530 830 2599 let),
862 2543 930 2581 ne
966 2527 1038 2581 iis
1067 2540 1188 2595 qua:
1219 2524 1484 2578 dicuntur
1532 2522 1714 2578 minus
1773 2523 2022 2585 credant,
2052 2522 2097 2574 si
2152 2519 2285 2589 quid

713 2622 941 2677 audiant
970 2618 1118 2690 quod
1161 2618 1409 2686 ipsorum
1444 2616 1597 2671 vires
1635 2614 1904 2669 excedat:
1954 2628 2131 2681 neque
2162 2613 2284 2667 illo-

714 2726 834 2765 rum
864 2710 1124 2764 virtutem
1147 2722 1212 2762 ex
1244 2706 1445 2775 seipsis
1471 2706 1790 2771 metiantur,
1823 2704 1918 2758 sed
1941 2706 2283 2773 exploratum

711 2797 952 2853 habeant
998 2796 1175 2850 solere
1221 2794 1389 2847 Deum
1435 2794 1654 2849 caelitus
1704 2810 1769 2850 ex
1815 2794 2029 2862 piorum
2089 2796 2285 2848 animis

715 2888 897 2943 sancti
922 2886 1170 2956 Spiritus
1196 2884 1340 2940 dona
1382 2886 1586 2948 metiri,
1618 2892 1672 2939 et
1702 2884 1911 2954 majora
1951 2884 2132 2954 largiri
2161 2900 2287 2954 aper-

714 2977 1056 3033 tectioribus.
1090 2975 1422 3050 llaecautem
1452 2975 1560 3030 illis
1592 2989 1623 3028 a
1656 2991 1741 3029 me
1761 2975 1906 3029 dicta
1939 2975 2074 3037 sint,
2104 2976 2200 3045 qui
2234 2975 2286 3027 in

714 3085 901 3126 rerum
925 3070 1239 3124 divinarum
1272 3066 1550 3138 mysterils
1578 3082 1683 3121 non
1710 3067 1847 3121 satis
1873 3074 2130 3120 accurate
2155 3073 2287 3119 sunt

2382 613 2594 681 ἐνεργεῖ
2616 613 2675 666 τδ
2704 613 2761 665 ἒν
2790 613 2885 666 καὶ
2903 615 2962 667 τὸ
2988 615 3118 667 αὐτὸ
3146 614 3387 684 Πνεῦμα,
3416 614 3659 687 διαιροῦν
3690 617 3795 689 ἰδία
3821 618 3959 670 ἑκά-

2383 718 2490 772 στῳ
2512 702 2693 765 καθὼς
2728 702 2994 772 βούλεται.
3038 722 3055 755 ι
3094 702 3311 774 Ἐπειδὴ
3350 706 3530 758 τοίνυν
3567 707 3837 776 διαφόρων
3864 723 3960 759 τε·

2383 793 2651 862 τυχήκασι
2676 794 2915 864 δωρεῶν,
2948 795 3172 858 εἰκότως
3207 796 3311 866 ἰδίᾳ
3346 798 3578 851 ἑκάστου
3614 795 3960 867 ποιησόμεθα

2381 884 2441 936 τὸ
2467 883 2727 955 διήγημα·
2750 887 2849 955 οὐχ
2874 887 3089 940 ἀπάντα
3107 886 3389 951 διεξιόντες
3406 889 3474 942 τὰ
3498 888 3955 958 ’τιτεπολιτευμένιι⁸

2381 980 2463 1041 εἰς
2498 979 2607 1050 γάρ
2636 978 2734 1049 τὴν
2779 979 3033 1049 τοιαύτην
3082 982 3399 1053 συγγραφὴν
3451 982 3572 1035 οὐδὲ
3624 980 3768 1047 ἅπας
3809 983 3877 1035 ἂν
3929 984 3960 1034 ό

2384 1069 2499 1139 βίος
2536 1069 2838 1140 ἀρκέσειεν·
2870 1069 2983 1123 ἀλλ’
3017 1070 3171 1137 ὀλίγα
3204 1070 3313 1122 τῶν
3352 1070 3568 1138 ἑκάστῳ
3608 1069 3960 1139 βεϐιωμένων

2381 1160 2847 1231 ἢπεπραγμένων
2878 1160 3286 1231 διηγησάμενοι,
3324 1161 3420 1214 καὶ
3463 1161 3552 1213 διὰ
3598 1160 3704 1213 τῶν
3759 1161 3961 1228 ὀλίγων

2381 1253 2475 1306 τοῦ
2508 1253 2708 1314 παντὸς
2745 1250 2859 1320 βίου
2885 1251 2976 1303 τδν
3008 1252 3331 1321 χαρακτῆρα
3375 1249 3814 1319 παραδείξαντες,
3867 1249 3958 1317 ἐφ’

2381 1344 2565 1412 ἓτερον
2599 1340 2947 1411 βαδιούμεθα.
2984 1341 3057 1391 Οὐ
3109 1340 3326 1393 πάντων
3374 1340 3430 1392 δὲ
3484 1341 3590 1392 τῶν
3642 1337 3957 1409 ἁπανταχοῦ

2381 1433 2791 1505 διαπρεψάντων
2815 1432 2984 1499 ἁγίων
3020 1432 3116 1502 τὴν
3146 1431 3417 1484 πολιτείαν
3450 1430 3657 1502 ἱστορίᾳ
3686 1429 3959 1500 παραδοῦ-

2382 1542 2469 1580 ναι
2508 1522 2905 1595 πειρασόμεθα·
2954 1520 3077 1574 οὔτε
3127 1521 3238 1591 γάρ
3288 1521 3447 1589 ἴσμεν
3496 1522 3622 1582 τοὺς
3677 1535 3959 1589 πανταχου

2382 1616 2812 1686 διαλάμψαντας,
2846 1612 2968 1666 οὐτε
2996 1612 3222 1666 δυνατὸν
3265 1615 3510 1675 ἅπαντας
3543 1612 3635 1681 ὐφ’
3673 1612 3792 1674 ένδς
3820 1628 3957 1678 συγ-

2382 1709 2681 1779 γραφῆναι.
2710 1706 2901 1760 Μόνων
2926 1706 3102 1759 τοίνυν
3129 1705 3238 1757 τῶν
3267 1705 3408 1758 κατά
3431 1705 3529 1775 τὴν
3550 1704 3625 1757 ἕω
3654 1704 3958 1773 φωστήρων

2378 1800 2538 1867 δίκην
2565 1796 2970 1865 ἀναφανέντων,
3015 1796 3111 1849 καὶ
3150 1799 3266 1858 ταῖς
3299 1796 3480 1848 ἀκτῖσι
3523 1795 3593 1847 τὰ
3636 1795 3737 1865 τῆς
3772 1796 3958 1847 οἰκον·

2387 1893 2555 1961 μένης
2601 1890 2850 1961 τέρματα
2878 1889 3303 1958 κατειληφότων,
3343 1887 3643 1956 ἀναγράψω
3686 1887 3777 1940 τὸν
3822 1886 3956 1956 βίον.

2396 1981 2857 2053 Ἀφηγηματικῶς
2898 1980 2955 2033 δὲ
2992 1981 3021 2033 ό
3050 1980 3208 2048 λόγος
3257 1979 3611 2050 προϐήσεται,
3665 1979 3725 2031 οὐ
3770 1979 3959 2047 νόμοις

2384 2073 2673 2142 ἐγκωμίων
2727 2070 3029 2144 χρώμενος,
3073 2071 3188 2123 ἀλλ’
3247 2070 3441 2139 ὀλίγων
3485 2069 3650 2122 τινῶν
3713 2069 3960 2139 ἀτεχνῶς

2382 2164 2703 2233 ποιούμενος
2733 2166 2832 2233 τὴν
2869 2164 3141 2235 διήγησιν.
3194 2162 3353 2226 Ἀξιῶ
3378 2162 3436 2215 δὲ
3483 2163 3608 2224 τούς
3640 2161 3963 2230 ἐντευξομέ-

2383 2272 2505 2317 νους
2530 2255 2656 2324 τῇδε
2687 2256 2752 2323 τῇ
2787 2252 3020 2323 φιλοθέῳ
3043 2253 3282 2322 ἱστορία,
3324 2252 3357 2321 ἢ
3391 2252 3661 2322 ἀσκητικῇ
3688 2250 3955 2320 πολιτεία·

2382 2347 2457 2410 ὼς
2483 2346 2591 2415 γὰρ
2640 2344 2890 2415 βούλεταὲ
2940 2361 3024 2405 τις
3073 2343 3304 2396 καλείτω
3344 2342 3405 2395 τὸ
3460 2342 3817 2414 σύγγραμμα⁶
3885 2342 3963 2412 μὴ

2385 2440 2635 2491 ἀπιστεῖν
2694 2439 2808 2500 τοῖς
2854 2435 3186 2507 λεγομένοις,
3228 2435 3285 2487 et
3325 2452 3378 2487 τι
3424 2435 3563 2505 ὑπὲρ
3606 2435 3704 2505 τὴν
3750 2435 3963 2488 ἑαυτῶν

2383 2530 2634 2584 ἀκούοιεν
2660 2529 2911 2601 δύναμιν,
2969 2529 3101 2600 μηδὲ
3160 2528 3339 2598 σφίσιν
3368 2530 3552 2592 αὐτοῖς
3598 2530 3695 2598 τὴν
3735 2528 3964 2582 ἐκείνων

2389 2624 2605 2694 μετρεῖν
2643 2623 2864 2695 ἀρετήν·
2914 2621 3029 2672 ἀλλ’
3070 2621 3266 2674 εἰδέναι
3313 2620 3521 2688 σαφῶς,
3571 2621 3645 2685 ὼς
3681 2622 3801 2684 ταῖς
3849 2619 3964 2672 τῶν

2387 2713 2626 2766 εὐσεϐῶν
2658 2711 2903 2782 γνώμαις
2932 2713 3149 2781 μετρεῖν
3186 2709 3377 2763 εἴωθεν
3417 2713 3445 2763 ὁ
3475 2710 3608 2772 Θεὸς
3667 2709 3762 2763 τοῦ
3804 2709 3963 2775 ἀγίου

2388 2804 2701 2873 Πνεύματος
2730 2802 2798 2855 τὰ
2818 2801 3150 2872 χαρίσματα,
3185 2801 3281 2854 καλ⁵
3319 2803 3435 2863 ταῖς
3479 2799 3841 2869 τελειοτέραις
3893 2802 3967 2851 τὰ

2391 2887 2616 2957 μείζονα
2664 2889 2866 2941 δίδωσι.
2921 2887 3104 2939 Ταῦτα
3133 2887 3189 2939 δέ
3225 2905 3314 2956 μοι
3364 2887 3500 2953 πρὸς
3554 2889 3681 2950 τοὺς
3727 2888 3787 2940 οὐ
3839 2887 3966 2940 λίαν

2388 2980 2630 3053 ἀκριϐῶς
2657 2980 2725 3032 τά
2761 2978 2882 3031 θεῖα
2916 2979 3300 3048 μεμυημένους
3330 2978 3586 3048 εἰρήσθω.
3615 2980 3678 3030 υἱ
3716 2977 3824 3050 γὰρ
3862 2977 3965 3046 μύ-

2392 3090 2510 3125 σται
2538 3072 2646 3125 τῶν
2688 3072 2896 3124 ἀδύτων
2924 3070 3017 3125 τοῦ
3058 3070 3372 3139 Πνεύματος
3435 3070 3580 3122 ἴσασι
3624 3071 3722 3132 τὰς
3754 3070 3964 3137 φιλοτι-

713 3163 938 3218 lnitiati.
972 3159 1331 3232 Mystaa‘enim
1358 3158 1626 3213 aditorum
1654 3159 1893 3228 Spiritus
1925 3157 2283 3228 magniﬁcen-
2313 3174 2356 3233 ο

2313 3174 2356 3233 c
2392 3166 2518 3235 μίας
2545 3166 2641 3219 τοῦ
2691 3164 3027 3235 Πνεύματος,
3068 3165 3164 3216 καὶ
3212 3158 3299 3215 οἷα
3339 3162 3408 3215 δι’
3438 3162 3738 3233 ἀνθρώπων
3774 3163 3834 3215 ἐν
3864 3163 3964 3214 ἀν·

714 3254 849 3307 tiam
882 3252 1002 3320 ejus
1033 3258 1261 3315 norunt,
1292 3256 1347 3304 et
1377 3256 1582 3318 quanta
1608 3263 1702 3315 per
1734 3248 1985 3302 homines
2015 3249 2068 3301 in
2104 3247 2283 3302 homi-

715 3344 881 3401 nibus
911 3341 1184 3408 miracula
1222 3339 1409 3403 faciat,
1440 3348 1498 3392 ut
1530 3339 1849 3393 incredulos
1877 3339 1944 3393 ad
1973 3339 2068 3394 Dei
2094 3338 2284 3409 cogni-

715 3436 922 3490 tionem
954 3431 1212 3485 adducat.
1254 3429 1359 3493 Qui
1399 3436 1578 3482 autem
1617 3428 1684 3483 iis
1714 3444 1834 3498 quae
1867 3444 1893 3482 a
1930 3444 2014 3482 me
2051 3428 2282 3484 dicenda

716 3532 846 3580 sunt
878 3522 1190 3577 crediturus
1230 3534 1339 3573 non
1388 3529 1491 3581 est,
1532 3519 1702 3588 liquet
1740 3535 1863 3573 eum
1910 3535 1976 3573 ne
2010 3520 2101 3572 illa
2156 3519 2282 3588 qui-

715 3618 838 3673 dem
872 3628 996 3669 vera
1027 3612 1388 3674 crediturum,
1417 3626 1538 3680 quae
1576 3625 1672 3680 per
1715 3610 1943 3676 Moscm,
1978 3620 2032 3665 et
2070 3610 2281 3675 Jesum,

714 3716 767 3761 et
804 3705 993 3768 Ellam,
1036 3710 1090 3759 et
1125 3702 1377 3757 Elisaeum
1408 3712 1559 3773 gesta
1617 3703 1825 3772 1107
1884 3712 2034 3768 sunt,
2093 3713 2148 3757 et
2182 3718 2282 3773 pro

717 3798 919 3851 fabulis
959 3794 1162 3848 habere
1202 3792 1490 3858 miracula,
1527 3807 1649 3863 quae
1685 3807 1715 3846 a
1768 3795 1977 3848 sanctis
2017 3794 2284 3864 apostolis

717 3896 927 3958 patrata
958 3892 1106 3939 sunt.
1143 3882 1300 3949 Quod
1342 3884 1386 3938 si
1421 3898 1552 3938 vera
1579 3884 1669 3937 illa
1711 3898 1835 3939 esse
1873 3892 2129 3949 testatur,
2168 3886 2285 3940 haec

718 3992 937 4047 quoque
970 3991 1000 4029 a
1042 3974 1179 4028 falso
1237 3975 1418 4029 aliena
1464 3989 1586 4029 esse
1617 3975 1827 4029 credat.
1867 3975 1999 4040 Quae
2027 3976 2176 4031 enim
2228 3977 2286 4032 in

720 4072 831 4125 illis
861 4076 1087 4139 operata
1111 4074 1203 4123 est
1244 4069 1443 4136 gratia,
1477 4066 1668 4122 eadem
1701 4082 1798 4136 per
1845 4067 1946 4121 hos
1973 4083 2192 4138 quoque
2226 4075 2287 4122 ut

722 4167 915 4216 tierent
956 4158 1159 4213 effecit.
1194 4156 1463 4212 Perennis
1498 4164 1679 4211 autem
1715 4159 1912 4227 gratia,
1942 4174 2036 4213 eos
2065 4159 2159 4229 qui
2199 4158 2285 4212 di-

720 4254 810 4323 gni
844 4260 975 4308 sunt
1001 4252 1231 4321 eligens,
1258 4265 1353 4321 per
1385 4251 1485 4304 hos
1510 4251 1682 4305 veluti
1715 4267 1809 4319 per
1833 4252 2091 4306 salientes
2119 4266 2289 4321 quos-

721 4352 845 4401 dam
875 4344 1106 4400 ell‘undit
1134 4345 1338 4398 fluenta
1370 4344 1708 4413 Operationis
1743 4360 1874 4399 suae.
1914 4344 1991 4398 Ex
2026 4346 2094 4399 iis
2126 4360 2288 4415 porro

720 4451 841 4506 quae
875 4435 1109 4489 dicenda
1148 4441 1299 4499 sunt,
1351 4434 1530 4503 aliqua
1563 4435 1678 4503 ipse
1738 4435 1888 4489 vidi:
1935 4451 2055 4504 quae
2106 4445 2286 4491 autem

2390 3255 2626 3322 θρώποις
2659 3255 3081 3325 θαυματουργεῖ,
3104 3256 3168 3323 τῇ
3196 3254 3304 3305 τῶν
3326 3254 3564 3321 τεράτων
3595 3252 3966 3321 μεγαλουργία

2388 3347 2517 3409 τοὺς
2544 3346 2806 3409 ἀπίστους
2859 3347 2938 3407 είς
2992 3343 3321 3411 θεογνωσίαν
3378 3342 3756 3412 ἐφελκόμενον.
3804 3344 3861 3396 '0
3908 3345 3966 3395 δὲ

2390 3441 2499 3500 τοῖς
2520 3438 2647 3507 παρ’
2680 3435 2834 3505 ἡμῶν
2862 3433 3246 3504 ῥηθησομένων
3276 3434 3610 3501 ἀπιστήσων,
3633 3431 3854 3501 εὔδηλον
3887 3433 3964 3495 ὡς

2390 3522 2509 3576 οὐδέ
2541 3524 2655 3583 τοῖς
2683 3521 2771 3573 διά
2802 3521 3064 3586 Μωσέως,
3099 3520 3193 3572 καὶ
3238 3517 3437 3589 Ἰησοῦ,
3488 3520 3584 3571 καὶ
3628 3520 3803 3581 Ἠλία,
3865 3521 3965 3572 καὶ

2404 3612 2705 3667 Ἐλισσαίου
2734 3611 3121 3681 γεγενημένοις
3146 3610 3221 3674 ὡς
3241 3608 3466 3680 ἀληθέσι
3498 3609 3826 3674 πιστεύσειε,
3862 3610 3966 3679 μῦ-

2392 3703 2483 3757 θον
2535 3703 2591 3757 δὲ
2624 3705 2838 3773 ἡγεῖται
2891 3703 2986 3754 καὶ
3031 3701 3130 3763 τὰς
3159 3700 3249 3753 διά
3296 3700 3406 3753 τῶν
3453 3701 3611 3771 ἱερῶν
3652 3702 3965 3754 ἀποστόλων

2391 3793 2756 3864 γεγενημένας
2779 3792 3236 3863 θανματουργίας.
3264 3792 3328 3844 El
3359 3791 3416 3845 δὲ
3450 3792 3676 3854 ἐκείνοις
3704 3792 3968 3863 ἀλήθειαν

2395 3887 2677 3958 μαρτυρεῖ,
2726 3885 2951 3955 ψεύδους
3012 3884 3271 3956 ἐλεύθερα
3325 3883 3466 3938 εἶναι
3510 3886 3811 3938 πιστευέτω
3865 3886 3966 3940 καὶ

2392 3977 2584 4031 ταῦτα.
2629 3977 2695 4030 Ἦ
2725 3975 2834 4047 γὰρ
2858 3978 2916 4029 ὲν
2944 3975 3172 4037 ἐκείνοις
3200 3975 3544 4046 ὲνεργήσασα
3580 3976 3765 4045 χάρις,
3820 3974 3962 4045 αὕτη

2392 4067 2485 4121 καὶ
2507 4068 2595 4121 διὰ
2622 4066 2827 4121 τούτων
2862 4066 3218 4137 ὲνεργηκέναι
3254 4067 3569 4136 πεποίηκεν.
3630 4066 3880 4129 ’Δένναος
3906 4067 3965 4120 es

2394 4162 2427 4231 ὴ
2456 4159 2635 4229 χάρις,
2664 4160 2760 4213 καὶ
2798 4159 2924 4221 τοὺς
2943 4158 3126 4222 ἀξίους
3160 4157 3516 4226 ὲκλεγομένη,
3554 4152 3663 4210 οἷον
3687 4157 3777 4211 διά
3802 4175 3966 4211 τινων

2396 4250 2636 4321 κρουνῶν
2667 4249 2960 4313 ἀναϐλύζει
3002 4248 3089 4302 διὰ
3149 4247 3350 4301 τούτων
3383 4249 3480 4317 τῆς
3523 4248 3841 4317 εὐεργεσίας
3895 4250 3965 4301 τὰ

2394 4344 2630 4414 νάματα.
2666 4343 2787 4396 Τῶν
2814 4344 2871 4396 δὲ
2909 4342 3324 4413 λεχθησομένων
3363 4339 3520 4393 ὲνίων
3554 4340 3650 4410 μὲν
3688 4340 3967 4409 αὐτόπτης

2396 4436 2655 4504 ἐγενόμην
2681 4432 2810 4501 ὲγώυ
2843 4434 2940 4485 ὅσα
2973 4433 3029 4485 δὲ
3068 4432 3141 4501 μὴ
3187 4430 3474 4499 τεθέαμαι,
3510 4430 3659 4501 παρά
3682 4431 3791 4482 τῶν
3821 4430 3965 4482 ὲκεί-

722 4543 831 4581 υυιι
868 4525 1000 4588 vidi,
1032 4524 1101 4578 ab
1137 4525 1206 4578 iis
1236 4522 1423 4578 audivi
1456 4526 1549 4594 qui
1583 4525 1854 4585 viderant.
1891 4527 2029 4581 viris
2068 4527 2289 4582 virtutis
2317 4525 2367 4585 Ι)

2317 4525 2367 4585 D
2394 4544 2515 4589 νους
2548 4525 2886 4593 τεθεαμένων
2935 4524 3170 4592 ἀκήκοα,
3200 4522 3408 4591 ἀνδρῶν
3445 4521 3642 4590 ἀρετῆς
3694 4521 3960 4591 ἐραστῶν,

721 4614 1054 4677 amantibus,
1094 4612 1385 4682 dignisque
1428 4614 1637 4669 habitis
1667 4615 1762 4682 qui
1800 4616 1926 4670 illos
1960 4616 2208 4669 viderent
2236 4628 2289 4671 et

721 4717 912 4757 eorum
942 4702 1190 4771 doctrina
1222 4699 1561 4758 fruerentur.
1582 4701 1712 4757 Fide
1739 4713 1923 4759 autem
1951 4705 2101 4772 digni
2133 4721 2291 4759 evan-

720 4794 908 4865 gelica:
944 4793 1209 4848 doctrina:
1260 4794 1561 4863 scriptores
1602 4803 1752 4859 sunt,
1795 4811 1904 4849 non
1954 4796 2131 4849 solum
2165 4795 2293 4848 Mat-

724 4888 898 4939 tliaeus
919 4896 972 4937 ct
996 4882 1256 4945 Joannes.
1286 4884 1447 4952 primi
1498 4892 1552 4939 et
1582 4886 1763 4955 magni
1792 4887 2159 4957 evangelista,
2196 4887 2290 4956 qui

726 4975 941 5030 Domini
976 4975 1163 5029 videre
1194 4974 1459 5029 miracula
1487 4992 1498 5028 :
1535 4974 1631 5031 sed
1660 4977 1824 5030 etiam
1857 4975 2033 5033 Lucas
2063 4988 2115 5033 et
2148 4978 2289 5032 Mar-

722 5080 842 5130 cus,
870 5079 1014 5133 quos
1054 5064 1093 5118 ii
1118 5065 1212 5133 qui
1242 5066 1310 5119 ab
1346 5064 1502 5119 initio
1551 5066 1827 5130 viderant,
1854 5075 1908 5121 ct
1946 5069 2097 5121 verbi
2129 5069 2291 5121 mini-

722 5156 824 5211 stri
857 5157 1091 5221 fuerant,
1124 5171 1235 5210 non
1267 5170 1331 5209 ca
1362 5157 1523 5211 modo
1544 5173 1665 5228 qua:
1693 5173 1888 5227 passus
1918 5166 2023 5221 est,
2072 5168 2125 5216 et
2168 5176 2290 5230 quae

724 5249 854 5304 fecit
889 5247 1177 5313 Dominus,
1212 5248 1305 5302 sed
1357 5262 1421 5302 ea
1452 5248 1618 5303 etiam
1670 5263 1791 5318 qua:
1819 5250 2039 5305 assidue
2078 5250 2290 5318 docuit,

722 5346 978 5392 accurate
1012 5338 1336 5394 docuerunt.
1393 5338 1526 5393 Nam
1577 5348 1633 5395 et
1684 5340 1881 5397 beatus
1924 5342 2041 5412 ipse
2092 5344 2290 5411 Lucas,

721 5432 814 5500 qui
854 5438 1131 5498 spectator
1163 5445 1273 5489 non
1335 5429 1532 5496 fuerat,
1569 5432 1625 5486 in
1677 5434 1949 5503 principio
1984 5437 2169 5504 operis
2202 5438 2290 5493 sui

723 5516 858 5570 dicit
896 5531 955 5571 se
980 5532 1043 5572 ea
1066 5532 1309 5580 narrare.
1342 5519 1410 5575 de
1432 5520 1636 5591 quibus
1668 5523 1684 5541 ‘
1716 5523 1921 5577 certior
1952 5522 2135 5580 factus
2178 5527 2287 5580 sit:

724 5613 777 5657 et
807 5621 928 5671 nos,
972 5606 1102 5662 licet
1148 5608 1435 5665 audiamus
1465 5626 1592 5666 eum
1624 5611 1714 5665 illa
1779 5629 1887 5668 non
1932 5615 2139 5671 vidisse
2170 5632 2291 5686 quae

728 5704 934 5758 narrat.
966 5697 1061 5752 sed
1090 5697 1228 5755 hanc
1258 5702 1561 5759 doctrinam
1594 5703 1662 5760 ab
1696 5704 1817 5761 aliis
1846 5709 2143 5776 accepisse,
2177 5723 2287 5765 non

804 5812 1027 5870 ῐΙίὲοι·⁸
1066 5831 1159 5887 xu,
1193 5816 1281 5873 'l.

2392 4616 2612 4685 καὶτῆς
2663 4614 2884 4666 ἐκείνων
2937 4613 3063 4675 θέας
3105 4613 3198 4665 καὶ
3241 4610 3588 4672 διδασκαλίας
3620 4609 3961 4681 ἠξιωμένων

2391 4708 2686 4777 ἀξιόχρεως
2710 4705 2766 4758 δὲ
2797 4705 2891 4759 καὶ
2941 4704 3037 4774 τὴν
3066 4704 3429 4773 εὐαγγελικὴν
3464 4704 3789 4771 συγγράφων
3815 4702 3966 4755 διδαο

2393 4798 2618 4853 σκαλίαν
2650 4798 2711 4849 οὐ
2754 4798 2911 4867 μόνον
2944 4796 3221 4857 Matt-Gaio;
3254 4796 3347 4847 καὶ
3380 4795 3653 4863 Ἰωάννης,
3680 4796 3727 4845 οἰ
3756 4793 3966 4863 πρῶτοι

2393 4887 2486 4940 καὶ
2520 4884 2742 4955 μεγάλοι
2798 4884 2904 4938 τῶν
2938 4883 3358 4953 εὐαγγελιστῶν,
3403 4885 3449 4936 οἱ
3478 4883 3586 4935 τῶν
3618 4884 3967 4935 Δεσποτικῶν

2399 4976 2686 5045 θαυμάτων
2711 4975 2992 5029 αὐτόπταιο
3034 4974 3167 5027 ἀλλά
3197 4976 3292 5027 καὶ
3323 4976 3559 5037 Λουκᾶς,
3594 4976 3687 5026 καὶ
3714 4973 3965 5042 Μάρκος.

2399 5066 2492 5129 οὓς
2521 5069 2566 5120 ol
2593 5068 2652 5131 ἐξ
2685 5066 2858 5138 ἀρχῆς
2884 5066 3170 5129 αὐτόπται,
3210 5065 3302 5118 καὶ
3346 5064 3613 5134 ὑπηρέται
3636 5062 3729 5115 τοῦ
3781 5064 3965 5130 λόγου,

2395 5159 2457 5212 οὐ
2483 5158 2641 5226 μόνον
2673 5158 2709 5210 ἀ
2758 5156 2991 5210 πέπονθέ
3043 5173 3101 5208 τε
3151 5156 3246 5208 καὶ
3292 5155 3546 5226 δέδρακεν
3588 5157 3616 5208 ό
3664 5155 3966 5222 Δεσπότης,

2399 5249 2532 5305 ἀλλά
2564 5251 2656 5302 καὶ
2676 5248 2711 5302 ἀ
2740 5248 3004 5302 διδάσκων
3036 5248 3353 5313 διετέλεσεν,
3381 5246 3620 5318 ἀκριϐῶς
3649 5244 3969 5311 ἐξεπαίδευ-

2399 5358 2517 5395 σαν.
2546 5341 2655 5393 Καὶ
2696 5339 2770 5410 μὴ
2796 5339 3157 5408 γεγενημένος
3187 5336 3294 5406 γὰρ
3321 5337 3591 5405 αὐτόπτης
3618 5336 3647 5386 ὁ
3698 5334 3971 5405 μακάριος

2398 5434 2633 5496 Λουκᾶς,
2660 5433 2759 5502 τῆς
2799 5432 3120 5501 συγγραφῆς
3169 5428 3474 5501 ἀρξάμενος
3526 5428 3653 5498 περὶ
3690 5427 3969 5497 πεπληρο-

2400 5545 2538 5599 φορη
2548 5527 2722 5597 μένων
2757 5528 3096 5597 πραγμάτων
3116 5526 3383 5579 ποιεῖσθαί
3411 5542 3542 5596 φησι
3568 5526 3666 5593 τὴν
3689 5523 3969 5594 διήγησιν⁹

2399 5621 2495 5675 καὶ
2542 5621 2701 5690 ἡμεῖς
2730 5620 2806 5683 δὲ,
2838 5620 3123 5684 ἀκούοντες
3177 5622 3258 5675 ὅτι
3294 5620 3394 5672 οὐκ
3451 5618 3726 5687 αὐτόπτης
3752 5618 3974 5686 ἐγένετο

2399 5713 2603 5769 τούτων
2625 5713 2803 5769 αὐτῶν
2832 5713 3201 5785 διηγημάτων,
3236 5711 3366 5765 ἀλλὰ
3397 5712 3524 5780 παρ’
3554 5709 3725 5764 ἄλλων
3760 5708 3972 5780 ταύτην
