4206 6456
253 360 390 428 1293

1462 355 1865 423 BELIGIOSA
1901 354 2281 416 HISTORIA.

3355 360 3490 426 1294

248 480 348 548 τὴν
373 479 719 532 διδασκαλίαν
762 477 1090 548 παρέλαϐεν,
1134 477 1286 531 οὐδὲν
1335 474 1497 550 ἦττον
1551 479 1697 548 αὐτῷ
1729 470 1818 531 κειῖ

1865 469 1890 521 λ
1922 469 2103 523 uiiuus
2148 471 2227 523 illi
2261 482 2312 524 ct
2359 469 2536 525 Marco
2596 473 2893 539 credimus,
2935 489 3097 545 quam
3148 474 3399 531 Matthaao
3434 486 3489 533 et

248 572 465 641 Μάρκῳ
489 570 845 640 προσέχομεν,
882 571 914 640 ἦ
942 570 1203 642 Ματθαίῳ
1228 572 1322 624 καὶ
1364 570 1603 641 Ἰωάννῃ.
1652 573 1819 639 Ἀξιόο

248 679 426 730 χρεως
477 663 585 729 γὰρ
614 663 869 730 ἑκάτερος
902 661 1276 731 διηγούμενος,
1310 664 1404 716 ἆτε
1443 664 1507 733 δὴ
1539 666 1688 733 παρὰ
1711 663 1819 716 τῶν

245 753 597 821 τεθεαμένων
650 753 1053 821 δεδιδαγμένος.
1106 754 1397 823 Τοιγάρτοι
1446 755 1540 807 καὶ
1569 757 1729 824 ἡμεῖς
1750 754 1820 809 τά

250 843 352 914 μὲν
382 844 615 913 ἐροῦμεν
640 845 715 907 ὡς
744 845 1029 909 αὐτόπται,
1076 845 1146 898 τὰ
1170 846 1225 898 δὲ
1256 849 1366 908 τοῖς
1408 847 1701 909 αὐτόπταις
1737 846 1818 897 δι-

245 937 617 1003 ηγησαμένοις
671 937 1118 999 πεπιστευκότες.
1183 936 1405 1005 ἀνδράσι
1452 936 1542 989 τὸν
1596 935 1817 990 ἐκείνων

248 1022 363 1091 βίον
395 1024 711 1092 ἐζηλωκάτι.
746 1024 997 1086 Πλείονας
1026 1025 1080 1077 δὲ
1112 1027 1238 1095 περὶ
1258 1026 1447 1078 τούτου
1472 1026 1817 1095 δεδαπάνηκα

244 1112 457 1180 λόγους,
486 1119 668 1169 πεῖσαι
692 1115 1009 1184 βουλόμενος
1034 1117 1110 1180 ὡς
1137 1117 1310 1187 ἀληθῆ
1330 1118 1751 1187 διηγήσομαι.Ἀ
1763 1135 1819 1188 ρ-

247 1203 411 1274 ξομαι
440 1205 496 1257 δὲ
528 1206 627 1275 τῆς
674 1206 977 1276 διηγήσεως
1009 1207 1159 1260 ἐνθεν
1187 1208 1344 1262 ἑλών.

762 1297 841 1347 Α’.
876 1324 944 1334 ——
976 1295 1289 1347 ΙΑΚΩΒΟΣ.

316 1384 555 1453 Μωῦσῆς
582 1387 609 1437 ὁ
652 1385 791 1447 θεῖος
822 1387 851 1437 ὁ
893 1387 1206 1455 νομοθέτης,
1239 1389 1267 1439 ὁ
1293 1387 1390 1455 τῆς
1428 1386 1694 1458 θαλάττης
1723 1389 1815 1441 τὸν

241 1473 494 1542 πυθμένα
540 1473 853 1543 γυμνώσας,
908 1474 1002 1526 καὶ
1030 1474 1128 1543 τὴν
1162 1474 1387 1544 ἄνυδρον
1423 1473 1625 1543 ἔρημον
1661 1476 1813 1527 ὕδασι

240 1564 607 1628 κατακλύσας,
653 1566 743 1617 καὶ
787 1566 853 1617 τά
887 1564 1023 1617 ἄλλα
1074 1567 1249 1619 πάντα
1302 1566 1811 1639 θαυματουργήσας,

238 1658 350 1710 τῶν
380 1657 548 1710 πάλαι
600 1658 978 1727 γεγενημένων
1014 1658 1182 1724 ἁγίων
1230 1657 1328 1728 τὴν
1376 1660 1648 1712 πολιτείαν
1690 1678 1815 1713 συν-

241 1750 501 1817 έγραψεν,
527 1750 586 1801 οὐ
611 1752 675 1817 τῇ
718 1748 877 1819 σοφία
905 1749 1264 1817 χρησάμενος,
1301 1751 1366 1819 ἢν
1395 1750 1544 1819 παρὰ
1575 1750 1682 1803 τῶν
1714 1751 1810 1802 Αί-

238 1814 484 1909 γυπτίων
512 1814 865 1911 μεμάθηκεν,-
1062 1814 1158 1910 τῆς
1200 1814 1401 1895 ἄνωθεν
1448 1814 1667 1911 χάριτος
1718 1842 1814 1912 τὴν
1848 1814 1891 1869 Β

237 1934 433 2002 αῑγλην
462 1934 771 2002 δεξάμενος.
812 1932 979 1985 Πόθεν
1018 1933 1123 2003 γὰρ
1150 1934 1215 1986 ἂν
1241 1933 1440 2003 ἔμαθεν
1478 1935 1695 1988 ἄλλοθεν
1724 1934 1815 1988 τοῦ

241 2026 412 2078 ’Δόελ
448 2027 546 2094 τὴν
570 2025 789 2097 ἀρετὴν,
829 2026 921 2078 καὶ
940 2024 1033 2078 τοῦ
1073 2025 1242 2095 Ἑνὼχ
1280 2026 1340 2078 τὸ
1395 2025 1660 2093 φιλόθεον,
1723 2028 1817 2081 καὶ

236 2115 334 2169 τοῦ
394 2115 518 2168 Νῶε
566 2117 628 2168 τὸ
660 2116 886 2180 δίκαιον,
932 2116 1027 2169 καὶ
1080 2116 1179 2186 τὴν
1218 2117 1413 2186 εὐσεϐῆ
1468 2117 1561 2169 τοῦ
1609 2118 1813 2187 Μελχι-

241 2209 400 2261 σεδὲκ
433 2210 747 2279 ἱερωσύνην,
788 2212 882 2263 καὶ
909 2207 1001 2261 τοῦ
1030 2207 1280 2279 Ἀϐραὰμ
1324 2208 1420 2280 τὴν
1463 2210 1672 2278 κλῆσιν,
1717 2208 1814 2281 τὴν

238 2300 450 2361 ⁴ιτίστιν,
482 2300 580 2368 τὴν
611 2300 922 2369 καρτερίαν,
959 2300 1057 2368 τὴν
1098 2298 1326 2367 ἐπιμελῆ
1363 2299 1686 2365 φιλοξενίαν,
1717 2299 1814 2369 τὴν

240 2391 677 2461 πολυθρύλλητον
699 2393 793 2447 τοῦ
834 2391 1019 2453 παιδὸς
1070 2391 1518 2461 ίερουργίαν,κα¹ι
1563 2392 1653 2445 τὸν
1705 2393 1813 2445 τῶν

237 2481 418 2535 ἄλλων
459 2482 895 2553 κατορθωμάτων
940 2482 1257 2550 κατάλογον,
1293 2485 1385 2536 καὶ
1417 2485 1693 2553 συντόμως
1730 2487 1810 2538 εἱ-

236 2574 383 2636 πεῑν,
407 2573 514 2625 τῶν
559 2574 858 2627 θεσπεσίων
895 2573 1116 2626 ἐκείνων
1149 2573 1354 2644 ἀνδρῶν
1395 2576 1520 2638 τοὺς
1570 2577 1807 2644 ἀγῶνας,

235 2663 333 2715 καὶ
363 2664 539 2725 νίκας,
585 2665 681 2725 τὰς
721 2662 1069 2735 ἀναρρήσεις,
1112 2667 1161 2716 εἰ
1221 2665 1295 2733 μὴ
1343 2663 1436 2717 τοῦ
1484 2666 1669 2737 νοεροῦ
1714 2668 1810 2719 καὶ

227 2753 388 2806 θείου
434 2754 747 2823 Πνεύματος
777 2754 875 2817 τὰς
911 2757 1135 2817 ἀκτῖνας
1179 2756 1421 2821 essem-.0;
1454 2756 1669 2826 Ταύτης
1715 2759 1809 2810 ἐπὶ

232 2844 332 2897 τοῦ
361 2846 623 2913 παρόντος
652 2846 816 2912 κάμοὶ
868 2844 948 2895 δεῖ
995 2845 1093 2913 τῆς
1138 2844 1447 2914 συνεργίας,
1492 2846 1600 2897 τῶν
1630 2844 1808 2913 ὀλίγον

232 2934 344 3003 πρὸ
370 2934 525 3003 ἡμῶν
558 2937 654 2985 καὶ
698 2933 782 3001 ἐφ’
830 2932 984 3002 ὴμῶν
1017 2933 1073 2985 δὲ
1119 2932 1449 3002 λαμψάντων
1500 2934 1671 3001 ἁγίων
1716 2934 1806 2986 τὸν

232 3020 352 3089 βίον
392 3022 718 3092 πειρωμένῳ
749 3021 1082 3091 συγγράψαι,
1129 3022 1225 3073 καὶ
1262 3015 1371 3073 οἷον
1427 3039 1545 3073 τινα
1579 3022 1804 3090 νομοθε-

1921 557 2135 612 Joanui.
2159 559 2343 613 Fidem
2375 563 2544 625 enim,
2568 563 2695 616 dum
2729 574 2975 630 narrant,
2997 576 3277 621 merentur
3306 569 3487 633 ambo,

1923 658 1981 702 ut
2015 652 2083 701 ab
2118 651 2185 704 iis
2236 653 2417 705 edocti
2471 654 2561 722 qui
2594 654 2864 708 viderant.
2905 657 3086 722 Quare
3136 673 3238 713 nos
3270 673 3491 728 quoque

1923 741 2271 796 narrabimus
2294 758 2356 795 ea
2389 760 2509 811 quae
2535 744 2733 813 partim
2773 746 2877 815 ipsi
2910 748 3165 813 vidimus,
3187 751 3385 819 partim
3421 750 3489 805 iis

1919 831 2011 899 qui
2061 832 2329 895 viderant,
2381 851 2682 905 eorumque
2741 838 2906 890 vitam
2948 839 3322 906 imitabantur,
3360 858 3490 897 nar-

1921 924 2174 979 rantibus
2200 927 2558 982 credidimus.
2593 928 2667 983 De
2716 930 2800 983 his
2832 940 3014 985 autem
3074 933 3196 987 ideo
3234 936 3484 1004 pluribus

1920 1016 2379 1078 vcrbisdisscrui,
2418 1027 2471 1070 ut
2506 1036 2591 1072 me
2626 1036 2747 1074 vera
2794 1032 3144 1078 narraturum
3187 1029 3483 1095 persuade-

1919 1123 2054 1162 rem.
2090 1108 2226 1163 lliuc
2267 1126 2396 1163 vero
2428 1111 2685 1181 deinceps
2713 1128 2941 1169 narrare
2972 1117 3255 1188 incipiam.

2343 1290 2557 1361 1108
2592 1292 2716 1345 1.-
2743 1292 3070 1350 JACOBUS.

1991 1376 2171 1433 Moses
2198 1380 2416 1436 divinus
2450 1384 2752 1450 lcgislator,
2774 1388 2867 1455 qui
2895 1390 3062 1443 maris
3093 1388 3323 1446 fundum
3357 1410 3487 1464 ape-

1921 1471 2048 1534 ruit,
2091 1481 2144 1526 et
2182 1475 2339 1542 aquis
2364 1476 2548 1528 obruit
2578 1476 2788 1530 aridam
2839 1480 3217 1547 solitudinem,
3275 1494 3329 1538 et
3381 1489 3486 1541 alia

1919 1566 2103 1617 omnia
2132 1564 2261 1618 fecit
2295 1566 2583 1631 miracula,
2616 1579 2860 1625 veterum
2895 1583 3211 1628 sanctorum
3258 1593 3343 1632 res
3392 1595 3486 1647 ge-

1919 1665 2036 1712 stas
2065 1658 2425 1726 conscripsit,
2452 1676 2560 1714 non
2597 1677 2658 1715 ea
2699 1672 2857 1718 utens
2888 1667 3178 1735 sapientia,
3225 1685 3386 1739 quam
3419 1674 3489 1727 ab

1920 1747 2196 1819 Egyptiis
2229 1752 2518 1818 didicerat,
2554 1755 2649 1808 sed
2699 1757 2988 1825 splendore
3036 1761 3227 1828 gratia:
3268 1764 3485 1819 cwlitus

1920 1851 2165 1912 accepto.
2213 1844 2502 1900 Undenam
2551 1847 2695 1900 enim
2754 1848 2954 1917 alioqui
2991 1852 3175 1907 Abelis
3225 1854 3483 1909 virtutem

1918 1936 2288 2001 cognovisset,
2314 1945 2409 1988 aut
2452 1938 2659 1991 Euochi
2689 1954 2932 1995 amorem
2964 1942 3230 2007 divinum,
3263 1956 3317 2000 et
3342 1946 3488 2002 Noa-

1917 2025 2005 2078 chi
2036 2027 2330 2094 justitiam,
2363 2036 2420 2083 et
2471 2028 2855 2086 Melchisedeci
2886 2034 3035 2101 pium
3086 2016 3483 2103 sacerdotium,

1915 2121 1967 2167 et
1995 2114 2226 2169 Abraha:
2254 2117 2614 2182 vocationem,
2646 2121 2830 2183 tidem,
2890 2122 3266 2180 fortitudinem
3303 2136 3357 2182 ct
3384 2144 3484 2182 ex-

1916 2206 2174 2274 quisitam
2230 2208 2677 2279 hospitalitatem,
2727 2212 3076 2269 decantatum
3131 2204 3229 2271 filii
3265 2219 3483 2273 sacriﬁ-

1915 2299 2079 2362 cium,
2114 2307 2167 2353 et
2194 2301 2423 2354 aliorum
2450 2300 2567 2368 ejus
2594 2303 2921 2359 eximiorum
2946 2306 3254 2363 facinorum
3273 2310 3483 2365 catalo-

1906 2405 2063 2459 gum,
2097 2399 2284 2461 atque,
2324 2400 2383 2445 ut
2415 2393 2467 2446 in
2499 2409 2711 2448 summa
2741 2394 2942 2460 dicam,
2979 2397 3291 2453 divinorum
3337 2402 3484 2454 viro-

1912 2497 2034 2537 rum
2081 2484 2302 2538 itlorum
2357 2487 2681 2551 certamina,
2733 2489 3016 2553 victorias,
3043 2494 3339 2561 praeconia,
3376 2494 3483 2551 nisi

1914 2573 2275 2643 intelligentis
2301 2577 2582 2649 divinique
2614 2580 2853 2650 Spiritus
2908 2585 3095 2641 radios
3136 2589 3481 2658 accepisset?

1913 2663 2032 2719 Hoc
2060 2667 2188 2721 mihi
2216 2684 2430 2739 quoque
2459 2672 2511 2725 in
2537 2674 2828 2740 praesentia
2862 2690 3000 2745 opus
3024 2685 3108 2733 est
3132 2680 3359 2744 auxilio,
3385 2683 3477 2751 qui

1911 2770 2077 2811 coner
2108 2758 2273 2811 vitam
2296 2762 2647 2818 conscribere
2678 2776 3016 2831 sanctorum,
3045 2769 3136 2837 qui
3169 2770 3329 2839 paqu
3352 2780 3479 2826 ante

1909 2862 2032 2913 nos,
2066 2857 2119 2903 et
2152 2852 2356 2928 nostris
2404 2854 2741 2922 temporibus
2792 2856 3058 2923 claruere,
3114 2867 3168 2914 et
3212 2861 3477 2929 quasdam

1908 2941 2079 2995 veluti
2104 2941 2251 3009 leges
2301 2944 2466 2998 velim
2511 2946 2715 3001 imitari
2747 2963 2843 3003 eos
2872 2949 3225 3019 cupientibus
3272 2966 3473 3022 propo-

1910 3048 2061 3088 nere.
2096 3035 2318 3088 Itlorum
2351 3052 2485 3109 ergo
2515 3039 2830 3095 invocanda:
2859 3050 2990 3097 sunt
3014 3057 3227 3113 preces,
3266 3056 3321 3100 et
3344 3044 3475 3098 inci-

234 3112 359 3164 ,τίαν
395 3115 508 3170 τοῖς
555 3112 748 3180 ζηλοῦν
772 3112 1009 3163 ἐθέλουσι
1041 3110 1345 3179 βουλομένῳ
1370 3115 1669 3180 προτεῖναι.
1692 3112 1803 3175 Τάς
1831 3143 1873 3204 c
1912 3122 2105 3192 pianda
2140 3126 2402 3180 narratio,

227 3204 440 3257 τούτων
458 3202 634 3257 τοίνυν
655 3202 959 3275 προσευχὰς
984 3201 1325 3273 ὲπικλητέον,
1356 3203 1449 3257 καὶ
1489 3204 1585 3273 ei;
1612 3203 1801 3276 διηγὴ-

234 3312 373 3358 σεως
409 3299 545 3364 ἀρκτ
553 3296 657 3350 ἐον.

300 3387 519 3449 Νίσιῦίς
563 3388 681 3439 ἐστι
715 3387 867 3450 πόλις
891 3387 948 3439 ὲν
975 3387 1212 3457 μεθορίῳ
1256 3389 1353 3457 τῆς
1400 3387 1685 3457 Ῥωμαίων
1711 3387 1805 3441 καὶ

233 3477 460 3546 Περσῶν
491 3477 790 3545 βασιλείας.
829 3478 863 3547 ἢ
897 3479 1061 3531 πάλαι
1100 3479 1196 3547 μὲν
1241 3479 1530 3547 Ῥωμαίοις
1570 3481 1801 3549 ἐδασμο-

230 3569 407 3638 φὸρει,
455 3571 549 3620 καὶ
584 3568 687 3620 ὑπὸ
733 3568 832 3637 τὴν
880 3569 1085 3621 τούτων
1148 3570 1438 3639 ἡγεμονίαν
1477 3571 1668 3623 ἐτέλει.
1709 3572 1801 3623 Ἐκ

227 3659 431 3728 ταύτης
454 3657 770 3729 ὁρμώμενος
811 3662 838 3711 ὀ
891 3661 1062 3727 μέγας
1098 3660 1370 3722 Ἰάκωϐος,
1402 3659 1492 3711 τὸν
1538 3662 1801 3731 ἐρημικὺν

226 3751 323 3803 καὶ
353 3749 573 3818 ἡσύχιον
622 3749 902 3816 ἠσπάσατο
946 3748 1080 3818 βίον,
1123 3752 1214 3802 καὶ
1258 3751 1353 3812 τὰς
1385 3750 1492 3803 τῶν
1534 3752 1800 3822 ὑψηλοτά-

224 3857 333 3893 των
365 3839 506 3908 ὀρῶν
542 3838 859 3891 καταλαϐὼν
906 3841 1168 3910 κορυφάς,
1210 3843 1269 3893 ἐν
1313 3842 1549 3904 ἐκείναις
1593 3843 1795 3913 διῆγεν’

225 3933 284 3983 ὲν
311 3931 435 4000 ἔαρι
472 3932 592 4000 μὲν,
624 3932 717 3983 καὶ
749 3930 916 4001 θέρει,
956 3933 1049 3984 καὶ
1086 3930 1385 4002 μετοπώρῳ
1417 3936 1535 3995 ταῖς
1573 3933 1798 4004 λόχμαις

224 4022 525 4091 χρώμενος,
563 4024 655 4073 καὶ
685 4022 874 4092 ὄροφον
908 4021 1156 4092 ἔχωντὶν
1205 4024 1455 4092 οὐρανόν⁹
1500 4025 1591 4078 τὸν
1611 4026 1665 4079 δὲ
1704 4026 1796 4079 τοῦ

222 4111 491 4181 χειμῶνος
525 4113 715 4182 καιρὸν
767 4115 961 4182 ἄντρον
995 4113 1154 4165 αὐτὸν
1191 4113 1503 4184 ὑπεδέχετο,
1540 4117 1797 4186 βραχεῖαν

225 4204 437 4275 σκέπην
459 4206 717 4276 παρέχον.
747 4204 963 4273 Τροφὴν
984 4204 1039 4257 δὲ
1058 4199 1223 4273 εἶχεν,
1242 4206 1303 4257 οὐ
1341 4206 1440 4275 τὴν
1468 4208 1603 4277 μετὰ
1634 4208 1794 4259 πόνου

224 4296 589 4365 σπειρομένην
606 4297 698 4347 καὶ
726 4296 1023 4365 φυομένην,
1053 4296 1187 4348 ἀλλὰ
1212 4296 1308 4365 τὴν
1328 4297 1645 4366 αὐτομάτως
1671 4298 1797 4366 βλα-

223 4387 547 4439 στάνουσαν.
588 4386 710 4438 Τῶν
736 4384 845 4455 γὰρ
874 4386 1079 4456 ἀγρίων
1097 4386 1327 4456 δένδρων
1358 4389 1481 4449 τοὺς
1507 4388 1792 4456 αὐτοφυεῖς

223 4477 497 4544 συλλέγων
534 4479 799 4547 καρποὺς,
825 4478 919 4529 καὶ
968 4476 1078 4529 τῶν
1106 4477 1344 4547 βοτανῶν
1373 4478 1469 4541 τὰς
1502 4478 1791 4549 ἐδωδίμους

220 4576 313 4627 καὶ
336 4574 683 4643 λαχανώδεις,
728 4575 789 4625 ἐκ
837 4572 1041 4626 τούτων
1079 4574 1246 4628 ἐδίδου
1265 4573 1341 4644 τῷ
1368 4574 1579 4644 σώματι
1605 4576 1671 4628 τὰ
1711 4579 1791 4640 είς

216 4668 279 4720 τὸ
308 4667 408 4736 ζῇν
461 4666 807 4735 ἀποχρῶντα.
855 4665 951 4737 τὴν
994 4670 1090 4718 τοῦ
1145 4668 1315 4737 πυρὸς
1362 4668 1790 4738 παραιτούμενος

218 4758 429 4828 χρείαν.
464 4758 696 4827 Περιττὴ
742 4756 799 4809 δὲ
829 4752 897 4827 ἦν
936 4756 1083 4827 αὐτῷ
1115 4759 1206 4810 καὶ
1246 4758 1355 4811 τῶν
1388 4760 1549 4829 ἐρίων
1583 4762 1615 4829 ἡ
1657 4764 1790 4830 χρῆ-

217 4865 323 4912 σις’
352 4851 408 4901 αἱ
434 4853 542 4920 γὰρ
569 4849 896 4920 τραχύτατοι
923 4849 1031 4903 τῶν
1070 4850 1238 4919 αἰγῶν
1261 4849 1443 4922 τρίχες
1472 4853 1540 4906 τά
1564 4854 1788 4906 ἐκείνων

216 4940 508 5010 ἐπλήρουν.
556 4941 652 4993 Ἐκ
672 4941 871 4995 τούτων
903 4939 1053 5010 αὐτῷ
1090 4943 1181 4994 καὶ
1220 4943 1381 5011 χιτὼν
1413 4944 1648 5012 ἐγένετο,
1699 4947 1791 4999 καὶ

215 5032 277 5084 τὸ
294 5031 500 5085 ἁπλοῦν
547 5033 905 5103 περιῦόλαιον.
937 5031 1092 5086 Οὕτω
1123 5035 1184 5085 τὸ
1218 5034 1376 5103 σῶμα
1413 5036 1786 5105 κατατρύχων,

218 5127 310 5176 καί
332 5124 432 5194 τὴν
460 5125 833 5196 πνευματικὴν
849 5127 1053 5197 τροφὴν
1072 5125 1332 5194 διηνεκῶς
1365 5128 1670 5199 προσέφερε
1719 5133 1784 5200 τῇ

214 5212 384 5285 ψυχῇ,
427 5216 606 5268 καὶτὸ
663 5212 752 5284 τῆς
773 5216 1010 5278 διανοίας
1057 5216 1278 5270 ὀπτικδν
1299 5218 1663 5290 ἐκκαθαίρων,
1692 5225 1784 5273 καὶ

217 5304 523 5373 κάτοπτρον
552 5306 805 5373 διαφανὲς
844 5305 937 5359 τοῦ
968 5306 1112 5360 θείου
1160 5309 1581 5373 κατασκευάζων
1615 5312 1782 5365 Ilvati-

220 5410 408 5462 ματος,
439 5393 940 5465 ἀνακεκαλυμμένῳ
986 5395 1282 5468 προσώπῳ,
1324 5398 1462 5452 κατὰ
1512 5399 1604 5452 τὸν
1643 5399 1786 5455 θεῖον

230 5485 570 5551 ’Δπόστολον,
602 5505 620 5537 ι
659 5486 769 5558 Τὴν
807 5486 964 5552 δόξαν
1014 5489 1220 5561 Κυρίου
1270 5491 1781 5563 κατοπτριζόμενοςο

216 5575 315 5647 τὴν
348 5577 516 5647 αὐτὴν
543 5576 723 5633 εἰκόνα
756 5580 1157 5651 μετεμορφοῦτο
1182 5581 1289 5636 άπὸ
1314 5583 1471 5655 δόξης
1498 5586 1575 5648 εἰς
1603 5585 1779 5655 δόξαν,

291 5752 318 5793 ⁸
366 5750 403 5805 ll
435 5750 558 5806 Cor.
598 5767 680 5816 ιιι,
710 5752 794 5806 l3.

1977 3398 2180 3453 Nisibis
2221 3400 2350 3453 urbs
2396 3399 2567 3453 estin
2604 3400 2845 3455 conﬁnio
2886 3402 3039 3471 regni
3089 3401 3471 3459 Romanorum

1904 3498 1957 3544 ct
1983 3490 2272 3545 Persarum
2303 3492 2499 3560 posita,
2529 3508 2650 3562 qua:
2703 3494 2966 3549 Romanis
3002 3495 3130 3549 olim
3186 3496 3471 3565 vectigalis

1903 3590 2043 3643 crat,
2086 3596 2387 3651 eorumque
2436 3584 2661 3653 parebat
2724 3584 2977 3653 imperio.
3031 3584 3108 3638 Ex
3156 3585 3258 3638 hac
3314 3595 3471 3641 ortus

1902 3684 2136 3744 magnus
2161 3675 2422 3741 Jacobus,
2472 3677 2773 3731 solitariam
2805 3686 2861 3732 et
2911 3678 3153 3747 quietam
3187 3678 3350 3731 vitam
3384 3690 3471 3734 est

1905 3768 2225 3833 amplexus;
2284 3767 2791 3835 altissimorutnque
2858 3766 3124 3820 montium
3182 3768 3469 3836 occupatis

1904 3854 2226 3919 verticibus,
2252 3854 2305 3907 in
2342 3855 2428 3909 his
2453 3855 2620 3908 vitam
2648 3856 2781 3923 egit,
2802 3870 2926 3909 vere
2957 3854 3179 3923 quidem
3204 3863 3258 3909 et
3282 3864 3470 3909 aestate

1900 3954 2065 4014 atque
2097 3954 2364 3999 autumno
2395 3947 2562 4001 silvas
2587 3956 2799 4015 petens,
2829 3957 2884 4001 et
2910 3961 3007 4016 pro
3033 3948 3050 3966 ‘
3088 3954 3233 4000 tecto
3256 3946 3466 4003 habens

1899 4036 2118 4098 caelum,
2151 4035 2345 4089 hiemis
2391 4048 2518 4089 vero
2572 4044 2818 4105 tempore
2868 4035 2922 4089 in
2952 4044 3170 4089 antrum
3234 4052 3293 4092 se
3321 4037 3462 4091 reci-

1898 4127 2075 4194 piens,
2106 4126 2251 4194 quod
2279 4142 2505 4194 parvum
2546 4128 2593 4181 ei
2632 4128 2908 4197 praebebat
2953 4136 3344 4203 tegumentum.
3373 4128 3464 4182 Ci-

1898 4216 2000 4270 bus
2027 4217 2241 4286 1109
2267 4217 2342 4269 illi
2385 4226 2522 4279 erat,
2574 4232 2681 4270 non
2711 4220 2804 4286 qui
2840 4233 2964 4271 cum
2998 4218 3184 4273 labore
3218 4218 3464 4272 nascitur

1897 4314 1949 4360 et
1978 4308 2203 4368 seritur,
2236 4308 2331 4361 sed
2355 4308 2448 4376 qui
2481 4324 2581 4361 sua
2628 4316 2827 4378 sponte
2856 4308 3197 4377 producitur.
3261 4308 3336 4362 Ex
3365 4310 3462 4362 sil-

1898 4396 2167 4449 vestribus
2196 4396 2341 4449 euiin
2382 4397 2673 4449 arboribus
2726 4406 2920 4465 sponte
2977 4406 3139 4450 natos
3196 4397 3461 4465 colligens

1825 4474 1867 4528 Ι)
1897 4483 2128 4548 fruetus,
2152 4493 2205 4539 et
2230 4501 2296 4538 ex
2321 4487 2505 4540 herbis
2528 4487 2862 4549 esculentas,
2892 4493 2944 4540 et
2971 4502 3093 4555 quae
3132 4487 3305 4541 instar
3332 4498 3463 4542 sunt

1896 4577 2129 4640 olerum,
2167 4593 2233 4630 ex
2265 4577 2349 4630 his
2388 4578 2613 4647 corpori
2652 4578 2815 4632 dabat
2846 4594 2968 4648 quae
3007 4578 3075 4632 ad
3110 4579 3271 4633 vitam
3303 4587 3461 4633 tuen-

1894 4670 2019 4724 dam
2068 4670 2203 4724 satis
2260 4679 2433 4733 erant,
2488 4670 2628 4739 ignis
2686 4686 2845 4723 usum
2904 4670 3122 4739 penitus
3174 4686 3458 4726 recusans.

1898 4760 2064 4815 Usum
2102 4776 2321 4829 quoque
2383 4760 2629 4812 lanarum
2687 4774 3150 4828 supervacaneum
3205 4761 3457 4821 ducebat,

1893 4864 2195 4919 earumque
2224 4850 2401 4904 vicem
2445 4850 2733 4918 asperrimi
2798 4865 3090 4919 caprarum
3127 4852 3239 4905 villi
3269 4854 3458 4922 exple-

1902 4942 2054 5004 bant,
2101 4956 2164 4993 ex
2204 4942 2404 5008 quibus
2436 4948 2490 4994 et
2547 4940 2732 4993 tunica
2790 4941 2865 4995 illi
2903 4941 3087 5006 ﬁebat,
3129 4950 3185 4995 et
3225 4944 3457 5011 simplex

1899 5031 2216 5084 amiculum.
2243 5030 2322 5082 lta
2347 5045 2547 5099 corpus
2571 5029 2835 5099 aﬂligens,
2868 5031 3115 5099 spiritale
3138 5033 3456 5086 alimentum

1896 5122 2118 5176 assidue
2151 5120 2535 5190 suppeditabat
2570 5120 2788 5183 animae,
2822 5122 3131 5191 mentisque
3160 5123 3331 5177 aciem
3362 5138 3458 5176 ex-

1894 5228 2157 5284 purgans,
2208 5222 2263 5265 et
2311 5212 2483 5265 divini
2517 5212 2760 5281 Spiritus
2816 5215 3162 5282 perspicuum
3216 5213 3457 5268 eﬂicicus

1893 5305 2199 5372 speculum,
2248 5303 2484 5357 revelata
2534 5304 2704 5368 facie,
2738 5306 2892 5374 juxta
2936 5304 3181 5359 divinum
3228 5306 3455 5376 Aposto-

1894 5398 2002 5451 lum
2030 5401 2077 5462 ε,
2116 5416 2134 5449 ι
2194 5394 2433 5450 Gloriam
2481 5395 2693 5451 Domini
2735 5398 3046 5466 speculans,
3101 5398 3155 5451 in
3207 5396 3453 5452 eamdem

1893 5489 2390 5543 transformabatur
2438 5489 2729 5557 imaginem
2789 5504 2817 5542 a
2884 5490 3054 5559 gloria
3111 5489 3166 5543 in
3218 5488 3447 5559 gloriam

1891 5594 2150 5652 tauquam
2178 5596 2209 5635 ιι
2263 5581 2472 5649 Spiritu
2508 5577 2743 5637 Domini.
2773 5601 2790 5634 ι
2842 5581 2978 5637 Iliuc
3012 5582 3134 5653 ejus
3166 5582 3224 5639 in
3277 5582 3449 5640 Deum
