4206 6456
730 386 748 448 1
760 388 866 449 ἳθὸ

1712 386 2199 449 THEODOBETI
2233 390 2570 452 EPISCOPI
2610 393 2976 455 CYRENSIS

3838 405 3980 471 1296

722 504 919 558 fiducia
956 502 1253 571 angebatur
1287 502 1341 554 in
1373 501 1512 565 dies,
1541 509 1595 554 et
1635 518 1662 553 ιι
1694 500 1802 555 Deo
1829 511 2017 570 petens
2055 520 2175 574 qua:
2205 522 2280 575 pe

2393 507 2643 579 καθάπερ
2670 510 2776 563 ἀπὸ
2806 511 3007 579 Κυρίου
3035 512 3364 584 Πνεῦματος.
3411 534 3430 568 ι
3477 519 3809 593 Ἐντεῦθενή
3839 526 3981 596 πρὸς

718 602 832 647 lere
856 594 1177 661 oportebat,
1212 606 1274 644 ea
1322 591 1509 645 statim
1548 591 1852 646 obtinebat.
1915 593 2053 650 llinc
2106 596 2284 650 futura

716 698 938 751 quoque
979 682 1367 750 prophetarum
1428 698 1579 737 more
1655 682 2009 751 prmvidebal,
2083 696 2138 740 et
2223 687 2288 739 ad

719 772 970 827 facienda
1003 774 1268 827 miracula
1304 774 1561 828 virtutem
1607 787 1637 826 a
1668 773 2003 828 sanctissimi
2054 775 2291 847 Spiritus

717 863 892 932 gratia
923 864 1285 933 percipiebat.
1312 863 1389 917 Ex
1425 863 1512 918 his
1543 878 1719 933 pauca
1747 866 2212 928 commemorabo,
2236 874 2291 920 et

701 955 1015 1024 apostolici
1047 956 1169 1026 ejus
1214 954 1523 1025 splendoris
1558 958 1771 1011 radium
1805 956 1874 1010 iis
1906 954 1998 1024 qui
2035 959 2290 1012 nesciunt

717 1046 980 1117 aperiam.

791 1229 1015 1300 Vigcbat
1046 1232 1138 1284 illo
1173 1240 1417 1300 tempore
1450 1232 1732 1286 hominum
1784 1232 2003 1286 insania
2050 1246 2179 1301 erga
2214 1232 2289 1286 si-

713 1323 956 1377 mulacra
978 1364 991 1387 ,
1023 1333 1075 1377 et
1113 1325 1365 1377 inanima:
1399 1324 1622 1393 quidem
1653 1332 1852 1379 statuae
1891 1324 2135 1379 divinum
2180 1324 2288 1377 sibi

712 1415 920 1467 cultum
976 1414 1369 1478 vindicabant,
1415 1414 1509 1469 Dei
1548 1424 1731 1468 autem
1768 1415 1952 1469 cultus
1990 1415 2155 1483 vulgo
2190 1429 2288 1467 ne-

711 1506 1021 1576 gligebatur
1055 1520 1083 1558 a
1117 1506 1371 1575 plurimis
1406 1526 1418 1560 :
1456 1508 1910 1576 contemptuique
1944 1505 2287 1559 habebantur

710 1597 804 1665 qui
865 1596 1148 1653 ebrietatis
1201 1612 1391 1651 eorum
1446 1596 1712 1651 nolebant
1766 1612 1890 1650 esse
1947 1595 2282 1664 participes,

709 1686 918 1754 quique
948 1686 1191 1755 perfecta
1233 1686 1435 1739 virtute
1476 1685 1690 1755 praediti
1726 1700 1816 1740 res
1857 1684 2281 1748 tlisccrnebant,

707 1786 763 1832 et
795 1779 1219 1832 simulacrorum
1263 1778 1505 1832 ridentes
1549 1778 1990 1831 imbecillitatem
2018 1818 2033 1842 ,
2060 1777 2284 1830 univer-

2393 598 2482 649 τὸν
2512 598 2644 652 Θεὸν
2674 600 2823 670 αὐτῷ
2872 604 3153 673 παρρησία
3207 606 3327 658 καθ’
3366 606 3603 677 ἑκάστην
3630 610 3827 680 ηὔξετο
3875 616 3985 685 τὴν

2392 690 2634 761 ἡμέραν,
2672 695 2765 744 καὶ
2797 694 2963 745 αἰτῶν
3003 693 3040 748 ἀ
3067 695 3158 747 τδν
3190 696 3323 749 Θεὸν
3363 701 3536 752 αἰτεῖν
3557 699 3683 763 ἔδει,
3709 706 3985 774 παραυτί-

2394 799 2463 833 κα
2495 782 2818 851 ἐλάμϐανεν.
2845 785 3127 839 Ἐντεῦθεν
3166 788 3259 841 καὶ
3307 787 3376 841 τὰ
3429 789 3665 860 ἐσόμενα
3708 810 3985 863 προφητιο

2394 873 2505 936 κῶς
2553 873 2829 946 προεώρα,
2879 878 2975 930 καὶ
3030 876 3261 949 δύναμιν
3298 882 3380 942 εἰς
3422 880 3867 955 θαυματουργίαν
3906 889 3980 939 ἐκ

2392 963 2492 1033 τῆς
2522 963 2616 1016 τοῦ
2647 964 2807 1033 ἀγίου
2838 967 3154 1039 Πνεύματος
3202 970 3419 1035 ἐδέξατο
3466 973 3707 1042 χάριτος.
3758 977 3980 1031 Τούτων

2391 1055 2550 1123 όλίγα
2584 1058 2938 1130 διηγήσομαι,
2987 1063 3080 1115 καὶ
3108 1064 3206 1133 τῆς
3249 1064 3610 1134 ἀποστολικῆς
3637 1068 3801 1122 αὐτοῦ
3833 1069 3983 1141 λαμ-

2393 1146 2621 1214 πηδόνος
2644 1152 2755 1211 τοῖς
2775 1148 3034 1217 ἀγνοοῦσι
3072 1151 3170 1221 τὴν
3196 1152 3388 1204 ἀκτῖνα
3420 1152 3666 1220 δηλώσω.

2467 1237 2720 1305 Ἤκμαζε
2746 1242 2864 1292 κατ’
2891 1242 3097 1293 ἐκεῖνον
3127 1240 3219 1294 τὸν
3249 1243 3442 1313 καιρὸν
3470 1245 3502 1314 ή
3531 1246 3656 1314 περί
3689 1246 3759 1299 τὰ
3777 1246 3979 1300 εἴδωλα

2390 1328 2498 1380 τῶν
2528 1329 2831 1398 ἀνθρώπων
2890 1333 3078 1400 μανία,
3129 1333 3223 1385 καὶ
3265 1335 3334 1386 τὰ
3370 1334 3466 1403 μὲν
3496 1335 3679 1406 ἀψυχα
3711 1338 3872 1401 ξόανα
3913 1340 3979 1392 τὸ

2391 1416 2536 1470 θετον
2568 1420 2730 1483 σέϐας
2774 1423 3174 1494 ἐσφετερίζετο,
3202 1428 3235 1495 ἡ
3280 1427 3337 1480 δέ
3383 1430 3477 1481 τοῦ
3526 1428 3660 1481 Θεοῦ
3702 1430 3975 1499 θεραπεία

2392 1509 2497 1562 ὑπὸ
2528 1510 2640 1564 τῶν
2679 1513 2947 1567 πλείστων
2977 1517 3360 1586 κατημελεῖτο·
3393 1520 3859 1591 εὐκαταφρόνητοι
3915 1523 3975 1575 δὲ

2388 1595 2529 1671 ἦσαν
2555 1603 2603 1655 οἰ
2635 1607 2914 1658 κοινωνεῖν
2947 1606 3046 1675 μὲν
3069 1606 3170 1660 οῦκ
3199 1609 3473 1673 ἐθέλοντες
3502 1611 3731 1674 ἐκείνοις
3752 1611 3853 1680 τῆς
3877 1613 3976 1682 μέ-

2391 1690 2508 1759 θης,
2541 1692 2742 1762 ἀκριϐῆ
2773 1694 2853 1756 δέ,
2877 1694 2973 1747 ἀτε
3000 1694 3064 1763 δὴ
3092 1695 3511 1766 καθεστηκότες,
3529 1699 3629 1769 τὴν
3653 1700 3762 1752 τῶν
3793 1701 3974 1753 ὅντων

2388 1781 2655 1852 διάκρισιν
2710 1783 2947 1854 ἔχοντες,
2980 1786 3073 1839 καὶ
3096 1787 3197 1858 τὴν
3228 1789 3329 1857 μὲν
3358 1791 3465 1843 τῶν
3502 1791 3735 1846 εἰδώλων
3764 1793 3974 1861 γελῶν-

718 1882 906 1922 sornm
941 1868 1207 1938 Opificem
1242 1868 1567 1925 adorabant.
1603 1867 2030 1923 Veneratautem
2073 1869 2280 1937 1110

2391 1888 2480 1935 τες
2507 1872 2816 1940 ἀσθένειαν,
2846 1876 2938 1928 τὸν
2965 1878 3076 1929 τῶν
3114 1878 3253 1932 ὅλων
3288 1880 3346 1933 δέ
3375 1882 3810 1951 προσκυνοῦντες
3861 1888 3973 1953 Δη-

721 1958 814 2013 ille
856 1974 954 2027 per
994 1958 1045 2011 id
1087 1966 1301 2028 tempus
1339 1960 1393 2012 in
1433 1956 1756 2019 Persidem,
1802 1957 2022 2011 visurus
2073 1957 2280 2024 plantas

2399 1966 2679 2033 μιουργόν.
2743 1967 2884 2020 Κατ’
2930 1969 3142 2023 ἐκεῖνον
3189 1970 3283 2025 τὸν
3345 1973 3535 2043 καιρὸν
3591 1973 3688 2044 τὴν
3729 1976 3973 2047 Περσίδα

710 2065 853 2105 verre
888 2048 1177 2119 religionis
1200 2091 1215 2115 ,
1252 2057 1307 2105 et
1337 2059 1734 2119 congruentem
1775 2048 1858 2103 eis
1898 2063 2087 2101 curam
2128 2047 2287 2102 exhi-

706 2142 927 2198 biturus
953 2162 966 2197 :
997 2158 1236 2213 cumque
1269 2142 1472 2198 fontem
1502 2142 1794 2213 quemdam
1826 2142 1967 2197 forte
1998 2141 2284 2197 transmit-

709 2246 882 2302 teret,
913 2237 1108 2306 puella:
1139 2250 1259 2305 qua:
1294 2236 1351 2289 in
1388 2252 1452 2290 eo
1496 2250 1709 2305 pannos
1751 2234 2047 2297 lavabant,
2086 2242 2140 2289 et
2182 2250 2288 2289 ve-

706 2336 821 2383 stes
871 2327 1101 2397 pedibus
1150 2328 1572 2392 emundabant,
1629 2342 1831 2382 novum
1886 2342 1952 2382 ac
1999 2327 2286 2382 decentem

2393 2053 2687 2120 κατέλαϐε,
2716 2056 2786 2110 τά
2817 2057 2960 2126 φυτά
2987 2059 3087 2129 τῆς
3114 2060 3395 2124 εὐσεϐείας
3427 2063 3711 2132 ὀψόμενος,
3745 2063 3839 2116 καί
3872 2064 3972 2133 τὴν

2391 2144 2778 2215 προσήκουσαν
2826 2146 3011 2212 αὐτοῖς
3061 2150 3354 2218 θεραπείαν
3412 2152 3733 2223 προσοίσων·
3784 2152 3972 2223 πηγὴν

2388 2236 2446 2289 δὲ
2468 2236 2635 2290 αὑτοῦ
2675 2254 2798 2293 τινα
2824 2239 3071 2307 διιόντος,
3100 2242 3259 2313 κόραι
3291 2244 3435 2307 τινὲς
3487 2243 3706 2308 πλυνοῖς
3727 2244 3972 2313 ἐφεστῶ-

2391 2343 2503 2391 σαι,
2546 2328 2642 2381 καὶ
2672 2330 2865 2398 ἰμάτια
2890 2333 3006 2395 τοῖς
3027 2333 3186 2388 ποσὶν
3224 2334 3695 2405 ἀπορῥύπτρυσαι,
3727 2335 3847 2389 οὐδὲ
3872 2334 3969 2388 τοῦ

705 2420 828 2491 ejus
884 2420 1135 2475 habitum
1189 2420 1330 2475 nihil
1379 2420 1668 2485 reverita),
1718 2426 1887 2474 exuto
1932 2418 2176 2488 pudore,
2233 2424 2280 2472 el

2389 2418 2667 2487 σχήματος
2706 2419 2767 2472 τὸ
2821 2421 3191 2492 καινοπρεπὲς
3223 2423 3655 2495 κατῃδέσθησαν,
3705 2424 3840 2478 ἀλλά
3869 2425 3973 2491 τὴν

706 2508 973 2578 perfricta
1006 2510 1184 2565 fronte
1207 2553 1222 2576 ,
1258 2509 1785 2580 impudentibusque
1819 2508 1999 2564 oculis
2035 2509 2285 2564 divinum

706 2601 983 2655 hominem
1033 2602 1495 2671 conspiciebant,
1552 2618 1655 2658 nec
1697 2603 1880 2671 capita
1927 2602 2281 2672 aperientes,

704 2710 806 2749 nec
836 2703 1018 2750 vestes
1073 2709 1210 2764 quas
1264 2695 1662 2749 succinxerant
1707 2694 2081 2749 demittentes.
2126 2692 2284 2760 Quod

702 2800 846 2855 aegre
877 2785 1060 2841 ferens
1096 2787 1260 2840 homo
1317 2784 1409 2841 Dei
1435 2826 1450 2849 ,
1504 2796 1880 2855 opportunum
1932 2795 2086 2839 ratus
2126 2787 2146 2809 '
2182 2784 2281 2839 Dei

704 2878 964 2931 virtutem
1014 2877 1348 2944 ostendere,
1401 2886 1459 2930 ut
1506 2877 1711 2931 illustri
1761 2877 2029 2932 miraculo
2072 2876 2140 2930 ab
2182 2877 2285 2929 im-

702 2968 907 3036 pietate
940 2967 1233 3032 liberaret,
1274 2968 1477 3022 fontem
1516 2978 1596 3022 est
1627 2976 1953 3023 exsecratus
1975 3009 1989 3032 ,
2019 2977 2073 3023 et
2109 2968 2284 3022 fluen-

702 3068 817 3113 tum
846 3059 1139 3115 confestim
1170 3060 1433 3115 evanuit:
1465 3060 1675 3129 puellas
1705 3075 1927 3130 quoque
1957 3069 2281 3115 exsecratus

699 3157 821 3219 cst,
867 3160 923 3206 et
972 3151 1345 3222 impudentem
1404 3166 1595 3206 earum
1646 3150 1931 3221 juventam
1984 3152 2278 3205 immatura

699 3244 903 3299 canitie
931 3243 1255 3314 castigavit,
1292 3257 1356 3297 ac
1403 3244 1571 3298 verba
1605 3241 1897 3297 confestim
1934 3242 2138 3297 factum
2192 3251 2276 3298 est

699 3345 1058 3392 consecutum
1081 3377 1094 3398 ,
1124 3342 1482 3405 unitatusque
1510 3342 1595 3389 est
1630 3334 1787 3403 niger
1816 3334 1970 3387 color
2000 3315 2235 3428 pilorum
2257 3372 2273 3399 ,

700 3436 757 3482 et
793 3427 1006 3482 similes
1040 3434 1335 3481 evaserunt
1379 3426 1613 3481 novellis
1643 3425 1942 3481 arboribus
1978 3425 2101 3495 qua:
2147 3440 2276 3479 vere

698 3526 903 3589 operta:
935 3525 1068 3572 sunt
1099 3517 1249 3572 foliis
1292 3517 1729 3573 autumnalibus.
1774 3515 1853 3570 Ita
1901 3533 2069 3572 sensu
2117 3525 2277 3571 tacta:

699 3608 953 3678 supplicii
992 3607 1156 3679 (nam
1191 3614 1246 3660 et
1279 3607 1446 3662 fontis
1480 3606 1681 3662 ﬂuenta
1717 3604 2051 3677 effugerant,
2084 3614 2138 3660 et
2176 3620 2274 3662 sua

698 3698 936 3753 invicem
974 3697 1155 3767 capita
1185 3698 1464 3754 intuentes
1484 3740 1499 3765 ,
1535 3698 1879 3767 repentinam
1910 3698 2061 3751 illam
2093 3705 2274 3750 muta-

700 3788 903 3843 tionem
930 3787 1249 3859 videbant),
1277 3788 1483 3844 cursim
1514 3788 1582 3843 ad
1615 3788 1809 3843 urbem
1838 3786 2272 3852 contenderunt,

698 3881 1095 3935 renuntiatum
1119 3881 1263 3951 quod
1290 3880 1589 3936 acciderat.
1616 3881 1720 3947 Qui
1743 3896 1866 3935 mox
1893 3890 2274 3942 accurrentes,

698 3980 757 4024 ut
786 3971 854 4026 ad
889 3987 1145 4041 magnum
1185 3968 1453 4028 Jacobum
1498 3980 1799 4035 venerunt,
1845 3980 2186 4041 rogaverunt
2215 3982 2277 4028 ut

696 4065 836 4117 iram
872 4072 1284 4133 compesceret,
1316 4072 1369 4120 et
1403 4079 1624 4135 poenam
1662 4067 1991 4120 remitteret.
2019 4063 2115 4120 Ille
2144 4080 2275 4121 vero

701 4152 841 4206 nihil
874 4162 1192 4216 cunctatus,
1232 4152 1468 4210 Domino
1503 4169 1701 4226 preces
1730 4155 1951 4222 obtulit,
1987 4167 2041 4209 et
2070 4154 2273 4210 ﬂuenta

696 4259 892 4299 rursus
924 4252 1139 4300 scatere
1164 4245 1332 4313 jussit
1360 4265 1372 4299 :
1404 4256 1519 4300 tum
1556 4246 1649 4300 illa
1678 4245 1861 4301 denuo
1892 4263 1923 4302 e
1952 4246 2072 4302 suis
2103 4262 2275 4317 pene-

696 4335 932 4391 tralibus
959 4337 1091 4404 justi
1124 4338 1351 4392 nutibus
1380 4337 1631 4392 derivata
1665 4348 1989 4408 eruperunt.
2021 4337 2137 4393 Hoc
2172 4339 2275 4393 im-

696 4434 938 4495 petrato,
966 4427 1228 4497 petebant
1255 4440 1311 4482 ut
1346 4430 1511 4484 etlam
1541 4430 1780 4485 filiarum
1806 4430 2057 4486 crinibus
2086 4430 2276 4501 pristi-

696 4537 800 4576 nus
828 4522 978 4576 color
1002 4521 1347 4577 redderetur.
1374 4521 1581 4578 Ferunt
1608 4534 1789 4578 autem
1821 4524 1974 4578 illum
2009 4524 2113 4578 hoc
2136 4540 2273 4594 quo-
2305 4544 2352 4601 ι)

695 4625 801 4679 que
834 4609 1213 4673 concessisse,
1245 4623 1300 4665 et
1326 4610 1537 4681 puellas
1566 4612 1914 4680 requisiisse,
1953 4626 2075 4680 qua:
2104 4611 2276 4679 plexaa

696 4699 797 4752 hac
832 4713 989 4768 poma
1028 4698 1281 4755 fuerant:
1318 4702 1406 4769 1]
1428 4702 1525 4771 11
1566 4710 1620 4757 et
1655 4704 1919 4771 quoniam
1961 4716 2069 4754 non
2109 4715 2274 4756 vene-

694 4796 859 4854 runt,
910 4789 1241 4858 supplicium
1296 4791 1626 4860 reliquisse,
1684 4792 1832 4861 quod
1883 4791 2274 4846 documentum

694 4878 837 4932 foret
868 4881 1248 4950 temperantia:
1268 4923 1282 4948 ,
1316 4891 1370 4935 et
1400 4892 1785 4953 argumentum
1817 4882 2120 4937 honestatis
2140 4923 2154 4947 ,
2187 4881 2274 4935 di-

694 4969 942 5039 vinaeque
979 4970 1199 5027 virtutis
1237 4983 1562 5043 perpetuum
1602 4981 1658 5028 et
1697 4972 1926 5028 evidens
1964 4973 2274 5027 monimen-

695 5069 833 5114 tum.
867 5060 1001 5116 Tale
1032 5061 1137 5117 fuit
1164 5064 1292 5118 novi
1328 5064 1496 5135 hujus
1532 5065 1699 5121 Mosis
1730 5067 2058 5120 miraculum
2080 5106 2095 5131 ,
2126 5065 2274 5138 quod

694 5150 914 5218 quidem
958 5166 1068 5208 non
1104 5152 1274 5223 virga:
1312 5154 1701 5224 percussione,
1738 5155 1835 5211 sed
1887 5156 2048 5225 signo
2091 5154 2275 5212 crucis

695 5240 999 5310 perfectum
1031 5253 1137 5299 est.
1179 5243 1309 5299 Mihi
1336 5260 1469 5300 vero
1502 5256 1706 5316 praeter
1734 5246 2064 5301 miraculum
2102 5247 2276 5301 admi-

697 5329 805 5382 rari
839 5332 987 5386 subit
1017 5333 1526 5388 mansuetudinem.
1561 5334 1748 5404 Neque
1775 5338 1920 5389 enim
1954 5345 2013 5390 ut
2042 5351 2275 5406 magnus

694 5419 921 5479 Elisaeus
957 5423 1303 5493 impudentes
1334 5425 1457 5480 illas
1494 5424 1703 5495 puellas
1735 5426 1880 5480 ursis
1916 5425 2140 5480 tradidit
2171 5430 2275 5483 im-

696 5515 989 5569 manibus:
1022 5516 1117 5571 sed
1144 5558 1158 5583 ,
1196 5516 1422 5570 innoxia
1461 5518 1699 5587 quadam
1740 5517 2036 5589 disciplina
2071 5525 2127 5572 et
2154 5533 2276 5587 quae

694 5600 983 5659 dedecoris
1020 5621 1218 5676 parum
1257 5606 1532 5672 habebat,
1563 5608 1823 5676 pietatem
1862 5608 2027 5662 simul
2065 5617 2119 5661 et
2153 5622 2275 5661 mo-

694 5693 1034 5750 derationem
1063 5696 1304 5752 edocuit.
1338 5696 1477 5764 Quae
1506 5698 1727 5769 quidem
1770 5712 1880 5751 non
1923 5712 1991 5753 eo
2025 5699 2174 5760 dixi,
2213 5706 2273 5752 ut

696 5785 1014 5855 prophetam
1057 5790 1280 5844 saevitiae
1319 5804 1575 5847 accusem
1622 5792 1811 5861 (absit
1849 5800 1907 5845 ut
1946 5791 2082 5846 adeo
2121 5791 2275 5845 insa-

2386 2506 2520 2559 αίδὼ
2557 2508 2955 2580 ἀπορρίψασαι,
3002 2510 3507 2585 ἀπηρυθριασμένῳ
3544 2518 3841 2585 προσώπῳ,
3873 2517 3972 2569 καὶ

2385 2598 2659 2654 ἀναιδέσιν
2685 2600 2985 2672 ὀφθαλμοῖς
3030 2602 3119 2655 τὸν
3168 2602 3310 2657 θεῖον
3342 2604 3628 2675 ἄνθρωπον
3665 2606 3966 2676 ἐθεώρουν,

2384 2688 2510 2744 οὔτε
2538 2692 2636 2754 τάς
2684 2692 2930 2762 κεφαλὰς
2966 2694 3466 2763 συγκαλύπτουσαι,
3493 2697 3613 2750 οὐδὲ
3656 2697 3725 2750 τά
3763 2698 3971 2762 ἀνεζω-

2388 2782 2561 2851 σμένα
2583 2782 2828 2852 χαλῶσαι
2855 2784 3067 2854 ἱμάτια.
3100 2786 3271 2839 Τοῦτο
3299 2787 3632 2858 δυσχεράνας
3659 2790 3687 2841 ὁ
3708 2788 3802 2842 τοῦ
3828 2788 3967 2844 Θεοῦ

2384 2868 2691 2940 ἄνθρωπος,
2732 2873 2826 2925 καὶ
2852 2873 3022 2937 δεῖξαι
3052 2874 3145 2927 τοῦ
3177 2874 3311 2928 Θεοῦ
3338 2875 3440 2946 τὴν
3468 2876 3694 2947 δύναμιν
3723 2880 3804 2941 εἰς
3843 2896 3969 2931 και-

2386 2962 2479 3029 ρὺν
2531 2962 2817 3034 ἐθελήσας,
2873 2966 2961 3018 ἵνα
2994 2968 3061 3036 τῇ
3108 2966 3528 3038 θαυματουργία
3559 2969 3656 3037 τῆς
3710 2970 3965 3033 ἀσεϐείας

2382 3051 2749 3125 ἐλευθερώσῃ,
2780 3055 3097 3124 ἐπηράσατο
3146 3057 3245 3126 μὲν
3273 3060 3340 3128 τῇ
3375 3061 3549 3129 πηγῇ,
3602 3061 3696 3112 καὶ
3734 3060 3966 3131 φροῦδον

2384 3144 2698 3215 παραυτίκα
2730 3145 2791 3199 τὸ
2845 3145 3057 3218 ῥεῖθρον
3103 3144 3341 3216 ἐγένετο·
3375 3151 3692 3219 ἐπηράσατο
3730 3151 3791 3204 δὲ
3842 3153 3967 3213 ταῖς

2385 3233 2624 3304 μείραξι,
2651 3235 2747 3287 καὶ
2777 3238 2876 3306 τὴν
2898 3236 3252 3306 ἀναίσχυντον
3272 3239 3453 3292 αὐτῶν
3476 3240 3705 3309 νεότητα
3732 3242 3968 3313 προώρῳ

2383 3325 2606 3378 ἐκόλασε
2641 3325 2823 3397 πολιᾷ,
2874 3327 2969 3380 καὶ
3001 3328 3184 3380 εἵπετο
3235 3327 3313 3397 τῷ
3350 3327 3491 3399 λόγῳ
3542 3330 3602 3382 τὸ
3633 3329 3824 3401 ἔργον
3867 3333 3967 3387 καὶ

2381 3417 2443 3469 τὸ
2512 3418 2680 3487 μέλαν
2718 3417 2826 3471 τῶν
2880 3419 3084 3489 τριχῶν
3128 3418 3502 3489 ἐνηλλάττετο,
3564 3422 3660 3473 καὶ
3697 3420 3965 3475 είὼκεσαν

2383 3508 2661 3575 νεοφύτοις
2694 3508 2937 3578 δένδροις
2972 3509 3031 3561 ἐν
3060 3507 3182 3578 ἔαρι
3216 3512 3561 3580 μετοπωρινὰ
3598 3510 3774 3579 φύλλα
3810 3530 3969 3584 περι-

2384 3599 2679 3669 κειμένοις.
2704 3600 2891 3662 Οὕτως
2926 3600 3246 3671 αἰσθόμεναι
3272 3603 3370 3673 τῆς
3402 3601 3691 3672 τιμωρίας·
3741 3604 3844 3674 τῆς
3903 3623 3967 3659 τε

2381 3690 2491 3760 γὰρ
2536 3693 2720 3762 πηγῆς
2751 3695 2962 3765 ἀπέδρα
3018 3696 3088 3749 τά
3140 3696 3379 3764 νάματα,
3432 3696 3528 3747 καὶ
3571 3695 3668 3759 τὰς
3714 3694 3969 3765 ἀλλήλων

2382 3782 2652 3852 θεώμεναι
2723 3787 3006 3854 κεφαλὰς,
3077 3787 3264 3859 ἐώρων
3322 3787 3423 3856 τὴν
3489 3786 3688 3859 ἀθρόαν
3744 3786 3969 3857 ἐκείνην

2385 3876 2691 3948 μεταϐολήν
2725 3892 2737 3906 ·
2803 3880 3039 3953 ἔδραμον
3095 3882 3175 3944 εἰς
3222 3880 3322 3951 τὴν
3397 3879 3550 3933 πόλιν
3611 3880 3674 3933 τὸ
3739 3880 3967 3950 συμϐὰν

2381 3968 2842 4037 ἀπαγγέλλουσαι.
2904 3972 2968 4024 Οἱ
3024 3971 3082 4024 δέ
3124 3970 3445 4041 δραμόντες,
3500 3969 3728 4024 καὶτὸν
3786 3972 3967 4040 μέγαν

2381 4060 3073 4128 καταλαϐόντεςἸάκωϐον,
3104 4062 3348 4115 ἱκέτευον
3378 4062 3613 4131 χαλάσαι
3639 4062 3740 4132 τὴν
3767 4063 3962 4131 ὀργὴν,

2380 4150 2477 4202 καὶ
2518 4149 2676 4204 λῦσαι
2726 4150 2826 4219 τὴν
2876 4153 3169 4222 τιμωρίαν.
3204 4153 3263 4205 '0
3300 4153 3357 4205 δέ
3387 4153 3523 4223 μηδέ
3556 4152 3728 4222 βραχὺ
3762 4150 3965 4221 μελλή-

2381 4257 2502 4305 σας,
2535 4242 2839 4314 προσέφερε
2886 4244 2984 4313 μὲν
3021 4244 3099 4314 τῷ
3132 4244 3375 4314 Δεσπότῃ
3429 4244 3530 4313 τὴν
3566 4242 3794 4306 ἱκεσίαν,
3836 4242 3964 4295 ἐκέ-

2379 4328 2505 4382 λευε
2549 4330 2606 4383 δέ
2635 4331 2796 4384 πάλιν
2840 4331 3140 4386 ἀναϐλῦσαι
3177 4334 3246 4385 τά
3273 4334 3510 4403 νάματαο
3545 4332 3613 4386 τά
3649 4332 3705 4385 δὲ
3743 4350 3964 4401 παραυ-

2379 4420 2508 4475 τίκα
2552 4422 2714 4477 πάλιν
2769 4425 2834 4476 ἐκ
2881 4424 2989 4477 τῶν
3034 4423 3250 4477 οἰκείων
3307 4424 3629 4492 ἀνεφαίνετο
3661 4424 3956 4492 ταμιείων,

2378 4515 2490 4577 τοῖς
2526 4513 2620 4566 τοῦ
2646 4514 2850 4567 δικαίου
2883 4515 3341 4584 μετοχετευόμενα
3366 4514 3644 4584 νεύμασιν.
3670 4514 3735 4566 υί
3758 4512 3815 4565 δὲ
3837 4512 3963 4565 τού-

2378 4622 2487 4658 των
2519 4605 2899 4675 τετυχηκότες,
2926 4607 3020 4659 καί
3046 4609 3159 4669 τοῖς
3178 4607 3483 4675 πλοκάμοις
3510 4605 3620 4658 τῶν
3640 4604 3964 4675 θυγατέρων

2375 4694 2475 4765 τὴν
2509 4696 2783 4766 προτέραν
2809 4698 3125 4766 ἠντιϐόλουν
3166 4699 3334 4769 χρόαν
3374 4697 3717 4768 ἀποδοθῆναι.
3756 4697 3862 4749 Τὸν
3899 4698 3962 4749 δὲ

2377 4781 2516 4849 εἶξαι
2552 4786 2649 4855 μὲν
2675 4788 2767 4840 καὶ
2798 4787 2956 4840 τοῦτό
2984 4804 3169 4856 φασιν,
3197 4787 3522 4858 ἐπιζητῆσαι
3554 4787 3611 4840 δέ
3639 4788 3737 4849 τὰς
3767 4788 3959 4857 κόρας.

2376 4873 2474 4934 τάς
2495 4872 2593 4943 τὴν
2623 4874 2872 4928 παιδείαν
2899 4876 3115 4947 ἐκείνην
3161 4874 3480 4946 δεξαμένας
3513 4877 3609 4930 καὶ
3632 4875 3820 4944 ἐπειδὴ
3858 4877 3961 4928 οὐκ

2377 4962 2653 5031 ἀφίκοντο,
2681 4965 2840 5019 ἐᾶσαι
2874 4965 2974 5035 τὴν
3005 4967 3295 5038 τιμωρίαν,
3321 4967 3557 5037 δίδαγμα
3580 4968 3959 5037 σωφροσύνης,

2378 5055 2472 5108 καὶ
2509 5055 2810 5125 εὐκοσμίας
2855 5056 3132 5122 ὑπόθεσιν,
3170 5059 3263 5110 καὶ
3306 5061 3407 5128 τῆς
3460 5058 3612 5119 θείας
3671 5058 3962 5127 δυνάμεως

2378 5145 2675 5216 ὑπόμνημα
2726 5146 2969 5216 διηνεκές
3008 5165 3067 5200 τε
3126 5149 3219 5201 καὶ
3275 5149 3520 5219 ἐναργές.
3566 5147 3819 5201 Τοιοῦτον
3862 5148 3960 5201 τοῦ

2378 5237 2499 5290 νέου
2531 5235 2724 5290 τούτου
2762 5238 3045 5300 Μωῦσέως
3091 5237 3154 5290 τὸ
3183 5236 3391 5307 θαῦμα,
3437 5239 3499 5290 οὐ
3537 5238 3717 5308 πληγῇ
3758 5238 3961 5308 ῥάϐδου

2377 5329 2686 5398 γενόμενον,
2717 5328 2853 5382 ἀλλά
2902 5328 2980 5399 τῷ
3015 5329 3111 5382 τοῦ
3151 5330 3387 5400 σταυροῦ
3429 5329 3641 5401 σημείῳ
3664 5330 3962 5397 δεξάμενον

2376 5420 2474 5491 τὴν
2522 5421 2821 5492 ἐνέργειαν.
2876 5421 3015 5488 Ἐγὼ
3050 5420 3107 5473 δὲ
3143 5423 3281 5492 πρὸς
3319 5425 3384 5492 τῇ
3421 5423 3839 5493 θαυματουργία
3864 5440 3962 5476 κο-

2381 5513 2507 5582 μιδῇ
2540 5512 2804 5581 θαυμάζω
2846 5513 2938 5565 καί
2995 5513 3093 5585 τὴν
3124 5513 3428 5584 πραότητα.
3482 5514 3615 5566 Οὐδὲ
3651 5514 3761 5585 γάρ
3802 5514 3881 5576 ὡς
3931 5517 3964 5568 ό

2381 5603 2557 5673 μέγας
2619 5605 2918 5668 Ἐλισσαῖος
2969 5604 3161 5675 ἄρκοις
3206 5605 3520 5676 αίμοϐόροις
3566 5605 3666 5668 τὰς
3718 5605 3963 5669 ἀναιδεῖς

2378 5697 2591 5761 ἐκείνας
2644 5697 2926 5769 παρέδωκε
2977 5699 3169 5769 κόρας·
3224 5698 3339 5752 ἀλλ’
3386 5700 3608 5761 ἀϐλαϐεῖ
3665 5716 3774 5752 τινι
3824 5715 3962 5763 παι-

2378 5788 2514 5857 δεία,
2541 5789 2633 5842 καὶ
2668 5790 2905 5858 σμικρὰν
2930 5789 3129 5861 ἐχούσῃ
3153 5789 3251 5860 τὴν
3281 5791 3552 5861 ἀκοσμίαν
3585 5792 3957 5862 χρησάμενος,
