4206 6456
227 402 362 467 1297

1454 402 1858 463 liELIGIOSA
1914 400 2295 461 HISTORIA.

3349 399 3484 464 1298

228 514 509 569 εὐσέϐειαν
537 512 672 581 ὁμοῦ
719 510 810 565 καὶ
852 509 1148 581 εὐκοσμίαν
1194 506 1419 574 ἐδίδαξε.
1469 510 1579 561 Καὶ
1630 507 1799 562 ταῦτα

1924 508 2045 561 liam
2073 510 2133 577 !),
2167 508 2260 561 sed
2303 512 2361 559 ut
2399 506 2687 560 ostendam
2733 506 2907 568 illum,
2933 520 3059 560 cum
3101 504 3345 562 eamdem
3386 506 3483 561 ha-

228 605 387 674 ἔφην,
424 604 523 655 οὐκ
561 601 829 671 ἀπήνειαν
864 599 958 653 τοῦ
997 601 1280 670 προφήτου
1336 597 1680 667 κατηγορῶν,
1726 598 1803 667 μὴ

227 692 373 746 οὕτω
414 691 661 760 μανείην’
710 687 846 742 ἀλλά
888 688 1099 751 δεικνὺς
1132 688 1207 751 ὡς
1257 686 1470 756 ἐκείνην
1519 686 1658 756 ἔχων
1705 686 1803 757 τὴν

228 782 479 851 δύναμιν,
520 784 585 852 τῇ
632 780 723 834 τοῦ
765 779 1000 850 Χριστοῦ
1054 778 1341 850 πραότητι,
1391 780 1485 831 καὶ
1528 781 1592 849 τῇ
1625 780 1801 849 Καινῇ

230 874 478 943 Διαθήκῃ
528 871 870 925 ἐπετέλειτά
912 871 1216 941 πρόσφορα.
1250 862 1418 933 Οὗτος
1458 869 1647 923 ἄλλοτέ
1675 886 1805 923 ποτε

230 966 494 1033 δικαστὴν
528 964 745 1035 Πέρσην
765 963 935 1032 ἀδίκῳ
967 963 1134 1033 ψήφῳ
1157 962 1500 1032 χρησάμενον
1533 962 1803 1031 θεασάμε-

229 1068 341 1115 νος,
378 1050 511 1119 λίθῳ
532 1053 639 1104 τινί
670 1050 913 1119 μεγίστῳ
943 1050 1335 1121 παρακειμένῳ
1364 1051 1802 1120 ἐπαρασάμενος,

234 1141 585 1212 συντριϐῆναι
625 1143 715 1195 καὶ
762 1141 1149 1211 σκεδασθῆναι,
1200 1143 1296 1195 καὶ
1336 1140 1510 1212 τούτῳ
1538 1142 1805 1210 διελέγξαι

228 1230 331 1301 τὴν
362 1230 544 1285 ἄδικον
596 1233 806 1285 ἐκείνου
837 1230 1200 1302 παρηγγύησε
1243 1231 1445 1301 ψῆφον.
1468 1232 1808 1303 ¹Παραυτίκα

228 1322 287 1373 δὲ
333 1322 428 1374 τοῦ
478 1322 626 1375 λίθου
673 1324 752 1386 είς
804 1322 972 1393 μυρία
1025 1323 1189 1393 μόρια
1220 1322 1587 1394 μερισθέντος,
1614 1322 1808 1388 ἐξεδει-

236 1410 565 1481 ματώθησαν
596 1414 645 1464 οἱ
681 1412 969 1482 παρόντες·
1009 1411 1211 1483 φρίκης
1254 1412 1309 1464 δὲ
1340 1412 1620 1475 ἀνάπλεως
1655 1414 1682 1465 ὁ
1728 1412 1809 1466 δι-

234 1504 441 1573 καστὴς
475 1504 784 1572 γενόμενος,
841 1502 1207 1556 ἀνεκαλέσατο
1243 1502 1341 1572 μέν
1382 1503 1482 1572 τὴν
1518 1504 1807 1572 προτέραν,

231 1595 425 1665 ἑτέραν
481 1595 538 1646 δέ
588 1594 804 1647 δικαίαν
837 1595 1111 1663 ἐπήνεγκε
1153 1594 1352 1663 ψῆφον·
1395 1593 1675 1647 κάνταῦθα
1721 1594 1810 1646 τὸν

231 1689 431 1738 οἰκεῖον
460 1686 736 1754 Δεσπότην
802 1685 1090 1753 ἐζήλωσεν·
1122 1683 1181 1747 ὃς
1214 1683 1381 1746 δεῖξαι
1414 1682 1689 1752 βουληθεὶς
1737 1682 1811 1745 ὡς

231 1777 373 1831 ἑκὼν
424 1777 681 1847 ὑπομένει
736 1776 798 1828 τὸ
832 1776 1019 1839 πάθος,
1070 1777 1164 1828 καὶ
1198 1774 1397 1846 ῥᾳδίως
1447 1774 1513 1828 ἂν
1552 1774 1811 1843 ἐθελήσας

1915 600 2069 654 heret
2101 600 2395 659 virtutem,
2427 613 2493 653 ea
2526 598 2709 667 potius
2740 599 2919 661 egisse
2943 613 3066 667 qua:
3096 597 3301 652 Christi
3330 614 3485 653 man-

1912 691 2191 746 suetudini
2228 698 2282 745 et
2329 689 2479 744 Novo
2526 688 2878 745 Testamento
2905 698 3291 760 congruerent.
3342 689 3485 747 Idem

1913 798 2039 836 cum
2094 782 2320 837 vidisset
2372 782 2665 849 aliquando
2719 783 2965 852 iniquam
3013 797 3043 835 a
3084 782 3269 850 judice
3317 781 3485 838 Persa

1911 874 2180 942 prolatam
2228 871 2400 927 fuisse
2447 875 2815 938 sententiam,
2863 872 3159 926 maximum
3189 873 3483 942 quemdam

1914 963 2189 1033 lapidem,
2229 966 2322 1033 qui
2364 963 2648 1033 proximus
2688 971 2842 1026 erat,
2875 972 3228 1026 exsecratus,
3277 965 3488 1017 conteri

1913 1070 1978 1107 ac
2013 1052 2273 1123 dissipari
2305 1055 2511 1124 jussit,
2547 1054 2809 1121 illiusque
2858 1053 3101 1122 iniquam
3152 1055 3487 1113 sententiam

1915 1159 2182 1213 arguere:
2219 1144 2396 1215 lapide
2429 1152 2613 1199 autem
2646 1142 3030 1213 inparticulas
3061 1144 3488 1200 innumerabiles

1915 1235 2102 1289 statim
2141 1234 2513 1295 comminuto,
2549 1233 2837 1287 conterriti
2874 1237 2887 1253 ‘
2920 1234 3182 1302 suntqui
3219 1233 3486 1295 aderant.

1915 1337 1969 1381 et
2002 1328 2234 1381 horrore
2265 1327 2461 1396 plenus
2486 1326 2656 1396 judex
2689 1326 2925 1396 priorem
2952 1326 3268 1391 revocavit,
3314 1332 3369 1381 et
3411 1325 3490 1379 al-

1918 1428 2089 1473 teram
2117 1419 2349 1489 protulit
2376 1414 2729 1478 sententiam,
2759 1418 2933 1487 Atque
2961 1417 3051 1471 hic
3078 1433 3300 1488 quoque
3328 1431 3487 1473 suum

1919 1512 2165 1566 imitatus
2196 1521 2281 1566 est
2314 1509 2646 1573 Dominum,
2677 1510 2771 1579 qui
2805 1518 2861 1563 nt
2898 1509 3215 1563 ostenderet
3247 1524 3305 1564 se
3342 1508 3491 1562 ultro

1916 1611 1970 1657 et
1997 1616 2096 1656 sua
2123 1610 2318 1671 sponte
2338 1598 2651 1670 passionem
2683 1600 2892 1660 subire,
2912 1598 3203 1667 facileque,
3230 1597 3278 1653 si
3307 1588 3493 1661 vellet,

1920 1692 2117 1762 punire
2153 1692 2455 1746 sceleratos
2482 1690 2729 1761 potuisse
2749 1730 2764 1754 ,
2802 1687 3130 1758 supplicium
3158 1686 3239 1742 eis
3269 1702 3378 1741 non
3411 1686 3493 1740 iu-

1922 1784 2082 1849 tulit,
2115 1783 2210 1836 sed
2252 1782 2413 1835 ﬁcum
2450 1780 2749 1835 inanimam
2778 1780 2946 1847 verbo
2976 1777 3320 1841 arefaciens,
3360 1776 3492 1847 quid

230 1870 358 1932 τοὺς
379 1869 689 1941 ἀλιτηρίους
712 1869 989 1930 ἐκόλασεν,
1022 1866 1122 1920 οὐκ
1144 1867 1325 1931 αὐτοῖς
1356 1868 1623 1938 ἐπήνεγκε
1650 1883 1811 1935 τιμω-

1924 1881 2103 1942 posset
2130 1871 2550 1926 demonstravit.
2576 1868 2751 1939 Quam
2779 1879 2833 1923 et
2857 1869 2976 1937 ipse
3006 1868 3225 1922 imitans
3254 1867 3490 1921 clemen-

234 1967 379 2034 ρίαν,
419 1964 556 2018 ἀλλά
591 1963 690 2035 τὴν
728 1962 937 2032 ἄψυχον
994 1960 1165 2030 συκῆν
1213 1959 1356 2028 λόγῳ
1405 1957 1666 2028 ξηράνας,
1715 1956 1813 2025 τὴν

229 2058 440 2111 οἰκείαν
466 2056 632 2121 ἔδειξε
655 2055 903 2125 δύναμιν.
937 2052 1156 2120 Ταύτην
1198 2051 1295 2104 καὶ
1347 2050 1509 2114 αὐτὸς
1560 2049 1658 2118 τὴν
1692 2049 1813 2115 φιλ-

1922 1964 2087 2027 tiam,
2121 1964 2390 2032 injustum
2418 1962 2661 2031 judicem
2692 1975 2799 2015 non
2830 1958 3009 2029 puniit
3037 1997 3053 2023 ,
3088 1956 3184 2013 sed
3215 1958 3326 2012 ictu
3351 1956 3490 2025 lapi-

1922 2055 2008 2109 dis
2035 2055 2310 2125 justitiam
2345 2054 2501 2108 illum
2537 2052 2842 2123 perdocuit.

232 2151 552 2223 ανθρωπίαν
616 2149 972 2221 μιμούμενος,
997 2147 1058 2200 οὐ
1113 2145 1202 2199 τὸν
1259 2144 1444 2199 ἄδικον
1501 2144 1728 2200 ἐκόλασε
1766 2146 2045 2218 δικαστὴν,
2085 2147 2220 2201 ἀλλά
2269 2150 2335 2219 τῇ
2372 2146 2467 2201 τοῦ
2524 2146 2673 2200 λίθου
2721 2145 2901 2216 πληγῇ
2937 2143 3283 2215 δικαιοσύνην
3331 2143 3495 2199 αὐτὸν

234 2242 493 2307 ἐδίδαξεν.

318 2335 409 2386 Ἐν
443 2330 654 2395 τούτοις
685 2329 1004 2400 διαπρέπων
1043 2328 1137 2381 καὶ¹
1172 2329 1338 2381 πᾶσιν
1382 2328 1688 2399 ἐπέραστος
1721 2327 1817 2391 ὣν,

235 2425 333 2479 καὶ
363 2425 421 2477 ἐν
462 2425 583 2485 ταῖς
618 2422 874 2475 ἁπάντων
923 2417 1354 2487 περιφερόμενος
1404 2417 1698 2485 γλώσσαις,
1742 2421 1821 2483 εἰς

236 2517 337 2586 τὴν
364 2514 460 2584 τῆς
497 2509 908 2584 ἀρχιερωσύνης
938 2509 1157 2580 ἔρχεται
1198 2508 1560 2581 λειτουργίαν,
1592 2510 1684 2561 καὶ
1722 2509 1822 2578 τῆς

240 2610 505 2681 πατρίδος
547 2607 808 2677 λαγχάνει
847 2606 946 2675 τὴν
997 2606 1353 2676 προστασίαν.
1405 2604 1730 2668 Ἐναλλάξας
1764 2605 1821 2658 δὲ

238 2704 339 2774 τὴν
377 2702 556 2773 ὄρειον
581 2700 798 2769 ἐκείνην
830 2698 1133 2769 διατριϐὴν,
1158 2699 1267 2750 ’καὶ
1293 2698 1394 2767 τὴν
1435 2698 1492 2751 ἐν
1524 2698 1675 2751 ἄστει
1709 2698 1820 2751 δια-

240 2793 430 2862 γωγὴν
460 2792 522 2844 ού
552 2790 692 2844 κατά
725 2788 947 2860 γνώμην
992 2789 1264 2860 ἐλόμενος,
1297 2788 1419 2842 οὔτε
1456 2790 1553 2859 τὴν
1592 2789 1816 2859 τροφὴν,

240 2883 371 2938 οὔτε
395 2884 493 2953 τὴν
527 2881 842 2951 ἀμπεχόνην
880 2878 1170 2951 ἐνήλλαξεν
1191 2895 1205 2910 ’
1237 2879 1373 2932 ἀλλά
1408 2878 1476 2931 τὰ
1520 2880 1616 2948 μὲν
1648 2878 1821 2949 χωρία

240 2970 530 3041 ἠμείϐετο,
568 2971 601 3041 ή
635 2969 691 3021 δὲ
722 2969 970 3021 πολιτεία
1008 2968 1311 3039 μεταϐολὴν
1349 2970 1450 3021 οὐκ
1487 2969 1721 3038 ἐδέχετο.
1757 2969 1820 3020 Οἱ

239 3061 299 3114 δὲ
341 3061 493 3113 πόνοι
529 3058 852 3130 προσθήκην
913 3057 1239 3129 ἐλάμϐανον,
1284 3058 1377 3111 καὶ
1432 3057 1819 3111 πολλαπλάσιοι

1994 2332 2319 2402 llujusmodi
2373 2347 2505 2403 ergo
2565 2334 2732 2387 rebus
2787 2330 3064 2402 insignis,
3125 2330 3493 2401 omnibusque

1921 2425 2176 2479 amabilis
2226 2439 2352 2478 cum
2390 2430 2575 2488 esset,
2614 2433 2780 2493 atque
2830 2423 2885 2477 in
2935 2437 3034 2478 ore
3085 2422 3333 2478 omnium
3371 2423 3497 2491 ejus

1923 2516 2063 2570 fama
2099 2524 2434 2579 versaretur,
2475 2515 2715 2568 trahitur
2754 2516 2822 2568 ad
2860 2529 3061 2569 munus
3104 2513 3492 2583 pontiﬁcatus,

1926 2607 2139 2676 1112
2174 2616 2226 2661 et
2258 2609 2445 2675 patria:
2476 2622 2589 2660 sua:
2622 2605 2938 2675 praeﬁcitur.
2967 2605 3279 2660 Montanam
3314 2613 3493 2658 autem

1930 2698 2077 2751 illam
2109 2697 2498 2752 habitationem
2521 2712 2645 2750 cum
2675 2705 2962 2763 mutasset,
2982 2696 3361 2764 urbanamque
3387 2708 3496 2749 non

1926 2802 1992 2843 cx
2038 2787 2207 2840 animi
2257 2787 2530 2841 sententia
2580 2786 2953 2854 suscepisset,
2992 2801 3094 2840 nec
3143 2785 3324 2839 cibum
3372 2799 3495 2837 mu-

1930 2878 2100 2941 tavit,
2138 2891 2239 2932 nec
2276 2877 2533 2934 vestitum
2555 2917 2570 2942 ,
2607 2876 2704 2932 sed
2740 2877 2966 2932 mutatis
2996 2875 3140 2931 locis
3174 2877 3301 2930 vitae
3334 2875 3497 2930 insti-

1930 2970 2074 3024 tutio
2111 2970 2318 3024 nullam
2379 2972 2524 3040 cepit
2582 2969 2963 3024 mutationem.
2998 2967 3334 3023 Crescebaut
3368 2981 3499 3021 vero

1914 3061 2177 3127 labores,
2214 3072 2270 3117 ut
2296 3063 2468 3117 multo
2498 3062 2683 3132 plures
2716 3070 2877 3115 erant
2912 3059 3211 3129 prioribus.
3247 3057 3329 3113 Ad
3355 3056 3501 3127 jeju-

240 3151 349 3204 τῶν
381 3152 662 3220 προτέρων
692 3148 961 3216 ἐγένοντο.
1004 3148 1082 3218 Τῇ
1113 3147 1221 3218 γάρ
1240 3147 1465 3219 νηστείᾳ
1494 3147 1586 3199 καὶ
1617 3165 1819 3217 χαμευ-

1930 3156 2081 3208 nium
2112 3155 2256 3208 enim
2284 3195 2298 3219 ,
2336 3161 2390 3208 et
2417 3151 2577 3207 huuii
2601 3152 2950 3207 cubationem
2974 3190 2989 3215 ,
3034 3161 3089 3206 et
3119 3165 3346 3205 saccum
3391 3164 3501 3219 quo

241 3244 353 3313 νίᾳ,
386 3242 482 3295 καὶ¹
514 3244 581 3312 τῇ
617 3240 711 3293 τοῦ
757 3240 962 3294 σάκκου
988 3239 1270 3311 περιϐολῇ,
1312 3241 1637 3311 ἐπεισῄεσαν
1663 3241 1715 3292 ai
1753 3239 1820 3292 δι’

243 3332 367 3386 ὅλου
400 3332 510 3384 τῶν
569 3332 836 3402 δεομένων
889 3330 1427 3403 φροντίδεςοχηρῶν,
1490 3330 1652 3402 φημὶ,
1704 3332 1822 3384 ἐπι-

246 3425 480 3493 μέλειαι,
514 3425 607 3475 καὶ
633 3423 883 3493 ὀρφανῶν
917 3423 1261 3493 κηδεμονίαι,
1307 3423 1401 3476 καὶ
1433 3422 1541 3475 τῶν
1582 3422 1824 3476 ἀδικούν·

241 3534 354 3569 των
383 3517 434 3569 οἱ
463 3514 694 3585 ἔλεγχοι,
719 3514 826 3567 τῶν
842 3514 899 3567 δέ
925 3513 1300 3584 ἀδικουμένων
1323 3515 1354 3584 ή
1384 3513 1568 3567 δικαία
1598 3516 1822 3567 ἐπικου-

247 3604 360 3675 ρία.
396 3605 509 3658 Καὶ
553 3604 604 3656 τί
638 3604 719 3656 δεῖ
750 3604 886 3672 πρὸς
924 3604 1133 3667 εἰδότας
1160 3604 1371 3659 ἅπαντα
1404 3604 1820 3674 καταλέγεσθαι,

244 3697 281 3750 ἃ
329 3698 459 3760 τοὺς
509 3695 715 3765 ταύτην
765 3694 1223 3765 ἀναδεδεγμένους
1292 3694 1678 3768 περιστοιχίζει
1726 3697 1824 3764 τὴν

247 3786 537 3858 πρόνοιαν;
586 3786 963 3857 Διαφερόντως
1000 3786 1057 3839 δέ
1110 3786 1320 3849 ἐκεῖνος
1365 3788 1494 3851 τοὺς
1552 3788 1823 3853 τοιούτους

248 3878 448 3941 πόνους
514 3876 814 3947 ἠσπάζετο,
863 3879 957 3931 ἇτε
991 3877 1054 3946 δὴ
1085 3876 1447 3947 διαφερόντως
1496 3879 1588 3931 καὶ
1642 3878 1823 3932 ποθῶν

248 3972 343 4023 καὶ
395 3969 582 4031 δεδιὼς
635 3971 727 4021 τὸν
789 3969 895 4022 τῶν
951 3968 1242 4038 προϐάτων
1294 3968 1520 4038 Κύριον.
1563 3970 1714 4041 Ὄσῳ
1768 3970 1825 4024 δὲ

250 4060 478 4114 πλείονα
505 4063 602 4130 τῆς
630 4059 834 4130 ἀρετῆς
866 4058 958 4112 τὸν
998 4058 1230 4114 πλοῦτον
1263 4060 1542 4130 συνέλεγε,
1584 4061 1824 4133 τοσούτῳ

254 4151 519 4222 μειζόνως
554 4151 647 4205 καὶ
672 4150 769 4221 τῆς
798 4149 892 4203 τοῦ
919 4151 1187 4219 παναγίου
1218 4150 1537 4221 Πνεύματος
1574 4153 1825 4221 ἀπήλαυε

252 4243 498 4312 χάριτος.
528 4241 638 4294 Καὶ
666 4241 729 4309 δή
765 4257 895 4293 ποτε
931 4241 1011 4303 είς
1040 4258 1160 4294 τινα
1195 4240 1388 4312 κώμην
1421 4242 1568 4312 αύτῷ
1612 4244 1644 4312 ἢ
1677 4244 1827 4297 πόλιν

250 4336 574 4406 ἀπαίροντι·
600 4334 662 4387 οὐ
695 4334 804 4402 γάρ
834 4333 941 4403 ἔχω
980 4333 1159 4402 λέγειν
1206 4334 1454 4405 ἀκριϐῶς
1494 4336 1555 4387 τὸ
1590 4336 1790 4408 χωρίον
1813 4354 1825 4367 ·

252 4428 514 4500 προσίασί
544 4444 690 4489 τινες
731 4426 980 4496 πένητες,
1029 4426 1125 4480 ἕνα
1152 4424 1273 4479 τινὰ
1310 4426 1417 4478 τῶν
1465 4428 1731 4481 συνόντων
1755 4427 1829 4491 ῶς

1926 3246 2282 3309 induebatur,
2328 3252 2682 3299 accesserant
2732 3243 2894 3325 etiam
2943 3258 3088 3296 curae
3136 3242 3500 3311 indigentium

1924 3339 2170 3393 omnium
2192 3376 2208 3401 ,
2245 3344 2301 3390 ut
2328 3346 2382 3391 et
2412 3336 2480 3390 de
2510 3335 2689 3389 viduis
2720 3344 2869 3389 esset
2898 3333 3195 3398 sollicitus,
3223 3342 3277 3387 ct
3303 3331 3504 3401 orpha-

1926 3429 2013 3485 nis
2045 3429 2396 3500 provideret,
2439 3436 2493 3483 et
2526 3427 2785 3497 injuriam
2824 3425 3093 3480 facientes
3129 3430 3415 3495 argueret,
3449 3430 3504 3477 ct

1925 3521 2132 3590 injuria
2162 3520 2448 3591 oppressis
2471 3518 2684 3589 justum
2718 3518 2936 3572 aﬂ‘erret
2961 3517 3250 3570 auxilium.
3277 3515 3343 3567 Et
3370 3513 3500 3583 quid

1927 3623 2069 3679 opus
2124 3616 2208 3662 est
2261 3607 2445 3661 omnia
2489 3622 2782 3662 recensere
2822 3606 2966 3677 apud
3014 3621 3110 3662 eos
3148 3604 3244 3674 qui
3298 3612 3505 3658 norunt

1925 3716 2178 3771 quaenam
2211 3699 2323 3754 illis
2352 3706 2702 3769 competant,
2730 3698 2822 3767 qui
2849 3699 2989 3752 hanc
3015 3697 3354 3767 provinciam
3380 3711 3504 3751 sus-

1926 3793 2164 3863 cepere?
2209 3784 2504 3862 lnsigniter
2554 3802 2737 3846 autem
2788 3791 2881 3845 ille
2927 3791 3028 3844 hos
3061 3788 3499 3858 amplectebatur

1928 3882 2179 3947 labores,
2211 3889 2272 3936 ut
2303 3881 2397 3951 qui
2427 3881 2612 3935 ovium
2642 3879 2933 3934 Dominum
2966 3879 3255 3948 insigniter
3276 3886 3331 3932 et
3359 3893 3507 3930 ama-

1927 3984 2009 4029 ret
2040 3982 2094 4030 et
2131 3975 2371 4029 timeret.
2408 3974 2528 4040 Quo
2560 3983 2743 4028 autem
2780 3972 3000 4027 virtutis
3034 3986 3166 4041 opes
3212 3968 3508 4038 colligebat

1929 4066 2187 4136 majores,
2205 4080 2271 4120 eo
2294 4066 2501 4134 majore
2526 4054 2863 4120 sanctissimi
2889 4062 3130 4132 Spiritus
3149 4062 3323 4133 gratia
3356 4059 3506 4114 l'rue-

1930 4159 2113 4213 batur.
2147 4155 2282 4210 Nam
2313 4172 2437 4211 cum
2472 4158 2552 4211 illi
2581 4156 2877 4227 aliquando
2906 4158 2962 4210 in
3000 4159 3178 4211 vicum
3209 4149 3504 4223 quemdam

1931 4248 2015 4303 vel
2042 4248 2305 4318 oppidum
2340 4246 2444 4302 iter
2484 4254 2632 4302 esset
2682 4246 2899 4318 (locum
2944 4247 3089 4299 enim
3133 4253 3284 4299 certe
3325 4241 3508 4296 dicere

1934 4357 2042 4396 non
2074 4339 2320 4409 habeo),
2360 4350 2723 4394 necesserunt
2764 4337 2833 4391 ad
2884 4352 3007 4390 eum
3060 4349 3327 4405 pauperes
3380 4331 3505 4400 qui-

1934 4434 2092 4496 dam,
2144 4446 2317 4486 unum
2377 4431 2690 4501 quempiam
2748 4445 2812 4484 ex
2866 4427 3147 4483 sodalibus
3195 4426 3311 4480 suis
3361 4423 3508 4478 velut

250 4521 526 4574 τεθνεῶτα
575 4518 1009 4588 προτεθεικότες,
1048 4518 1140 4571 καί
1166 4537 1286 4571 τινα
1318 4520 1454 4589 πρὸς
1483 4518 1579 4589 τὴν
1616 4520 1819 4573 ἐκείνου

1932 4538 2207 4580 mortuum
2241 4532 2610 4593 proponentes
2633 4561 2647 4585 ,
2671 4530 2727 4576 et
2754 4520 3001 4590 quaedam
3029 4519 3096 4573 ad
3151 4519 3304 4572 illum
3352 4530 3509 4581 sepe-

252 4610 431 4681 ταφὴν
492 4609 773 4679 ἐπιτήδεια
828 4608 1011 4660 λαϐεῖν
1063 4608 1418 4674 ἱκετεύοντες.
1472 4610 1530 4663 '0
1582 4609 1639 4662 δὲ
1689 4606 1831 4676 εἶξεν

254 4699 595 4753 ἀντιϐολοῦσι
630 4714 643 4727 °
685 4697 763 4767 τῷ
826 4696 944 4767 Θεῷ
987 4698 1043 4749 δὲ
1098 4698 1173 4761 ὡς
1222 4698 1362 4765 ὑπὲρ
1411 4698 1703 4762 τεθνεῶτος
1735 4700 1835 4770 τὴν

257 4792 472 4845 ἱκεσίαν
523 4790 881 4860 προσέιρερεν,
939 4790 1157 4857 ἀφεῖναι
1217 4789 1551 4860 παρακαλῶν
1592 4790 1660 4843 τὰ
1693 4792 1833 4845 κατά

256 4886 349 4939 τὶν
375 4883 490 4954 βίον
512 4880 991 4952 πλημμεληθέντα,
1022 4882 1117 4934 καὶ
1148 4879 1243 4934 τοῦ
1276 4879 1382 4932 τῶν
1412 4880 1635 4934 δικαίων
1667 4881 1826 4947 ἀξιῶ-

260 4994 352 5029 σαι
386 4972 567 5046 χοροῦ.
601 4972 817 5027 Τούτων
860 4971 1189 5042 λεγομένων,
1243 4972 1516 5041 ἀφίπτατο
1560 4971 1655 5024 τοῦ
1700 4973 1836 5036 τέως

263 5066 647 5138 σκηπτομένου
684 5064 777 5119 τὸν
799 5065 1028 5119 θάνατον
1060 5066 1092 5133 ή
1120 5064 1288 5135 ψυχὴ,
1329 5066 1648 5135 ἐχορηγεῖτο
1672 5066 1736 5118 δὲ’·
1759 5065 1835 5135 τῷ

263 5158 480 5228 σώματι
518 5157 586 5210 τὰ
638 5156 969 5226 καλύμματα
997 5172 1010 5186 ⁸
1041 5154 1116 5217 ὡς
1158 5156 1214 5208 δὲ
1266 5156 1461 5226 μικρὸν
1513 5155 1782 5226 προῆλθεν
1810 5158 1838 5209 ό

264 5251 553 5314 θεσπέσιος
608 5249 912 5323 ἄνθρωπος,
964 5248 1260 5318 ἀναστῆναι
1297 5248 1387 5301 τὺν
1432 5251 1682 5321 κείμενον
1717 5249 1836 5303 ἐκέ-

263 5346 421 5399 λευον
462 5344 513 5397 οἱ
553 5343 614 5395 τὸ
636 5342 821 5413 δρᾶμα
857 5339 1013 5396 τοῖιτο
1060 5340 1462 5404 συντεθεικότες
1488 5360 1499 5372 ·
1529 5342 1603 5404 ώς
1629 5342 1693 5394 δὲί
1737 5342 1839 5393 ἐώ-

271 5456 379 5508 ρων
401 5437 502 5489 ούκ
531 5436 810 5496 ἐπαΐοντα,
829 5433 943 5488 ἀλλ’
965 5433 1222 5504 ἀλήθειαν
1241 5434 1301 5486 τὸ
1325 5434 1509 5504 σχῆμα
1538 5436 1840 5504 γεγενημέ-

267 5545 379 5589 νον,
415 5526 511 5578 καὶ
554 5527 633 5589 εἰς
668 5526 958 5597 πρόσωπον
984 5524 1044 5577 τὸ
1088 5527 1430 5595 προσωπεῖον
1483 5526 1839 5596 μεταϐληθὲν,

269 5616 754 5687 καταλαμϐάνουσι
789 5616 887 5686 μὲν
925 5615 1014 5669 τὸν
1071 5616 1243 5685 μέγαν
1286 5616 1564 5683 Ἰάκωϐον,
1613 5617 1843 5671 ποτνιώ-

274 5726 425 5779 μενοι
455 5709 510 5762 δι
545 5708 638 5761 καὶ
686 5707 795 5761 τῶν
844 5706 1022 5760 ποδῶν
1073 5709 1569 5780 προκαλινδόμενοι,
1624 5709 1717 5763 καὶ
1748 5710 1841 5764 τοῦ

274 5800 637 5872 τολμηθέντος
704 5798 979 5870 δράματος
1031 5800 1209 5856 οιίτίαν
1271 5796 1409 5858 εἶναι
1468 5801 1717 5871 λέγοντες
1746 5802 1843 5873 τὴν

1937 4614 2181 4670 liendum
2214 4612 2527 4668 necessaria
2562 4612 2928 4682 postulantes.
2976 4610 3070 4663 llle
3098 4619 3280 4662 autem
3313 4605 3509 4659 annuit

1938 4705 2298 4777 rogantibus,
2336 4704 2556 4773 Deoque
2584 4718 2778 4772 preces
2813 4701 3056 4756 offerens
3100 4701 3362 4767 tanquam
3408 4712 3509 4767 pro

1938 4809 2189 4863 mortuo,
2229 4796 2442 4865 rogavit
2477 4804 2534 4849 ut
2570 4795 2619 4849 ei
2652 4795 2957 4848 remitteret
2990 4807 3110 4861 qua:
3155 4792 3210 4844 in
3242 4792 3352 4843 vita
3386 4804 3511 4857 pec-

1937 4900 2125 4955 carat,
2184 4874 2421 4957 euntque
2476 4888 2531 4941 in
2578 4886 2856 4957 justorum
2920 4894 3121 4938 coetum
3178 4882 3507 4935 admitteret.

1939 4979 2168 5047 Quaaab
2202 4994 2267 5033 eo
2296 4992 2420 5031 cum
2457 4976 2797 5040 dicerentur,
2831 4974 3068 5029 evolavit
3104 4972 3252 5026 illius
3287 4972 3467 5025 anima
3494 5013 3506 5033 ,

1940 5072 2034 5143 qui
2089 5079 2319 5125 mortem
2372 5068 2703 5130 simulabat,
2750 5075 2804 5120 et
2835 5062 3182 5135 suppeditata
3230 5071 3358 5117 sunt
3387 5077 3511 5116 cor-

1940 5163 2060 5233 pori
2092 5169 2435 5232 tegumenta.
2476 5158 2765 5212 Paululum
2812 5157 3011 5212 deinde
3058 5170 3349 5227 progresso
3392 5154 3511 5208 viro

1943 5262 2170 5317 sancto,
2205 5254 2356 5306 illum
2406 5251 2501 5320 qui
2545 5249 2768 5319 jacebat
2819 5252 3044 5318 Surgere
3073 5249 3087 5266 ‘
3117 5247 3373 5316 jubentes
3418 5245 3509 5315 qui

1943 5345 2182 5398 l'ahulam
2213 5350 2659 5409 composuerant,
2708 5349 2768 5394 ut
2806 5326 2928 5393 eum
2964 5338 3216 5392 viderunt
3268 5352 3376 5389 non
3417 5350 3511 5387 ex-

1943 5436 2150 5497 audire,
2211 5442 2265 5488 et
2326 5433 2507 5503 reipsa
2567 5432 2818 5487 evenisse
2876 5431 3021 5501 quod
3103 5428 3510 5487 simulabatur,

1948 5528 2037 5596 11
2058 5526 2158 5595 13
2189 5540 2483 5593 veramque
2511 5540 2563 5577 ιιι
2600 5522 2793 5577 faciem
2823 5528 3087 5575 mutatam
3115 5534 3237 5573 esse
3273 5518 3475 5571 larvam
3496 5556 3511 5574 .

1945 5620 2011 5674 ad
2045 5633 2303 5688 magnum
2344 5615 2687 5671 contendunt
2718 5612 2980 5668 Jacobum
3004 5653 3019 5678 ,
3051 5611 3389 5664 obtestantes
3409 5648 3423 5671 ,
3458 5612 3517 5663 et

1946 5709 2009 5763 ad
2042 5708 2162 5780 ejus
2197 5708 2365 5779 pedes
2405 5707 2714 5776 provoluti,
2753 5704 3087 5772 audacisque
3126 5700 3251 5755 facti
3287 5714 3510 5754 causam

1946 5801 2192 5857 dicentes
2220 5800 2389 5856 fuisse
2418 5806 2826 5869 paupertatem,
2858 5796 3126 5867 rogabant
3160 5804 3216 5848 ut
3249 5792 3509 5848 delictum
