4206 6456
236 418 369 488 1301

1458 418 1863 481 RELIGIOSA
1894 420 2274 484 HISTORIA.

3341 422 3478 492 1302

241 531 511 601 Ἱερεμίου
569 526 751 597 φωνὴν
787 526 887 597 τὴν
928 526 1226 597 διαρρήδην
1270 523 1513 594 βοῶσαν·
1557 543 1574 575 ι
1607 525 1801 591 Ἐγγὺς

1904 525 2042 580 dixit
2073 545 2085 580 :
2122 545 2141 577 ι
2180 523 2289 581 Ore
2314 538 2415 580 suo
2446 524 2865 591 benedlcebant,
2890 533 2945 581 et
2975 526 3140 583 corde
3164 541 3265 583 suo
3304 534 3476 586 male-

231 617 285 674 ιῖ
314 622 382 673 σὺ
409 620 502 673 τοῦ
530 620 795 688 στόματος
823 617 1024 682 αὐτῶν,
1052 616 1147 669 καὶ
1194 615 1384 686 πόρρω
1420 615 1528 667 ἀπὸ
1581 614 1691 667 τῶν
1720 631 1805 667 νε-

230 710 385 779 φρῶν
413 710 611 763 αὐτῶν.
634 728 653 761 ι
690 708 759 761 Σύ
768 724 965 777 μφωνα
997 708 1053 761 δὲ
1081 706 1291 767 τούτοις
1320 723 1385 758 πε
1396 706 1449 777 pi.
1478 705 1682 758 τούτων
1706 706 1801 759 καὶ

226 807 256 855 ὁ
289 802 559 871 μακάριος
610 801 715 871 ἔφη
751 800 942 852 Δα6ίδ’
979 798 1107 869 «Τῷ
1140 798 1370 868 στόματι
1431 797 1610 849 αὐτῶν
1647 796 1805 867 ηὐλό-

228 911 383 961 γουν,
432 896 525 947 καί⁸
556 896 623 964 τῇ
657 893 852 963 καρδίᾳ
887 891 1065 945 αὐτῶν
1114 889 1455 961 κατηρῶντο.
1493 907 1511 940 ι
1558 890 1666 942 Καὶ
1696 888 1803 942 πά·-

228 986 345 1037 λινσ
391 1004 410 1036 ι
456 978 876 1053 Ἦπαλύνθησαν
903 985 952 1035 oi
986 983 1135 1050 λόγοι
1193 980 1375 1035 αὐτῶν
1410 979 1551 1049 ὑπὲρ
1600 978 1801 1045 ἔλαιον,

233 1078 328 1129 καὶ
358 1076 511 1129 αὐτοί
542 1078 647 1129 εἰσι
672 1076 891 1146 βολίδες.
931 1094 950 1127 ι
980 1070 1138 1128 Οὗτοι
1158 1074 1249 1127 τὸν
1277 1073 1374 1143 τῆς
1412 1070 1806 1141 Ἀλεξανδρέων

228 1166 527 1219 ἰπίσκοπον
570 1166 660 1219 τὸν
700 1166 872 1236 μέγαν
925 1163 1273 1233 Ἀλέξανδρον
1333 1160 1699 1228 παρεκάλουν,
1725 1159 1805 1210 οί-

229 1261 445 1327 κτείραι
490 1258 584 1309 τὸν
637 1258 856 1327 ’Δρειον
891 1255 996 1308 ὑπὸ
1028 1256 1209 1323 πάσης
1265 1252 1480 1321 ἐκείνης
1533 1252 1808 1319 ἀποκηρυ-

227 1349 429 1418 χθέντα
457 1349 558 1418 τῆς
588 1349 862 1416 φάλαγγος
882 1364 896 1379 ο
923 1345 1018 1401 τοῦ
1048 1346 1105 1399 δὲ
1132 1345 1228 1399 καὶ
1251 1344 1312 1397 τὸ
1338 1343 1541 1396 τούτων
1573 1342 1805 1395 ὓπουλον

227 1440 452 1505 εἰδότος,
482 1440 573 1491 καὶ
599 1440 699 1509 τὴν
748 1440 957 1492 ἐκείνου
993 1437 1255 1507 πονηρίαν
1313 1434 1687 1506 ὑφορωμένου,
1713 1433 1807 1487 καὶ

225 1530 421 1584 τούτου
456 1530 614 1600 χάριν
635 1530 695 1582 οὐ
728 1529 1018 1599 δεχομένου
1044 1527 1143 1596 τὴν
1178 1526 1393 1595 αἴτησιν
1424 1541 1436 1556 ·
1465 1524 1612 1575 ἄλλοι
1660 1522 1803 1585 τινὲς

223 1620 335 1673 τῶν
350 1620 614 1688 ἁπλότητι
637 1616 1029 1688 συνεζηκότων,
1048 1615 1247 1678 πολλάς
1275 1614 1376 1683 τῆς
1399 1611 1807 1683 φιλανθρωπίας

225 1714 516 1784 διεξῄεσαν
545 1713 839 1783 εὐφημίας,
882 1710 1053 1781 ταύτῃ
1081 1708 1290 1780 χαίρειν
1313 1706 1560 1773 λέγοντες
1594 1705 1686 1757 καὶ
1714 1704 1805 1756 τὸν

220 1806 334 1859 τῶν
355 1806 493 1858 ὅλων
523 1805 676 1859 Θεόν.
728 1803 945 1871 Ἐπειδὴ
964 1803 1022 1855 δὲ
1054 1804 1081 1855 ό
1111 1802 1284 1871 μέγας
1326 1798 1671 1868 Ἀλέξανδρος
1704 1796 1804 1867 τὴν

1905 616 2163 672 dicebant
2200 615 2255 683 l;
2290 636 2307 669 ι
2352 626 2406 672 et
2444 618 2639 671 iterum
2669 634 2682 670 :
2723 636 2741 668 ι
2784 617 2972 671 Molliti
3026 626 3157 674 sunt
3193 635 3477 675 sermones

1904 726 2096 765 eorum
2144 726 2312 780 super
2377 713 2583 776 oleum,
2617 719 2672 767 et
2727 713 2833 783 ipsi
2872 723 2998 768 sunt
3024 712 3209 784 jacula
3251 710 3299 769 ι.
3332 734 3349 766 ι
3384 716 3474 770 Isti

1904 802 2275 857 Alexandrum
2309 819 2520 873 magna:
2566 804 2914 859 Alexandria:
2962 807 3278 876 episcopum
3319 822 3475 876 roga-

1904 894 2058 958 bant,
2100 902 2161 948 ut
2194 896 2311 949 Arii
2355 898 2732 959 misereretur,
2788 898 2856 950 ab
2910 899 3168 953 universa
3206 899 3296 951 illa
3339 900 3472 968 plta-

1906 983 2066 1054 lange
2100 987 2474 1040 exauctorati.
2510 986 2609 1041 Hic
2658 1003 2787 1043 vero
2821 1004 2944 1043 cum
2985 999 3041 1043 et
3079 988 3363 1044 subdolam
3398 989 3477 1043 is-

1905 1082 2088 1128 torum
2117 1084 2351 1131 mentem
2395 1086 2606 1142 nosset,
2648 1089 2704 1133 et
2749 1089 3061 1149 suspectam
3094 1080 3242 1135 illius
3286 1080 3476 1150 nequi-

1905 1165 2037 1219 tiam
2069 1166 2319 1232 haberet,
2356 1185 2420 1224 ac
2450 1178 2741 1240 propterea
2783 1172 3001 1225 illorum
3033 1171 3326 1242 postulatis
3369 1187 3477 1226 non

1906 1266 2200 1322 annucret,
2236 1260 2327 1314 alii
2374 1262 2599 1331 quidam
2637 1263 2998 1333 simplicioris
3046 1264 3248 1333 ingenii
3303 1265 3474 1319 multa

1904 1347 1972 1403 de
2005 1350 2313 1404 clementia:
2336 1350 2591 1407 laudibus
2614 1354 2979 1419 disserentes,
3003 1356 3107 1411 hac
3139 1358 3303 1410 etiam
3340 1371 3477 1425 prae.

1906 1441 2064 1510 cipue
2078 1442 2340 1497 delectari
2371 1445 2757 1501 universorum
2786 1446 2954 1501 Deum
2980 1448 3387 1517 suggerebant:
3424 1455 3478 1501 et

1906 1547 2028 1585 cum
2050 1532 2276 1603 Magnus
2293 1535 2602 1592 Alexander
2620 1538 2882 1607 injustam
2900 1554 3028 1607 erga
3053 1555 3222 1594 unum
3243 1540 3478 1594 clemen-

1908 1624 2456 1679 tiam-inclementiam
2472 1628 2919 1696 appellaret,qua2
2937 1630 3279 1684 multisesset
3298 1630 3481 1698 perni-

1906 1717 2055 1771 ciosa
2085 1716 2380 1788 damnique
2408 1720 2753 1775 occasionem
2780 1725 2995 1788 cunctis
3023 1723 3284 1793 gregibus
3325 1721 3481 1775 futu-

1906 1823 2022 1861 ram
2047 1808 2340 1864 aliirmaret
2362 1850 2376 1873 ,
2406 1812 2658 1866 hortatur
2680 1828 2872 1869 omnes
2891 1815 3111 1869 divinus
3132 1813 3393 1875 Iacobus,
3422 1823 3477 1867 ut

221 1899 409 1954 ἄδικον
430 1900 555 1967 περὶ
571 1898 665 1950 ἕνα
692 1894 1095 1968 φιλανθρωπίαν
1118 1892 1512 1963 ἀπανθρωπίαν
1530 1887 1800 1959 ὠνόμαζε,

1904 1898 2100 1968 jejuuii
2135 1899 2495 1955 macerationi
2524 1918 2585 1957 se
2617 1904 2838 1970 dedant,
2898 1915 3217 1975 septemque
3256 1921 3381 1960 cum
3415 1922 3480 1959 eo

222 1993 439 2047 πολλῶν
506 1988 675 2046 οὖσαν
721 1988 1057 2061 λυμαντικὴν
1083 2027 1098 2052 ,
1153 1988 1247 2041 καὶ
1306 1986 1483 2056 λώσης
1535 1984 1805 2057 πρόφασιν

220 2084 446 2139 εσεσθαι
479 2086 591 2145 τοῖς
608 2081 881 2153 ποιμνίοις
911 2080 1111 2134 ἅπασιν
1152 2079 1303 2148 ἱλεγε
1330 2096 1343 2109 ·
1376 2078 1610 2149 παρῄνει
1640 2078 1806 2129 πᾶσιν

218 2181 250 2232 ό
283 2176 428 2239 θεῖος
469 2176 744 2238 ’ἰάκωὸος,
785 2176 852 2244 τῇ
906 2173 1002 2243 μὲν
1031 2172 1134 2242 τῆς
1190 2171 1449 2241 νηστείας
1500 2167 1804 2239 χρήσασθαι

218 2268 514 2338 κακουχίᾳ,
576 2267 717 2319 ἐπτά
754 2266 811 2319 δὲ
860 2266 1002 2319 κατά
1035 2264 1234 2318 ταύτὸν
1290 2262 1505 2332 ἡμέρας
1541 2262 1631 2313 τὸν
1673 2260 1804 2313 Θεὸν

220 2363 500 2417 ἰκετεῦσαι
523 2361 582 2415 τὸ
606 2363 724 2423 ταῖς
748 2358 1099 2429 Ἐκκλησίαις
1137 2359 1379 2409 συνοῖσον
1414 2352 1801 2426 πρυτανεῦσαι.

217 2454 540 2525 Δεξαμὲνων
558 2452 615 2506 δὲ
645 2451 900 2505 ἀπάντων
921 2449 1015 2502 τοῦ
1054 2448 1197 2502 θείου
1225 2448 1416 2518 ἀνδρὸς
1444 2448 1542 2518 τὴν
1572 2446 1802 2516 είσήγη-

219 2562 347 2600 σιν*
404 2545 625 2617 ᾔδεισαν
681 2545 789 2614 γὰρ
844 2542 1004 2596 αὑτὸν
1070 2541 1451 2602 ἀποστολικοῖς
1502 2539 1802 2611 χαρίσμασι

216 2641 507 2710 λάμποντα
526 2654 540 2669 ·
584 2637 912 2706 ἐκεράννυτο
942 2636 1040 2704 μὲν
1068 2635 1102 2702 ἡ
1128 2632 1351 2703 νηστεία
1377 2635 1444 2703 τῇ
1480 2635 1752 2702 προσευχῇ
1784 2649 1799 2664 ο

216 2733 519 2803 ἐψηφίζετο
550 2730 604 2783 δὲ
628 2732 745 2792 ταῖς
788 2726 1141 2795 Ἐκκλησίαις
1169 2727 1197 2778 ό
1218 2724 1425 2778 τούτων
1459 2725 1591 2778 κυδε
1603 2724 1803 2795 ρνήτης

215 2826 281 2877 τδ
329 2823 627 2895 συμφέρον.
679 2822 789 2874 Kal.
840 2819 1029 2888 ἐπειδὴ
1080 2818 1389 2888 ἀπήντησεν
1436 2818 1470 2887 ἠ
1522 2816 1800 2886 Κυριακὴ,

217 2916 341 2969 καθ’
374 2917 443 2987 ἦν
471 2915 695 2986 ἠλπιζον
724 2912 773 2966 οί
813 2910 1029 2973 πλείους
1069 2911 1157 2962 τὸν
1210 2910 1490 2980 ἀλιτήριον
1528 2907 1803 2979 εἰσδεχθή·

220 3007 437 3071 σεσθαι,
472 3007 566 3061 καὶ
593 3007 690 3076 τῆς
713 3004 866 3067 θείας
894 3002 1241 3071 λειτουργίας
1274 3000 1510 3072 ἔφθασεν
1529 3000 1557 3052 ό
1588 2999 1798 3071 καιρὸς,

214 3100 315 3155 καὶ
345 3098 681 3171 προσέμενον
745 3095 985 3158 ἅπαντες
1012 3095 1143 3147 [δεῖν
1184 3094 1276 3147 τὸν
1326 3092 1570 3147 ἀντίθεον
1621 3091 1801 3144 ἐλεού-

1907 1993 2118 2047 dierum
2154 1993 2334 2063 spatio
2375 1992 2545 2048 Deum
2592 2004 2773 2062 orent,
2811 2005 2869 2052 ut
2911 1997 3282 2053 Ecclesiarnm
3331 1996 3480 2050 utili-

1907 2084 2004 2139 tati
2043 2086 2361 2140 consultum
2399 2088 2547 2141 velit.
2579 2086 2817 2144 Probato
2861 2090 2931 2144 ab
2988 2091 3251 2145 omnibus
3299 2090 3479 2145 sancti

1906 2177 2010 2231 viri
2042 2178 2275 2232 consilio
2308 2177 2592 2247 (sciebant
2623 2181 2789 2249 enim}
2818 2181 2973 2235 illum
3017 2183 3318 2251 apostolica
3350 2196 3480 2253 gra-

1908 2266 1983 2319 tia
2018 2265 2306 2335 praeditum
2336 2272 2375 2335 ),
2405 2267 2620 2337 jejunio
2646 2268 2847 2337 junctae
2880 2277 3009 2325 sunt
3038 2286 3255 2339 preces,
3286 2282 3340 2325 et
3375 2272 3480 2326 Ec-

1906 2357 2197 2411 clesiarum
2251 2357 2474 2411 utilitati
2524 2360 2809 2428 prospexit
2862 2359 3055 2413 barum
3118 2361 3477 2429 gubernator.

1904 2448 2152 2517 Cumque
2180 2447 2494 2503 advenisset
2516 2449 2637 2506 dies
2667 2449 3017 2510 Dominicns,
3053 2467 3162 2521 quo
3187 2452 3277 2506 die
3309 2451 3479 2521 pleri.

1904 2554 2012 2610 que
2053 2549 2334 2609 receptum
2378 2540 2604 2609 impium
2641 2542 2710 2598 iri
2746 2543 3065 2613 sperabant,
3099 2552 3152 2599 et
3187 2545 3387 2600 divina:
3411 2544 3480 2600 li-

1907 2633 2101 2702 turgiae
2125 2640 2343 2702 tempus
2382 2633 2625 2700 adesset,
2659 2644 3161 2706 exspectarentque
3200 2650 3391 2691 omnes
3421 2646 3479 2691 ut

1906 2724 2191 2780 inimicum
2228 2724 2320 2781 Dei
2367 2728 2527 2782 venia
2584 2728 2846 2782 donatum
2896 2718 3185 2793 viderent,
3230 2728 3477 2805 divinum

1906 2831 2138 2888 prorsus
2177 2833 2241 2872 ac
2296 2818 2634 2889 stupendum
2689 2821 2910 2875 accidit
2945 2821 3292 2874 miraculum.
3340 2819 3477 2875 Nam

1905 2923 2031 2963 cum
2092 2910 2146 2963 in
2208 2911 2426 2979 spurcis
2482 2908 2894 2980 fetentibusque
2943 2911 3081 2966 locis
3128 2911 3481 2981 impinsuille

1905 3002 2251 3071 inexplebilis
2280 3002 2420 3072 gula:
2445 3010 2796 3057 excrementa
2825 3010 3094 3071 egereret.
3124 3016 3248 3055 cum
3274 3000 3363 3055 Itis
3386 3000 3478 3055 .in-

1904 3095 2107 3149 testina
2142 3093 2306 3149 etiam
2347 3093 2550 3163 quibus
2590 3094 3026 3149 continebantur
3076 3094 3293 3164 1116
3318 3107 3476 3163 eges-

220 3210 409 3263 μενον,
435 3187 733 3261 τηνικαῦτα
766 3187 977 3254 γίνεται
1003 3186 1146 3238 θεῖον
1177 3185 1346 3248 ὅντως
1376 3186 1469 3238 καὶ
1495 3182 1798 3254 παράδοξον

1907 3187 1999 3251 sit,
2037 3187 2347 3256 solutisque
2381 3187 2485 3240 hoc
2518 3187 2685 3241 modo
2720 3186 3057 3250 visceribus,
3081 3195 3284 3241 etcqu
3334 3196 3477 3242 ster-

218 3284 432 3355 θαῦμα.
469 3282 559 3335 Ἐν
607 3280 912 3350 βδελυκτοῖς
940 3277 1047 3348 γὰρ
1081 3277 1173 3330 καὶ
1216 3277 1477 3330 δυσώδεσι
1522 3277 1739 3347 χωρίοις
1768 3275 1796 3325 ό

216 3376 479 3444 ἀλάστωρ
510 3374 716 3435 ἐκεῖνος
754 3369 855 3440 τῆς
886 3369 1164 3439 ἀπλήστου
1210 3368 1417 3439 τροφῆς
1445 3367 1715 3438 ἐκκρίνων
1734 3367 1802 3421 τά

216 3465 634 3538 περιττώματα,
669 3463 764 3515 καὶ
789 3461 860 3514 τὰ
884 3460 1089 3514 τούτων
1127 3459 1267 3530 μετά
1295 3463 1503 3513 τούτων
1558 3459 1799 3530 ὲξέκρινε

214 3561 421 3630 δοχεῖα.
482 3557 636 3613 Οὕτω
664 3557 719 3609 δὲ
750 3554 858 3607 τῶν
890 3554 1182 3623 σπλάγχων
1208 3553 1373 3608 αὐτοῦ
1404 3552 1790 3617 διαλυθέντων,

216 3655 314 3706 καὶ
344 3654 443 3705 σὺν
472 3653 539 3721 τῇ
570 3648 763 3719 κόπρῳ
792 3647 1208 3719 κεχωρηκότων,
1232 3645 1486 3711 ἐξέπεσεν
1513 3646 1541 3698 ό
1568 3644 1800 3708 δείλαιος

216 3748 593 3816 παραχρῆμα,
652 3744 747 3795 καὶ
787 3741 879 3794 τὸν
932 3742 1209 3811 αἴσχιστον
1276 3742 1481 3792 ἐκεῖνον
1543 3739 1801 3808 ὑπέμεινε

216 3839 470 3897 θάνατον,
496 3836 593 3905 τῆς
615 3832 882 3895 δυσώδους
907 3830 1071 3886 αὐτοῦ
1092 3829 1442 3902 βλασφημίας
1465 3831 1520 3882 ὲν
1542 3829 1801 3885 δυσώδεσι

215 3930 443 4000 χωρίοις
482 3925 835 3995 είσπραχθεὶς
874 3924 971 3987 τὰς
1021 3922 1271 3987 εὐθύνας,
1315 3922 1408 3974 καὶ⁸
1442 3921 1528 3974 διὰ
1562 3922 1660 3989 τῆς
1702 3921 1801 3973 Ἰα-

216 4019 399 4074 κώϐου
421 4017 515 4071 τοῦ
548 4016 782 4088 μεγάλου
812 4014 1059 4082 γλώττης
1094 4011 1388 4080 δεξάμενος
1429 4011 1528 4079 τὴν
1561 4011 1796 4080 σφαγήν.

216 4108 502 4179 θαυμάζει
551 4108 649 4177 μὲν
689 4101 836 4177 οἷνὴ
867 4104 986 4157 θεία
1026 4102 1216 4174 Γραφὴ
1248 4103 1431 4165 Φινεὲς
1472 4101 1560 4154 τὸν
1606 4102 1756 4172 ἱερέα
1785 4141 1798 4166 ,

215 4203 315 4255 καὶ
338 4203 562 4264 είκότως
615 4196 904 4268 θαυμάζει,
936 4197 1015 4249 ὅτι
1045 4196 1135 4247 τὸν
1166 4193 1385 4265 ὀλέθρου
1438 4193 1551 4263 λαῷ
1582 4194 1801 4265 γινόμεο

215 4309 310 4344 νον
353 4290 612 4361 πρόξενον
651 4284 982 4356 κατέσφαξε,
1007 4287 1094 4338 τὸν
1122 4284 1348 4356 Ζαμϐρὴ
1373 4302 1385 4314 ·
1421 4285 1502 4338 διὸ
1531 4286 1622 4338 καὶ
1667 4285 1803 4354 ψάλ-

217 4385 330 4437 λων
358 4382 386 4433 ό
416 4381 686 4451 μακάριος
737 4379 889 4446 ἔλεγε
949 4377 1113 4429 Δαῦίδ
1148 4392 1161 4405 ·
1215 4397 1230 4428 ι
1263 4378 1431 4444 "Eutr,
1475 4378 1658 4439 Φινεὲς
1710 4379 1803 4429 καὶ

214 4474 524 4540 ὲξιλάσατο,
580 4470 674 4524 καὶ
720 4471 989 4523 ἐκόπασεν
1021 4470 1053 4538 ἡ
1093 4467 1354 4537 θραῦσις·
1392 4469 1486 4521 καὶ
1536 4467 1793 4537 ἐλογίσθη

1908 3294 2035 3333 core
2070 3277 2283 3342 ell‘usis,
2323 3282 2340 3299 '
2370 3278 2613 3333 concidit
2660 3287 2880 3348 repente
2917 3276 3133 3341 infelix,
3172 3286 3226 3333 et
3270 3279 3480 3347 turpis-

1906 3368 2102 3422 simam
2135 3367 2285 3421 illam
2326 3376 2558 3422 mortem
2590 3367 2752 3430 obiit,
2792 3368 3168 3437 graveolentis
3217 3367 3478 3437 blasphe-

1905 3462 2027 3515 mia:
2064 3475 2176 3515 suae
2214 3461 2266 3513 in
2298 3458 2744 3530 grav-colentibus
2784 3460 2920 3515 locis
2960 3475 3153 3529 poenas
3193 3461 3376 3524 luens,
3427 3472 3482 3516 et

1907 3568 2003 3622 per
2043 3551 2225 3622 magni
2255 3549 2441 3605 Jacobi
2467 3551 2708 3623 linguam
2736 3552 2949 3607 letalem
2966 3553 3144 3607 ictum
3173 3553 3477 3624 excipiens.

1908 3643 2231 3697 Atlmiratur
2264 3658 2399 3699 sane
2444 3642 2630 3697 divina
2670 3641 2960 3713 Scriptura
3010 3644 3247 3701 Pliinees
3300 3660 3481 3700 sacer-

1909 3735 2115 3800 dotem,
2149 3744 2201 3789 et
2238 3735 2363 3803 jure
2393 3735 2722 3799 admiratur,
2763 3735 2910 3804 quod
2943 3736 3163 3791 Zambri
3195 3736 3481 3808 popularis

1909 3826 2059 3879 exitii
2094 3832 2374 3878 auctorem
2412 3824 2754 3879 interfecerit
2783 3842 2797 3877 :
2833 3826 2975 3880 unde
2996 3835 3050 3881 et
3072 3826 3312 3896 psallens
3349 3827 3479 3882 bea-

1909 3926 1998 3971 tus
2034 3916 2206 3970 David
2242 3916 2460 3970 aiebat:
2497 3933 2515 3967 ι
2544 3914 2705 3971 Stetit
2728 3916 2987 3981 Pltinees,
3018 3924 3071 3973 et
3094 3918 3347 3987 placatus
3372 3929 3476 3979 est.

1907 4018 1962 4062 et
2001 4008 2238 4063 cessavit
2275 4008 2599 4078 quassatio,
2637 4018 2689 4064 et
2724 4017 3034 4079 reputatum
3068 4018 3154 4066 est
3186 4012 3263 4066 illi
3295 4014 3359 4067 ad
3390 4014 3481 4084 ju-

1907 4100 2148 4165 stitiam,
2187 4101 2239 4153 in
2290 4101 2699 4171 generationem
2740 4109 2794 4156 et
2832 4104 3266 4172 generationem,
3309 4120 3481 4176 usque

1908 4190 1961 4245 in
1986 4192 2243 4247 sarculum
2274 4191 2315 4245 ι.
2352 4211 2368 4241 ι
2399 4191 2600 4247 Verum
2634 4194 2722 4249 ille
2753 4195 2949 4249 bellico
2980 4212 3112 4251 usus
3137 4198 3246 4251 telo
3271 4198 3477 4267 justam

1906 4292 1959 4337 et
1998 4283 2276 4337 celebrem
2316 4284 2459 4337 illam
2502 4285 2705 4341 caedem
2746 4290 2983 4357 patravit
3015 4306 3028 4343 :
3065 4290 3194 4343 huic
3226 4307 3356 4345 Vch
3383 4308 3479 4361 pro

1907 4375 2061 4430 basta
2091 4386 2143 4429 et
2178 4376 2361 4445 gladio
2391 4378 2575 4448 lingua
2610 4380 2744 4435 satis
2773 4378 2895 4443 fuit,
2936 4396 3055 4450 quae
3091 4380 3319 4450 impium
3357 4399 3479 4452 per-

1908 4468 2061 4536 emit,
2098 4484 2167 4522 ne
2202 4468 2408 4524 videret
2442 4471 2671 4537 gloriam
2708 4471 2942 4525 Domini.
2968 4473 3145 4543 Atque
3174 4474 3276 4529 hoc
3307 4492 3475 4529 unum

215 4566 369 4636 αὐτῴ
398 4567 477 4629 είς
503 4562 873 4632 δικαιοσύνην,
906 4563 985 4624 εἰς
1014 4561 1206 4629 γενεὰν
1230 4561 1323 4613 καὶ
1351 4559 1545 4628 γενεάν
1576 4558 1681 4623 ἕως
1699 4558 1795 4613 τοῦ

1904 4555 2150 4627 profecto
2184 4558 2470 4614 sull'ecerit
2509 4560 2575 4614 ad
2608 4562 2829 4615 Ariana:
2861 4562 3162 4632 impietatis
3194 4567 3477 4621 revincetu-

214 4659 433 4720 αἰῶνος.
460 4676 479 4709 ι
528 4656 664 4708 Ἀλλ’
692 4656 841 4724 ὅμως
863 4656 1069 4716 ἐκεῖνος
1105 4652 1253 4721 ὅπλῳ
1288 4651 1565 4720 πολεμικῷ
1596 4652 1801 4723 χρησά-

218 4765 383 4817 μενος
426 4787 441 4811 ,
505 4745 605 4815 τὴν
669 4744 883 4797 δικαίαν
943 4744 1036 4796 καὶ
1106 4741 1541 4813 πολυθρύλλητον
1581 4742 1798 4813 ἐκείνην

215 4839 512 4911 ιίργάσατο
538 4836 753 4907 σφαγήν
776 4851 789 4866 ·
828 4835 1004 4905 τούτῳ
1036 4833 1091 4886 δὲ
1141 4835 1374 4903 ἧρκεσεν
1406 4834 1525 4887 ἀντὶ
1577 4833 1800 4904 δόρατος

216 4931 315 4983 καὶ
345 4929 529 4996 ξίφους
565 4929 598 4997 ή
628 4926 863 4995 γλῶττα,
907 4926 1003 4979 καὶ
1028 4924 1205 4978 ἀνεῖλε
1236 4926 1325 4977 τὸν
1357 4924 1553 4995 ἀσεϐῆ,
1600 4925 1687 4978 ἵνα
1720 4926 1793 4997 μὴ

218 5020 305 5090 ἵξῃ
348 5018 446 5087 τὴν
478 5014 639 5080 δόξαν
672 5015 902 5083 Κυρίου.
942 5012 1181 5083 Ἀπόχρη
1215 5012 1271 5065 δὲ
1322 5012 1480 5067 τοῦτο
1507 5014 1664 5083 μόνον
1693 5015 1800 5069 τῶν

216 5109 320 5177 τῆς
362 5106 571 5177 Ἀρείου
608 5105 932 5166 δυσσεϐείας
993 5103 1344 5173 κληρονόμων
1382 5104 1650 5172 διελέγξαι
1700 5106 1801 5178 τὴν

215 5202 424 5255 ἄνοιαν.
484 5199 543 5251 Ὀ
588 5198 693 5267 γὰρ
730 5196 983 5258 τοσοῦτος
1029 5197 1191 5266 ἀνὴρ,
1233 5194 1339 5249 τῶν
1374 5196 1474 5265 μὲν
1520 5198 1611 5267 ὑφ’
1645 5200 1800 5268 ἡμῶν

217 5289 669 5363 πρεσϐευομένων
701 5288 989 5358 δογμάτων
1021 5287 1197 5358 κῆρυξ
1232 5283 1299 5358 ἦν
1326 5289 1420 5340 καὶ
1461 5291 1757 5360 συνήγορος
1784 5308 1797 5321 ·

214 5381 365 5435 οἱτω
388 5381 444 5433 δὲ
477 5379 672 5450 κομιδῇ
723 5378 821 5447 τὴν
873 5375 1077 5429 τδύτων
1127 5374 1381 5429 ἀσέϐειαν
1432 5378 1798 5445 ἐϐδελύττετο,

215 5476 298 5527 ὃτι
340 5473 435 5524 καὶ
467 5472 559 5525 τὸν
606 5470 778 5541 αὐτῆς
834 5469 1039 5540 πατέρα
1080 5468 1489 5538 κατηκόντισεν,
1532 5472 1679 5544 ὅπλῳ
1727 5478 1793 5545 τῇ

214 5569 269 5636 γὲ
286 5568 438 5637 ώττῃ
460 5561 848 5635 χρησάμενος.]
878 5559 1097 5630 Ἐπειδὴ
1123 5559 1179 5611 δὲ
1207 5562 1226 5591 ¹
1260 5563 1287 5613 ὁ
1312 5562 1569 5630 σύλλογος
1589 5566 1616 5617 ὁ
1648 5565 1790 5637 ἱερὸς

285 5710 477 5766 lPsal.
501 5725 611 5769 ut,
637 5707 697 5762 ν.
777 5706 801 5747 ι
826 5706 969 5761 Psal.
1018 5723 1166 5769 thv,
1198 5706 1298 5761 2‘2.
1384 5708 1398 5746 ι
1440 5708 1583 5764 Psal.
1612 5728 1699 5779 cv,
1736 5715 1823 5768 50.

1904 4650 2028 4704 dam
2072 4649 2364 4713 insaniam,
2393 4650 2537 4721 quod
2570 4652 2657 4706 hic
2687 4661 2877 4709 tantus
2901 4655 2987 4709 vir
3017 4656 3332 4726 dogmatnm
3356 4674 3479 4729 qua:

1905 4755 1935 4794 a
1968 4740 2130 4796 nobis
2168 4744 2524 4798 celebrantur
2557 4745 2941 4813 przeco'l'uerit
2974 4756 3027 4801 et
3066 4748 3347 4813 dcl'ensor,
3398 4752 3476 4805 is-

1905 4840 2085 4887 torum
2117 4842 2300 4888 autem
2335 4834 2674 4904 impietatem
2706 4839 2786 4892 sic
2818 4838 3131 4896 detestatus
3162 4841 3256 4905 sit,
3284 4852 3338 4895 ut
3359 4843 3479 4911 ejus

1904 4934 2187 4994 parentem
2226 4926 2424 4997 lingua:
2463 4943 2579 4983 sua:
2611 4945 2879 4987 mucrone
2906 4933 3284 5007 conl‘oderit.]
3316 4933 3481 4989 Post-

1911 5033 2071 5087 quam
2096 5026 2277 5073 autem
2310 5020 2574 5076 dlmissus
2604 5019 2707 5075 fuit
2736 5036 2893 5077 sacer
2928 5024 3019 5079 ille
3063 5034 3392 5088 conventus,
3426 5037 3480 5082 et

1912 5111 2295 5181 unusquisque
2323 5112 2383 5166 in.
2416 5113 2638 5167 domum
2669 5130 2826 5169 suam
2859 5125 2944 5170 est
2992 5133 3269 5181 reversus,
3315 5120 3481 5173 rediit

1910 5201 2000 5254 hic
2053 5216 2295 5271 quoque,
2357 5202 2505 5256 velut
2555 5211 2818 5260 strenuus
2872 5207 3054 5260 vict-or
3087 5208 3374 5264 exsultans
3408 5209 3483 5265 ob

1908 5304 2110 5362 tropzea
2153 5292 2393 5362 pietatis.
2420 5293 2761 5350 Procedente
2792 5311 2920 5351 vero
2952 5305 3216 5367 tempore,
3247 5316 3479 5369 magnus

1911 5388 2001 5441 ille
2041 5386 2507 5457 admirandusque
2535 5388 2832 5456 imperator
2874 5402 2996 5443 cum
3040 5392 3264 5447 coronis
3305 5396 3479 5462 picta-

1908 5480 1976 5533 tis
2006 5482 2249 5535 excessit
2287 5496 2317 5535 e
2343 5481 2473 5545 vita,
2499 5481 2763 5551 orbisque
2802 5489 3073 5537 terrarum
3106 5485 3335 5554 imperio
3358 5487 3478 5555 ejus

1907 5571 2002 5624 lilii
2039 5586 2377 5628 successere.
2431 5572 2586 5628 Tunc
2628 5590 2716 5629 rex
2772 5573 3088 5639 Persarum,
3137 5578 3223 5631 cui
3282 5581 3476 5633 tmuieu

1571 5826 1801 5883 \"\lll.'1‘l
1842 5825 2249 5885 LECTIONES.

293 5920 314 5954 ³
362 5920 557 5975 iisdem
584 5926 771 5976 narrat
804 5919 996 5978 Noster
1019 5922 1158 5975 Ηὲςι.
1202 5922 1326 5975 ercl.
1366 5938 1423 5987 ιι,
1458 5922 1545 5976 ‘26.
