  <div class='ocr_page' id='page_1' title='image "/cluster/home/n/w/nwhite01/storage/ocr_20150623/82/nnc1.0046979700/697.png"; bbox 0 0 4206 6456; ppageno 0'>
   <div class='ocr_carea' id='block_1_1' title="bbox 768 397 904 466">
    <p class='ocr_par' dir='ltr' id='par_1_1' title="bbox 768 397 904 466">
     <span class='ocr_line' id='line_1_1' title="bbox 768 397 904 466; baseline -0.007 -4"><span class='ocrx_word' id='word_1_1' title='bbox 768 397 904 466; x_wconf 75' lang='grc'><strong>1303</strong></span> 
     </span>
    </p>
   </div>
   <div class='ocr_carea' id='block_1_2' title="bbox 1744 392 3009 457">
    <p class='ocr_par' dir='ltr' id='par_1_2' title="bbox 1744 392 3009 457">
     <span class='ocr_line' id='line_1_2' title="bbox 1744 392 3009 457; baseline 0 -2"><span class='ocrx_word' id='word_1_2' title='bbox 1744 392 2229 456; x_wconf 83' lang='lat' dir='ltr'><strong>THEODORETI</strong></span> <span class='ocrx_word' id='word_1_3' title='bbox 2269 393 2606 455; x_wconf 86' lang='lat' dir='ltr'><strong>EPISCOPI</strong></span> <span class='ocrx_word' id='word_1_4' title='bbox 2646 397 3009 457; x_wconf 66' lang='lat' dir='ltr'><strong>CYRENSIS</strong></span> 
     </span>
    </p>
   </div>
   <div class='ocr_carea' id='block_1_3' title="bbox 3863 397 4007 462">
    <p class='ocr_par' dir='ltr' id='par_1_3' title="bbox 3863 397 4007 462">
     <span class='ocr_line' id='line_1_3' title="bbox 3863 397 4007 462; baseline 0.007 -2"><span class='ocrx_word' id='word_1_5' title='bbox 3863 397 4007 462; x_wconf 66' lang='grc'><strong>1304</strong></span> 
     </span>
    </p>
   </div>
   <div class='ocr_carea' id='block_1_4' title="bbox 767 506 2360 585">
    <p class='ocr_par' dir='ltr' id='par_1_4' title="bbox 767 508 2336 585">
     <span class='ocr_line' id='line_1_4' title="bbox 767 508 2336 585; baseline -0.005 -16"><span class='ocrx_word' id='word_1_6' title='bbox 767 514 1026 585; x_wconf 90' lang='lat' dir='ltr'><strong>Sapores,</strong></span> <span class='ocrx_word' id='word_1_7' title='bbox 1068 511 1278 583; x_wconf 82' lang='lat'><strong>1117</strong></span> <span class='ocrx_word' id='word_1_8' title='bbox 1335 508 1436 563; x_wconf 89' lang='lat' dir='ltr'><strong>hos</strong></span> <span class='ocrx_word' id='word_1_9' title='bbox 1488 517 1546 563; x_wconf 91' lang='lat' dir='ltr'><strong>ut</strong></span> <span class='ocrx_word' id='word_1_10' title='bbox 1602 508 1776 578; x_wconf 82' lang='lat' dir='ltr'><strong>patris</strong></span> <span class='ocrx_word' id='word_1_11' title='bbox 1834 509 2046 563; x_wconf 85' lang='lat' dir='ltr'><strong>viribus</strong></span> <span class='ocrx_word' id='word_1_12' title='bbox 2092 508 2336 577; x_wconf 90' lang='lat' dir='ltr'><strong>impares</strong></span> 
     </span>
    </p>
   </div>
   <div class='ocr_carea' id='block_1_5' title="bbox 2416 506 4006 585">
    <p class='ocr_par' dir='ltr' id='par_1_5' title="bbox 2435 506 4006 580">
     <span class='ocr_line' id='line_1_5' title="bbox 2435 506 4006 580; baseline 0.003 -19"><span class='ocrx_word' id='word_1_13' title='bbox 2435 509 2673 580; x_wconf 85' lang='grc' dir='ltr'><strong>διελύθη,</strong></span> <span class='ocrx_word' id='word_1_14' title='bbox 2707 511 2803 565; x_wconf 73' lang='grc' dir='ltr'>καὶ</span> <span class='ocrx_word' id='word_1_15' title='bbox 2831 510 2930 579; x_wconf 79' lang='grc' dir='ltr'>τὴν</span> <span class='ocrx_word' id='word_1_16' title='bbox 2953 509 3160 562; x_wconf 80' lang='grc' dir='ltr'>οἰκείαν</span> <span class='ocrx_word' id='word_1_17' title='bbox 3198 507 3374 561; x_wconf 84' lang='grc' dir='ltr'>οἰκίαν</span> <span class='ocrx_word' id='word_1_18' title='bbox 3404 506 3703 561; x_wconf 81' lang='grc' dir='ltr'>κατέλαϐεν</span> <span class='ocrx_word' id='word_1_19' title='bbox 3747 508 4006 578; x_wconf 78' lang='grc' dir='ltr'>ἕκαστος,</span> 
     </span>
    </p>
   </div>
   <div class='ocr_carea' id='block_1_6' title="bbox 766 598 2335 668">
    <p class='ocr_par' dir='ltr' id='par_1_6' title="bbox 766 598 2335 668">
     <span class='ocr_line' id='line_1_6' title="bbox 766 598 2335 668; baseline -0.006 -9"><span class='ocrx_word' id='word_1_20' title='bbox 766 615 1147 664; x_wconf 77' lang='lat' dir='ltr'><strong>contemnens,</strong></span> <span class='ocrx_word' id='word_1_21' title='bbox 1186 601 1453 656; x_wconf 80' lang='lat' dir='ltr'><strong>adversus</strong></span> <span class='ocrx_word' id='word_1_22' title='bbox 1484 598 1715 654; x_wconf 85' lang='lat' dir='ltr'><strong>Nisibim</strong></span> <span class='ocrx_word' id='word_1_23' title='bbox 1748 615 1873 654; x_wconf 91' lang='lat' dir='ltr'><strong>cum</strong></span> <span class='ocrx_word' id='word_1_24' title='bbox 1923 599 2138 668; x_wconf 90' lang='lat' dir='ltr'><strong>magnis</strong></span> <span class='ocrx_word' id='word_1_25' title='bbox 2185 598 2335 666; x_wconf 85' lang='lat' dir='ltr'><strong>equi-</strong></span> 
     </span>
    </p>
   </div>
   <div class='ocr_carea' id='block_1_7' title="bbox 764 689 2331 764">
    <p class='ocr_par' dir='ltr' id='par_1_7' title="bbox 764 689 2331 764">
     <span class='ocr_line' id='line_1_7' title="bbox 764 689 2331 764; baseline -0.006 -13"><span class='ocrx_word' id='word_1_26' title='bbox 764 706 883 751; x_wconf 84' lang='lat' dir='ltr'><strong>tum</strong></span> <span class='ocrx_word' id='word_1_27' title='bbox 912 706 965 751; x_wconf 91' lang='lat' dir='ltr'><strong>et</strong></span> <span class='ocrx_word' id='word_1_28' title='bbox 992 694 1235 764; x_wconf 79' lang='lat' dir='ltr'><strong>peditum</strong></span> <span class='ocrx_word' id='word_1_29' title='bbox 1279 691 1456 761; x_wconf 83' lang='lat' dir='ltr'><strong>copiis</strong></span> <span class='ocrx_word' id='word_1_30' title='bbox 1489 691 1689 746; x_wconf 90' lang='lat' dir='ltr'><strong>bellum</strong></span> <span class='ocrx_word' id='word_1_31' title='bbox 1723 690 1893 744; x_wconf 93' lang='lat' dir='ltr'><strong>movit</strong></span> <span class='ocrx_word' id='word_1_32' title='bbox 1921 707 1935 743; x_wconf 92' lang='lat'><strong>:</strong></span> <span class='ocrx_word' id='word_1_33' title='bbox 1966 689 2125 744; x_wconf 82' lang='lat' dir='ltr'><strong>duxit</strong></span> <span class='ocrx_word' id='word_1_34' title='bbox 2147 697 2331 742; x_wconf 89' lang='lat' dir='ltr'><strong>autem</strong></span> 
     </span>
    </p>
   </div>
   <div class='ocr_carea' id='block_1_8' title="bbox 763 775 2329 855">
    <p class='ocr_par' dir='ltr' id='par_1_8' title="bbox 763 775 2329 855">
     <span class='ocr_line' id='line_1_8' title="bbox 763 775 2329 855; baseline -0.008 -15"><span class='ocrx_word' id='word_1_35' title='bbox 763 786 1086 855; x_wconf 85' lang='lat' dir='ltr'><strong>elephantos</strong></span> <span class='ocrx_word' id='word_1_36' title='bbox 1129 796 1350 852; x_wconf 88' lang='lat' dir='ltr'><strong>quoque</strong></span> <span class='ocrx_word' id='word_1_37' title='bbox 1395 779 1855 850; x_wconf 87' lang='lat' dir='ltr'><strong>quamplurimos.</strong></span> <span class='ocrx_word' id='word_1_38' title='bbox 1909 778 2208 847; x_wconf 89' lang='lat' dir='ltr'><strong>Divisoque</strong></span> <span class='ocrx_word' id='word_1_39' title='bbox 2261 775 2329 829; x_wconf 89' lang='lat' dir='ltr'><strong>ad</strong></span> 
     </span>
    </p>
   </div>
   <div class='ocr_carea' id='block_1_9' title="bbox 764 870 2331 936">
    <p class='ocr_par' dir='ltr' id='par_1_9' title="bbox 764 870 2331 936">
     <span class='ocr_line' id='line_1_9' title="bbox 764 870 2331 936; baseline -0.005 -7"><span class='ocrx_word' id='word_1_40' title='bbox 764 877 1113 931; x_wconf 85' lang='lat' dir='ltr'><strong>obsidionem</strong></span> <span class='ocrx_word' id='word_1_41' title='bbox 1146 874 1415 934; x_wconf 83' lang='lat' dir='ltr'><strong>exercitu,</strong></span> <span class='ocrx_word' id='word_1_42' title='bbox 1457 872 1646 925; x_wconf 86' lang='lat' dir='ltr'><strong>urbem</strong></span> <span class='ocrx_word' id='word_1_43' title='bbox 1674 870 2083 936; x_wconf 86' lang='lat' dir='ltr'><strong>circumcinxit,</strong></span> <span class='ocrx_word' id='word_1_44' title='bbox 2130 878 2184 923; x_wconf 90' lang='lat' dir='ltr'><strong>et</strong></span> <span class='ocrx_word' id='word_1_45' title='bbox 2215 881 2331 922; x_wconf 85' lang='lat' dir='ltr'><strong>ma-</strong></span> 
     </span>
    </p>
   </div>
   <div class='ocr_carea' id='block_1_10' title="bbox 763 957 2322 1029">
    <p class='ocr_par' dir='ltr' id='par_1_10' title="bbox 763 957 2322 1029">
     <span class='ocr_line' id='line_1_10' title="bbox 763 957 2322 1029; baseline -0.004 -12"><span class='ocrx_word' id='word_1_46' title='bbox 763 967 955 1020; x_wconf 69' lang='lat' dir='ltr'><strong>chinas</strong></span> <span class='ocrx_word' id='word_1_47' title='bbox 983 963 1277 1026; x_wconf 90' lang='lat' dir='ltr'><strong>exstruxit,</strong></span> <span class='ocrx_word' id='word_1_48' title='bbox 1320 967 1374 1014; x_wconf 90' lang='lat' dir='ltr'><strong>et</strong></span> <span class='ocrx_word' id='word_1_49' title='bbox 1400 960 1814 1029; x_wconf 85' lang='lat' dir='ltr'><strong>propugnacula</strong></span> <span class='ocrx_word' id='word_1_50' title='bbox 1846 957 2156 1023; x_wconf 65' lang='lat' dir='ltr'><strong>aedificavit,</strong></span> <span class='ocrx_word' id='word_1_51' title='bbox 2209 957 2322 1011; x_wconf 89' lang='lat' dir='ltr'><strong>val-</strong></span> 
     </span>
    </p>
   </div>
   <div class='ocr_carea' id='block_1_11' title="bbox 763 1048 2330 1126">
    <p class='ocr_par' dir='ltr' id='par_1_11' title="bbox 763 1048 2330 1126">
     <span class='ocr_line' id='line_1_11' title="bbox 763 1048 2330 1126; baseline -0.006 -15"><span class='ocrx_word' id='word_1_52' title='bbox 763 1058 954 1126; x_wconf 90' lang='lat' dir='ltr'><strong>losque</strong></span> <span class='ocrx_word' id='word_1_53' title='bbox 986 1055 1190 1123; x_wconf 79' lang='lat' dir='ltr'><strong>figens,</strong></span> <span class='ocrx_word' id='word_1_54' title='bbox 1218 1059 1272 1105; x_wconf 89' lang='lat' dir='ltr'><strong>et</strong></span> <span class='ocrx_word' id='word_1_55' title='bbox 1321 1050 1645 1105; x_wconf 90' lang='lat' dir='ltr'><strong>intermedia</strong></span> <span class='ocrx_word' id='word_1_56' title='bbox 1694 1048 1862 1103; x_wconf 89' lang='lat' dir='ltr'><strong>ramis</strong></span> <span class='ocrx_word' id='word_1_57' title='bbox 1895 1048 2133 1103; x_wconf 81' lang='lat' dir='ltr'><strong>cratium</strong></span> <span class='ocrx_word' id='word_1_58' title='bbox 2175 1061 2330 1102; x_wconf 87' lang='lat' dir='ltr'><strong>more</strong></span> 
     </span>
    </p>
   </div>
   <div class='ocr_carea' id='block_1_12' title="bbox 762 1140 2330 1211">
    <p class='ocr_par' dir='ltr' id='par_1_12' title="bbox 762 1140 2330 1211">
     <span class='ocr_line' id='line_1_12' title="bbox 762 1140 2330 1211; baseline -0.005 -12"><span class='ocrx_word' id='word_1_59' title='bbox 762 1156 1082 1208; x_wconf 75' lang='lat' dir='ltr'><strong>contexens,</strong></span> <span class='ocrx_word' id='word_1_60' title='bbox 1131 1143 1341 1197; x_wconf 89' lang='lat' dir='ltr'><strong>milites</strong></span> <span class='ocrx_word' id='word_1_61' title='bbox 1392 1152 1591 1195; x_wconf 89' lang='lat' dir='ltr'><strong>terram</strong></span> <span class='ocrx_word' id='word_1_62' title='bbox 1642 1154 1905 1211; x_wconf 85' lang='lat' dir='ltr'><strong>aggerere</strong></span> <span class='ocrx_word' id='word_1_63' title='bbox 1945 1140 2224 1209; x_wconf 63' lang='lat' dir='ltr'><strong>praecepit,</strong></span> <span class='ocrx_word' id='word_1_64' title='bbox 2276 1146 2330 1192; x_wconf 88' lang='lat' dir='ltr'><strong>et</strong></span> 
     </span>
    </p>
   </div>
   <div class='ocr_carea' id='block_1_13' title="bbox 762 1230 2327 1293">
    <p class='ocr_par' dir='ltr' id='par_1_13' title="bbox 762 1230 2327 1293">
     <span class='ocr_line' id='line_1_13' title="bbox 762 1230 2327 1293; baseline -0.004 -3"><span class='ocrx_word' id='word_1_65' title='bbox 762 1249 948 1293; x_wconf 87' lang='lat' dir='ltr'><strong>turres</strong></span> <span class='ocrx_word' id='word_1_66' title='bbox 995 1244 1190 1292; x_wconf 82' lang='lat' dir='ltr'><strong>contra</strong></span> <span class='ocrx_word' id='word_1_67' title='bbox 1232 1245 1411 1289; x_wconf 89' lang='lat' dir='ltr'><strong>turres</strong></span> <span class='ocrx_word' id='word_1_68' title='bbox 1454 1231 1716 1288; x_wconf 86' lang='lat' dir='ltr'><strong>excitare.</strong></span> <span class='ocrx_word' id='word_1_69' title='bbox 1760 1230 1968 1285; x_wconf 87' lang='lat' dir='ltr'><strong>Deinde</strong></span> <span class='ocrx_word' id='word_1_70' title='bbox 2017 1231 2073 1285; x_wconf 92' lang='lat' dir='ltr'><strong>in</strong></span> <span class='ocrx_word' id='word_1_71' title='bbox 2113 1232 2194 1286; x_wconf 89' lang='lat' dir='ltr'><strong>eis</strong></span> <span class='ocrx_word' id='word_1_72' title='bbox 2234 1246 2327 1286; x_wconf 88' lang='lat' dir='ltr'><strong>sa-</strong></span> 
     </span>
    </p>
   </div>
   <div class='ocr_carea' id='block_1_14' title="bbox 761 1322 2327 1396">
    <p class='ocr_par' dir='ltr' id='par_1_14' title="bbox 761 1322 2327 1396">
     <span class='ocr_line' id='line_1_14' title="bbox 761 1322 2327 1396; baseline -0.002 -16"><span class='ocrx_word' id='word_1_73' title='bbox 761 1328 1012 1396; x_wconf 76' lang='lat' dir='ltr'><strong>gittarios</strong></span> <span class='ocrx_word' id='word_1_74' title='bbox 1068 1327 1382 1390; x_wconf 88' lang='lat' dir='ltr'><strong>collocans,</strong></span> <span class='ocrx_word' id='word_1_75' title='bbox 1427 1333 1481 1378; x_wconf 91' lang='lat' dir='ltr'><strong>et</strong></span> <span class='ocrx_word' id='word_1_76' title='bbox 1521 1323 1630 1377; x_wconf 88' lang='lat' dir='ltr'><strong>tela</strong></span> <span class='ocrx_word' id='word_1_77' title='bbox 1678 1323 1732 1376; x_wconf 93' lang='lat' dir='ltr'><strong>in</strong></span> <span class='ocrx_word' id='word_1_78' title='bbox 1774 1336 1871 1377; x_wconf 92' lang='lat' dir='ltr'><strong>eos</strong></span> <span class='ocrx_word' id='word_1_79' title='bbox 1917 1322 2010 1391; x_wconf 90' lang='lat' dir='ltr'><strong>qui</strong></span> <span class='ocrx_word' id='word_1_80' title='bbox 2060 1322 2113 1376; x_wconf 90' lang='lat' dir='ltr'><strong>in</strong></span> <span class='ocrx_word' id='word_1_81' title='bbox 2153 1322 2327 1377; x_wconf 90' lang='lat' dir='ltr'><strong>muris</strong></span> 
     </span>
    </p>
   </div>
   <div class='ocr_carea' id='block_1_15' title="bbox 761 1410 2325 1484">
    <p class='ocr_par' dir='ltr' id='par_1_15' title="bbox 761 1410 2325 1484">
     <span class='ocr_line' id='line_1_15' title="bbox 761 1410 2325 1484; baseline -0.002 -16"><span class='ocrx_word' id='word_1_82' title='bbox 761 1425 923 1470; x_wconf 68' lang='lat' dir='ltr'><strong>erant</strong></span> <span class='ocrx_word' id='word_1_83' title='bbox 951 1416 1168 1470; x_wconf 87' lang='lat' dir='ltr'><strong>mittere</strong></span> <span class='ocrx_word' id='word_1_84' title='bbox 1188 1415 1407 1484; x_wconf 75' lang='lat' dir='ltr'><strong>iubens,</strong></span> <span class='ocrx_word' id='word_1_85' title='bbox 1432 1413 1570 1467; x_wconf 88' lang='lat' dir='ltr'><strong>alios</strong></span> <span class='ocrx_word' id='word_1_86' title='bbox 1600 1410 1834 1467; x_wconf 87' lang='lat' dir='ltr'><strong>inferius</strong></span> <span class='ocrx_word' id='word_1_87' title='bbox 1871 1410 2078 1474; x_wconf 84' lang='lat' dir='ltr'><strong>fodere,</strong></span> <span class='ocrx_word' id='word_1_88' title='bbox 2106 1426 2325 1465; x_wconf 87' lang='lat' dir='ltr'><strong>muros-</strong></span> 
     </span>
    </p>
   </div>
   <div class='ocr_carea' id='block_1_16' title="bbox 761 1503 2328 1577">
    <p class='ocr_par' dir='ltr' id='par_1_16' title="bbox 761 1503 2328 1577">
     <span class='ocr_line' id='line_1_16' title="bbox 761 1503 2328 1577; baseline -0.001 -18"><span class='ocrx_word' id='word_1_89' title='bbox 761 1524 870 1577; x_wconf 81' lang='lat' dir='ltr'><strong>que</strong></span> <span class='ocrx_word' id='word_1_90' title='bbox 921 1508 1183 1562; x_wconf 84' lang='lat' dir='ltr'><strong>subruere</strong></span> <span class='ocrx_word' id='word_1_91' title='bbox 1222 1506 1532 1575; x_wconf 75' lang='lat' dir='ltr'><strong>imperavit.</strong></span> <span class='ocrx_word' id='word_1_92' title='bbox 1564 1503 1665 1556; x_wconf 89' lang='lat' dir='ltr'><strong>Ubi</strong></span> <span class='ocrx_word' id='word_1_93' title='bbox 1720 1518 1853 1557; x_wconf 91' lang='lat' dir='ltr'><strong>vero</strong></span> <span class='ocrx_word' id='word_1_94' title='bbox 1903 1503 2057 1556; x_wconf 90' lang='lat' dir='ltr'><strong>irrita</strong></span> <span class='ocrx_word' id='word_1_95' title='bbox 2101 1516 2328 1557; x_wconf 85' lang='lat' dir='ltr'><strong>evasere</strong></span> 
     </span>
    </p>
   </div>
   <div class='ocr_carea' id='block_1_17' title="bbox 760 1592 2326 1665">
    <p class='ocr_par' dir='ltr' id='par_1_17' title="bbox 760 1592 2326 1665">
     <span class='ocr_line' id='line_1_17' title="bbox 760 1592 2326 1665; baseline -0.004 -13"><span class='ocrx_word' id='word_1_96' title='bbox 760 1600 978 1660; x_wconf 81' lang='lat' dir='ltr'><strong>omnia,</strong></span> <span class='ocrx_word' id='word_1_97' title='bbox 1024 1598 1203 1653; x_wconf 87' lang='lat' dir='ltr'><strong>sancti</strong></span> <span class='ocrx_word' id='word_1_98' title='bbox 1253 1597 1353 1650; x_wconf 88' lang='lat' dir='ltr'><strong>viri</strong></span> <span class='ocrx_word' id='word_1_99' title='bbox 1396 1593 1663 1665; x_wconf 26' lang='lat' dir='ltr'><strong>precibus.</strong></span> <span class='ocrx_word' id='word_1_100' title='bbox 1704 1592 2012 1647; x_wconf 80' lang='lat' dir='ltr'><strong>disturbata</strong></span> <span class='ocrx_word' id='word_1_101' title='bbox 2039 1632 2054 1657; x_wconf 91' lang='lat'><strong>,</strong></span> <span class='ocrx_word' id='word_1_102' title='bbox 2106 1592 2326 1647; x_wconf 85' lang='lat' dir='ltr'><strong>tandem</strong></span> 
     </span>
    </p>
   </div>
   <div class='ocr_carea' id='block_1_18' title="bbox 761 1685 2325 1759">
    <p class='ocr_par' dir='ltr' id='par_1_18' title="bbox 761 1685 2325 1759">
     <span class='ocr_line' id='line_1_18' title="bbox 761 1685 2325 1759; baseline -0.004 -16"><span class='ocrx_word' id='word_1_103' title='bbox 761 1690 1203 1759; x_wconf 67' lang='lat' dir='ltr'><strong>praeterlabentis</strong></span> <span class='ocrx_word' id='word_1_104' title='bbox 1250 1687 1400 1741; x_wconf 86' lang='lat' dir='ltr'><strong>ﬂuvii</strong></span> <span class='ocrx_word' id='word_1_105' title='bbox 1431 1701 1679 1751; x_wconf 87' lang='lat' dir='ltr'><strong>cursum,</strong></span> <span class='ocrx_word' id='word_1_106' title='bbox 1711 1686 2009 1739; x_wconf 90' lang='lat' dir='ltr'><strong>multorum</strong></span> <span class='ocrx_word' id='word_1_107' title='bbox 2041 1685 2325 1738; x_wconf 89' lang='lat' dir='ltr'><strong>hominum</strong></span> 
     </span>
    </p>
   </div>
   <div class='ocr_carea' id='block_1_19' title="bbox 761 1776 2331 1853">
    <p class='ocr_par' dir='ltr' id='par_1_19' title="bbox 761 1776 2331 1853">
     <span class='ocr_line' id='line_1_19' title="bbox 761 1776 2331 1853; baseline -0.003 -17"><span class='ocrx_word' id='word_1_108' title='bbox 761 1798 929 1853; x_wconf 85' lang='lat' dir='ltr'><strong>opera</strong></span> <span class='ocrx_word' id='word_1_109' title='bbox 961 1783 1241 1843; x_wconf 90' lang='lat' dir='ltr'><strong>inhibens,</strong></span> <span class='ocrx_word' id='word_1_110' title='bbox 1272 1796 1396 1835; x_wconf 90' lang='lat' dir='ltr'><strong>cum</strong></span> <span class='ocrx_word' id='word_1_111' title='bbox 1436 1792 1702 1847; x_wconf 65' lang='lat' dir='ltr'><strong>repressae</strong></span> <span class='ocrx_word' id='word_1_112' title='bbox 1729 1776 2002 1847; x_wconf 86' lang='lat' dir='ltr'><strong>oppositis</strong></span> <span class='ocrx_word' id='word_1_113' title='bbox 2034 1777 2331 1845; x_wconf 78' lang='lat' dir='ltr'><strong>aggeribus</strong></span> 
     </span>
    </p>
   </div>
   <div class='ocr_carea' id='block_1_20' title="bbox 759 1868 2325 1944">
    <p class='ocr_par' dir='ltr' id='par_1_20' title="bbox 759 1868 2325 1944">
     <span class='ocr_line' id='line_1_20' title="bbox 759 1868 2325 1944; baseline -0.003 -17"><span class='ocrx_word' id='word_1_114' title='bbox 759 1890 917 1944; x_wconf 64' lang='lat' dir='ltr'><strong>aqua!</strong></span> <span class='ocrx_word' id='word_1_115' title='bbox 941 1874 1045 1927; x_wconf 87' lang='lat' dir='ltr'><strong>vim</strong></span> <span class='ocrx_word' id='word_1_116' title='bbox 1081 1872 1372 1926; x_wconf 89' lang='lat' dir='ltr'><strong>maximam</strong></span> <span class='ocrx_word' id='word_1_117' title='bbox 1402 1869 1735 1939; x_wconf 80' lang='lat' dir='ltr'><strong>collegisset,</strong></span> <span class='ocrx_word' id='word_1_118' title='bbox 1764 1876 1992 1938; x_wconf 89' lang='lat' dir='ltr'><strong>repente</strong></span> <span class='ocrx_word' id='word_1_119' title='bbox 2021 1868 2074 1921; x_wconf 92' lang='lat' dir='ltr'><strong>in</strong></span> <span class='ocrx_word' id='word_1_120' title='bbox 2104 1883 2325 1922; x_wconf 89' lang='lat' dir='ltr'><strong>murum</strong></span> 
     </span>
    </p>
   </div>
   <div class='ocr_carea' id='block_1_21' title="bbox 759 1959 2329 2031">
    <p class='ocr_par' dir='ltr' id='par_1_21' title="bbox 759 1959 2329 2031">
     <span class='ocr_line' id='line_1_21' title="bbox 759 1959 2329 2031; baseline -0.004 -11"><span class='ocrx_word' id='word_1_121' title='bbox 759 1973 780 1988; x_wconf 83' lang='lat'><strong><em>‘</em></strong></span> <span class='ocrx_word' id='word_1_122' title='bbox 807 1981 908 2020; x_wconf 90' lang='lat' dir='ltr'><strong>ceu</strong></span> <span class='ocrx_word' id='word_1_123' title='bbox 950 1963 1490 2019; x_wconf 88' lang='lat' dir='ltr'><strong>vehementissimam</strong></span> <span class='ocrx_word' id='word_1_124' title='bbox 1531 1960 1822 2031; x_wconf 86' lang='lat' dir='ltr'><strong>quamdam</strong></span> <span class='ocrx_word' id='word_1_125' title='bbox 1869 1959 2178 2013; x_wconf 87' lang='lat' dir='ltr'><strong>machinam</strong></span> <span class='ocrx_word' id='word_1_126' title='bbox 2225 1961 2329 2013; x_wconf 87' lang='lat' dir='ltr'><strong>im-</strong></span> 
     </span>
    </p>
   </div>
   <div class='ocr_carea' id='block_1_22' title="bbox 758 2052 2328 2127">
    <p class='ocr_par' dir='ltr' id='par_1_22' title="bbox 758 2052 2328 2127">
     <span class='ocr_line' id='line_1_22' title="bbox 758 2052 2328 2127; baseline -0.005 -15"><span class='ocrx_word' id='word_1_127' title='bbox 758 2058 952 2112; x_wconf 85' lang='lat' dir='ltr'><strong>misit:</strong></span> <span class='ocrx_word' id='word_1_128' title='bbox 985 2056 1081 2127; x_wconf 89' lang='lat' dir='ltr'><strong>qui</strong></span> <span class='ocrx_word' id='word_1_129' title='bbox 1108 2057 1217 2109; x_wconf 82' lang='lat' dir='ltr'><strong>vim</strong></span> <span class='ocrx_word' id='word_1_130' title='bbox 1245 2068 1402 2125; x_wconf 67' lang='lat' dir='ltr'><strong>aqua:</strong></span> <span class='ocrx_word' id='word_1_131' title='bbox 1433 2052 1582 2109; x_wconf 86' lang='lat' dir='ltr'><strong>ferre</strong></span> <span class='ocrx_word' id='word_1_132' title='bbox 1625 2068 1733 2107; x_wconf 94' lang='lat' dir='ltr'><strong>non</strong></span> <span class='ocrx_word' id='word_1_133' title='bbox 1773 2053 1994 2118; x_wconf 86' lang='lat' dir='ltr'><strong>valens,</strong></span> <span class='ocrx_word' id='word_1_134' title='bbox 2042 2053 2163 2122; x_wconf 85' lang='lat' dir='ltr'><strong>ejus</strong></span> <span class='ocrx_word' id='word_1_135' title='bbox 2223 2052 2328 2106; x_wconf 91' lang='lat' dir='ltr'><strong>im-</strong></span> 
     </span>
    </p>
   </div>
   <div class='ocr_carea' id='block_1_23' title="bbox 758 2143 2326 2219">
    <p class='ocr_par' dir='ltr' id='par_1_23' title="bbox 758 2143 2326 2219">
     <span class='ocr_line' id='line_1_23' title="bbox 758 2143 2326 2219; baseline -0.004 -14"><span class='ocrx_word' id='word_1_136' title='bbox 758 2158 890 2219; x_wconf 74' lang='lat' dir='ltr'><strong>petu</strong></span> <span class='ocrx_word' id='word_1_137' title='bbox 920 2163 1227 2204; x_wconf 90' lang='lat' dir='ltr'><strong>concussus</strong></span> <span class='ocrx_word' id='word_1_138' title='bbox 1251 2148 1340 2199; x_wconf 90' lang='lat' dir='ltr'><strong>illa</strong></span> <span class='ocrx_word' id='word_1_139' title='bbox 1376 2146 1429 2199; x_wconf 92' lang='lat' dir='ltr'><strong>in</strong></span> <span class='ocrx_word' id='word_1_140' title='bbox 1460 2153 1613 2214; x_wconf 86' lang='lat' dir='ltr'><strong>parte</strong></span> <span class='ocrx_word' id='word_1_141' title='bbox 1636 2144 1886 2200; x_wconf 84' lang='lat' dir='ltr'><strong>funditus</strong></span> <span class='ocrx_word' id='word_1_142' title='bbox 1918 2146 2153 2200; x_wconf 87' lang='lat' dir='ltr'><strong>corruit.</strong></span> <span class='ocrx_word' id='word_1_143' title='bbox 2185 2143 2326 2199; x_wconf 88' lang='lat' dir='ltr'><strong>Tum</strong></span> 
     </span>
    </p>
   </div>
   <div class='ocr_carea' id='block_1_24' title="bbox 756 2234 2327 2308">
    <p class='ocr_par' dir='ltr' id='par_1_24' title="bbox 756 2234 2327 2308">
     <span class='ocr_line' id='line_1_24' title="bbox 756 2234 2327 2308; baseline -0.004 -15"><span class='ocrx_word' id='word_1_144' title='bbox 756 2240 836 2294; x_wconf 86' lang='lat' dir='ltr'><strong>illi</strong></span> <span class='ocrx_word' id='word_1_145' title='bbox 871 2252 1126 2308; x_wconf 81' lang='lat' dir='ltr'><strong>magnum</strong></span> <span class='ocrx_word' id='word_1_146' title='bbox 1185 2236 1480 2290; x_wconf 88' lang='lat' dir='ltr'><strong>clamorem</strong></span> <span class='ocrx_word' id='word_1_147' title='bbox 1548 2234 1918 2298; x_wconf 88' lang='lat' dir='ltr'><strong>sustulerunt,</strong></span> <span class='ocrx_word' id='word_1_148' title='bbox 1970 2236 2130 2307; x_wconf 85' lang='lat' dir='ltr'><strong>quasi</strong></span> <span class='ocrx_word' id='word_1_149' title='bbox 2195 2235 2327 2290; x_wconf 90' lang='lat' dir='ltr'><strong>urbs</strong></span> 
     </span>
    </p>
   </div>
   <div class='ocr_carea' id='block_1_25' title="bbox 756 2328 2325 2400">
    <p class='ocr_par' dir='ltr' id='par_1_25' title="bbox 756 2328 2325 2400">
     <span class='ocr_line' id='line_1_25' title="bbox 756 2328 2325 2400; baseline 0.001 -17"><span class='ocrx_word' id='word_1_150' title='bbox 756 2336 921 2399; x_wconf 89' lang='lat' dir='ltr'><strong>captu</strong></span> <span class='ocrx_word' id='word_1_151' title='bbox 962 2328 1138 2383; x_wconf 84' lang='lat' dir='ltr'><strong>facilis</strong></span> <span class='ocrx_word' id='word_1_152' title='bbox 1181 2328 1294 2398; x_wconf 90' lang='lat' dir='ltr'><strong>jam</strong></span> <span class='ocrx_word' id='word_1_153' title='bbox 1344 2337 1491 2384; x_wconf 88' lang='lat' dir='ltr'><strong>esset</strong></span> <span class='ocrx_word' id='word_1_154' title='bbox 1522 2330 1809 2400; x_wconf 88' lang='lat' dir='ltr'><strong>(magnum</strong></span> <span class='ocrx_word' id='word_1_155' title='bbox 1863 2330 2068 2400; x_wconf 89' lang='lat' dir='ltr'><strong>quippe</strong></span> <span class='ocrx_word' id='word_1_156' title='bbox 2119 2331 2325 2386; x_wconf 90' lang='lat' dir='ltr'><strong>civium</strong></span> 
     </span>
    </p>
   </div>
   <div class='ocr_carea' id='block_1_26' title="bbox 755 2417 2323 2490">
    <p class='ocr_par' dir='ltr' id='par_1_26' title="bbox 755 2417 2323 2490">
     <span class='ocr_line' id='line_1_26' title="bbox 755 2417 2323 2490; baseline 0.003 -21"><span class='ocrx_word' id='word_1_157' title='bbox 755 2432 973 2471; x_wconf 86' lang='lat' dir='ltr'><strong>murum</strong></span> <span class='ocrx_word' id='word_1_158' title='bbox 1008 2417 1377 2490; x_wconf 73' lang='lat' dir='ltr'><strong>ignorabant);</strong></span> <span class='ocrx_word' id='word_1_159' title='bbox 1429 2418 1696 2475; x_wconf 89' lang='lat' dir='ltr'><strong>distulere</strong></span> <span class='ocrx_word' id='word_1_160' title='bbox 1720 2426 1903 2477; x_wconf 84' lang='lat' dir='ltr'><strong>tamen</strong></span> <span class='ocrx_word' id='word_1_161' title='bbox 1936 2420 2323 2489; x_wconf 87' lang='lat' dir='ltr'><strong>irruptionem,</strong></span> 
     </span>
    </p>
   </div>
   <div class='ocr_carea' id='block_1_27' title="bbox 756 2507 2322 2579">
    <p class='ocr_par' dir='ltr' id='par_1_27' title="bbox 756 2507 2322 2579">
     <span class='ocr_line' id='line_1_27' title="bbox 756 2507 2322 2579; baseline 0.002 -18"><span class='ocrx_word' id='word_1_162' title='bbox 756 2507 909 2577; x_wconf 82' lang='lat' dir='ltr'><strong>quod</strong></span> <span class='ocrx_word' id='word_1_163' title='bbox 936 2508 1190 2562; x_wconf 88' lang='lat' dir='ltr'><strong>viderent</strong></span> <span class='ocrx_word' id='word_1_164' title='bbox 1216 2508 1406 2562; x_wconf 87' lang='lat' dir='ltr'><strong>urbem</strong></span> <span class='ocrx_word' id='word_1_165' title='bbox 1442 2518 1572 2565; x_wconf 90' lang='lat' dir='ltr'><strong>tunc</strong></span> <span class='ocrx_word' id='word_1_166' title='bbox 1600 2510 1740 2564; x_wconf 92' lang='lat' dir='ltr'><strong>adiri</strong></span> <span class='ocrx_word' id='word_1_167' title='bbox 1765 2516 1990 2579; x_wconf 89' lang='lat' dir='ltr'><strong>propter</strong></span> <span class='ocrx_word' id='word_1_168' title='bbox 2013 2525 2186 2579; x_wconf 87' lang='lat' dir='ltr'><strong>aquas</strong></span> <span class='ocrx_word' id='word_1_169' title='bbox 2215 2525 2322 2564; x_wconf 94' lang='lat' dir='ltr'><strong>non</strong></span> 
     </span>
    </p>
   </div>
   <div class='ocr_carea' id='block_1_28' title="bbox 755 2596 2326 2669">
    <p class='ocr_par' dir='ltr' id='par_1_28' title="bbox 755 2596 2326 2669">
     <span class='ocr_line' id='line_1_28' title="bbox 755 2596 2326 2669; baseline 0.001 -17"><span class='ocrx_word' id='word_1_170' title='bbox 755 2613 941 2667; x_wconf 84' lang='lat' dir='ltr'><strong>posse.</strong></span> <span class='ocrx_word' id='word_1_171' title='bbox 979 2596 1169 2668; x_wconf 83' lang='lat' dir='ltr'><strong>Itaque</strong></span> <span class='ocrx_word' id='word_1_172' title='bbox 1200 2599 1421 2667; x_wconf 83' lang='lat' dir='ltr'><strong>longius</strong></span> <span class='ocrx_word' id='word_1_173' title='bbox 1448 2598 1808 2663; x_wconf 88' lang='lat' dir='ltr'><strong>recedentes,</strong></span> <span class='ocrx_word' id='word_1_174' title='bbox 1858 2599 2017 2669; x_wconf 87' lang='lat' dir='ltr'><strong>quasi</strong></span> <span class='ocrx_word' id='word_1_175' title='bbox 2043 2614 2086 2652; x_wconf 77' lang='lat' dir='ltr'><strong>~a</strong></span> <span class='ocrx_word' id='word_1_176' title='bbox 2137 2599 2326 2653; x_wconf 91' lang='lat' dir='ltr'><strong>labore</strong></span> 
     </span>
    </p>
   </div>
   <div class='ocr_carea' id='block_1_29' title="bbox 753 2689 2325 2760">
    <p class='ocr_par' dir='ltr' id='par_1_29' title="bbox 753 2689 2325 2760">
     <span class='ocr_line' id='line_1_29' title="bbox 753 2689 2325 2760; baseline 0.001 -19"><span class='ocrx_word' id='word_1_177' title='bbox 753 2690 1116 2758; x_wconf 86' lang='lat' dir='ltr'><strong>respirarent,</strong></span> <span class='ocrx_word' id='word_1_178' title='bbox 1152 2696 1208 2743; x_wconf 82' lang='lat' dir='ltr'><strong>et</strong></span> <span class='ocrx_word' id='word_1_179' title='bbox 1242 2689 1600 2759; x_wconf 81' lang='lat' dir='ltr'><strong>quiescebant</strong></span> <span class='ocrx_word' id='word_1_180' title='bbox 1652 2689 1781 2759; x_wconf 88' lang='lat' dir='ltr'><strong>ipsi.</strong></span> <span class='ocrx_word' id='word_1_181' title='bbox 1835 2699 1890 2744; x_wconf 93' lang='lat' dir='ltr'><strong>et</strong></span> <span class='ocrx_word' id='word_1_182' title='bbox 1933 2705 2107 2760; x_wconf 91' lang='lat' dir='ltr'><strong>equos</strong></span> <span class='ocrx_word' id='word_1_183' title='bbox 2158 2705 2325 2745; x_wconf 88' lang='lat' dir='ltr'><strong>cura-</strong></span> 
     </span>
    </p>
   </div>
   <div class='ocr_carea' id='block_1_30' title="bbox 755 2776 2323 2848">
    <p class='ocr_par' dir='ltr' id='par_1_30' title="bbox 755 2776 2323 2848">
     <span class='ocr_line' id='line_1_30' title="bbox 755 2776 2323 2848; baseline 0.002 -18"><span class='ocrx_word' id='word_1_184' title='bbox 755 2776 909 2830; x_wconf 86' lang='lat' dir='ltr'><strong>bant.</strong></span> <span class='ocrx_word' id='word_1_185' title='bbox 943 2777 1141 2831; x_wconf 69' lang='lat' dir='ltr'><strong>Incolae</strong></span> <span class='ocrx_word' id='word_1_186' title='bbox 1176 2786 1358 2831; x_wconf 91' lang='lat' dir='ltr'><strong>autem</strong></span> <span class='ocrx_word' id='word_1_187' title='bbox 1387 2778 1737 2834; x_wconf 88' lang='lat' dir='ltr'><strong>ardentiores</strong></span> <span class='ocrx_word' id='word_1_188' title='bbox 1765 2778 1819 2831; x_wconf 89' lang='lat' dir='ltr'><strong>in</strong></span> <span class='ocrx_word' id='word_1_189' title='bbox 1851 2794 2042 2848; x_wconf 83' lang='lat' dir='ltr'><strong>preces</strong></span> <span class='ocrx_word' id='word_1_190' title='bbox 2066 2780 2323 2834; x_wconf 79' lang='lat' dir='ltr'><strong>Conversi</strong></span> 
     </span>
    </p>
   </div>
   <div class='ocr_carea' id='block_1_31' title="bbox 758 2865 2321 2936">
    <p class='ocr_par' dir='ltr' id='par_1_31' title="bbox 758 2865 2321 2936">
     <span class='ocr_line' id='line_1_31' title="bbox 758 2865 2321 2936; baseline 0.003 -17"><span class='ocrx_word' id='word_1_191' title='bbox 758 2874 913 2930; x_wconf 87' lang='lat' dir='ltr'><strong>sunt,</strong></span> <span class='ocrx_word' id='word_1_192' title='bbox 951 2882 1208 2936; x_wconf 85' lang='lat' dir='ltr'><strong>magnum</strong></span> <span class='ocrx_word' id='word_1_193' title='bbox 1241 2865 1507 2922; x_wconf 72' lang='lat' dir='ltr'><strong>Iacobum</strong></span> <span class='ocrx_word' id='word_1_194' title='bbox 1552 2869 1978 2924; x_wconf 89' lang='lat' dir='ltr'><strong>intercessorem</strong></span> <span class='ocrx_word' id='word_1_195' title='bbox 2029 2870 2321 2925; x_wconf 90' lang='lat' dir='ltr'><strong>habentes.</strong></span> 
     </span>
    </p>
   </div>
   <div class='ocr_carea' id='block_1_32' title="bbox 754 2958 2323 3031">
    <p class='ocr_par' dir='ltr' id='par_1_32' title="bbox 754 2958 2323 3031">
     <span class='ocr_line' id='line_1_32' title="bbox 754 2958 2323 3031; baseline 0.002 -18"><span class='ocrx_word' id='word_1_196' title='bbox 754 2963 829 3013; x_wconf 79' lang='lat' dir='ltr'><strong>At</strong></span> <span class='ocrx_word' id='word_1_197' title='bbox 861 2959 957 3029; x_wconf 87' lang='lat' dir='ltr'><strong>qui</strong></span> <span class='ocrx_word' id='word_1_198' title='bbox 987 2968 1145 3014; x_wconf 65' lang='lat' dir='ltr'><strong>aetate</strong></span> <span class='ocrx_word' id='word_1_199' title='bbox 1182 2958 1362 3014; x_wconf 91' lang='lat' dir='ltr'><strong>adhuc</strong></span> <span class='ocrx_word' id='word_1_200' title='bbox 1395 2960 1671 3031; x_wconf 85' lang='lat' dir='ltr'><strong>vigebant,</strong></span> <span class='ocrx_word' id='word_1_201' title='bbox 1700 2976 1865 3030; x_wconf 91' lang='lat' dir='ltr'><strong>quam</strong></span> <span class='ocrx_word' id='word_1_202' title='bbox 1899 2961 2135 3015; x_wconf 89' lang='lat' dir='ltr'><strong>maxima</strong></span> <span class='ocrx_word' id='word_1_203' title='bbox 2168 2968 2323 3029; x_wconf 88' lang='lat' dir='ltr'><strong>pote-</strong></span> 
     </span>
    </p>
   </div>
   <div class='ocr_carea' id='block_1_33' title="bbox 752 3050 2321 3122">
    <p class='ocr_par' dir='ltr' id='par_1_33' title="bbox 752 3050 2321 3122">
     <span class='ocr_line' id='line_1_33' title="bbox 752 3050 2321 3122; baseline 0.001 -20"><span class='ocrx_word' id='word_1_204' title='bbox 752 3059 880 3103; x_wconf 84' lang='lat' dir='ltr'><strong>rant</strong></span> <span class='ocrx_word' id='word_1_205' title='bbox 905 3050 1263 3104; x_wconf 90' lang='lat' dir='ltr'><strong>contentione</strong></span> <span class='ocrx_word' id='word_1_206' title='bbox 1285 3065 1474 3106; x_wconf 91' lang='lat' dir='ltr'><strong>muros</strong></span> <span class='ocrx_word' id='word_1_207' title='bbox 1502 3052 1909 3115; x_wconf 83' lang='lat' dir='ltr'><strong>instaurarunt,</strong></span> <span class='ocrx_word' id='word_1_208' title='bbox 1937 3066 2040 3106; x_wconf 76' lang='lat' dir='ltr'><strong>nec</strong></span> <span class='ocrx_word' id='word_1_209' title='bbox 2071 3052 2321 3122; x_wconf 90' lang='lat' dir='ltr'><strong>pulchri-</strong></span> 
     </span>
    </p>
   </div>
   <div class='ocr_carea' id='block_1_34' title="bbox 752 3142 2315 3209">
    <p class='ocr_par' dir='ltr' id='par_1_34' title="bbox 752 3142 2315 3209">
     <span class='ocr_line' id='line_1_34' title="bbox 752 3142 2315 3209; baseline 0.004 -14"><span class='ocrx_word' id='word_1_210' title='bbox 752 3142 987 3205; x_wconf 88' lang='lat' dir='ltr'><strong>tudinis,</strong></span> <span class='ocrx_word' id='word_1_211' title='bbox 1026 3157 1125 3197; x_wconf 92' lang='lat' dir='ltr'><strong>nec</strong></span> <span class='ocrx_word' id='word_1_212' title='bbox 1154 3143 1547 3198; x_wconf 90' lang='lat' dir='ltr'><strong>concinnitatis</strong></span> <span class='ocrx_word' id='word_1_213' title='bbox 1574 3145 1845 3199; x_wconf 87' lang='lat' dir='ltr'><strong>rationem</strong></span> <span class='ocrx_word' id='word_1_214' title='bbox 1883 3144 2173 3209; x_wconf 84' lang='lat' dir='ltr'><strong>habentes,</strong></span> <span class='ocrx_word' id='word_1_215' title='bbox 2223 3146 2315 3202; x_wconf 92' lang='lat' dir='ltr'><strong>sed</strong></span> 
     </span>
    </p>
   </div>
   <div class='ocr_carea' id='block_1_35' title="bbox 752 3236 2314 3307">
    <p class='ocr_par' dir='ltr' id='par_1_35' title="bbox 752 3236 2314 3307">
     <span class='ocr_line' id='line_1_35' title="bbox 752 3236 2314 3307; baseline 0.004 -19"><span class='ocrx_word' id='word_1_216' title='bbox 752 3236 937 3288; x_wconf 89' lang='lat' dir='ltr'><strong>omnia</strong></span> <span class='ocrx_word' id='word_1_217' title='bbox 970 3242 1174 3288; x_wconf 84' lang='lat' dir='ltr'><strong>temere</strong></span> <span class='ocrx_word' id='word_1_218' title='bbox 1206 3243 1623 3303; x_wconf 84' lang='lat' dir='ltr'><strong>componentes,</strong></span> <span class='ocrx_word' id='word_1_219' title='bbox 1653 3245 1707 3291; x_wconf 87' lang='lat' dir='ltr'><strong>et</strong></span> <span class='ocrx_word' id='word_1_220' title='bbox 1735 3238 1969 3307; x_wconf 87' lang='lat' dir='ltr'><strong>lapides,</strong></span> <span class='ocrx_word' id='word_1_221' title='bbox 2011 3248 2064 3294; x_wconf 90' lang='lat' dir='ltr'><strong>et</strong></span> <span class='ocrx_word' id='word_1_222' title='bbox 2092 3240 2314 3304; x_wconf 87' lang='lat' dir='ltr'><strong>lateres,</strong></span> 
     </span>
    </p>
   </div>
   <div class='ocr_carea' id='block_1_36' title="bbox 752 3324 2322 3399">
    <p class='ocr_par' dir='ltr' id='par_1_36' title="bbox 752 3324 2322 3399">
     <span class='ocr_line' id='line_1_36' title="bbox 752 3324 2322 3399; baseline 0.004 -20"><span class='ocrx_word' id='word_1_223' title='bbox 752 3336 811 3379; x_wconf 88' lang='lat' dir='ltr'><strong>et</strong></span> <span class='ocrx_word' id='word_1_224' title='bbox 838 3324 1103 3395; x_wconf 85' lang='lat' dir='ltr'><strong>quidquid</strong></span> <span class='ocrx_word' id='word_1_225' title='bbox 1137 3326 1517 3395; x_wconf 88' lang='lat' dir='ltr'><strong>unusquisque</strong></span> <span class='ocrx_word' id='word_1_226' title='bbox 1549 3327 1839 3382; x_wconf 88' lang='lat' dir='ltr'><strong>attulerat:</strong></span> <span class='ocrx_word' id='word_1_227' title='bbox 1879 3330 2097 3399; x_wconf 77' lang='lat'><strong>1118</strong></span> <span class='ocrx_word' id='word_1_228' title='bbox 2143 3346 2322 3399; x_wconf 83' lang='lat' dir='ltr'><strong>eoque</strong></span> 
     </span>
    </p>
   </div>
   <div class='ocr_carea' id='block_1_37' title="bbox 754 3418 2322 3486">
    <p class='ocr_par' dir='ltr' id='par_1_37' title="bbox 754 3418 2322 3486">
     <span class='ocr_line' id='line_1_37' title="bbox 754 3418 2322 3486; baseline 0.005 -17"><span class='ocrx_word' id='word_1_229' title='bbox 754 3427 916 3471; x_wconf 87' lang='lat' dir='ltr'><strong>nocte</strong></span> <span class='ocrx_word' id='word_1_230' title='bbox 953 3431 1061 3469; x_wconf 88' lang='lat' dir='ltr'><strong>una</strong></span> <span class='ocrx_word' id='word_1_231' title='bbox 1090 3431 1234 3486; x_wconf 88' lang='lat' dir='ltr'><strong>opus</strong></span> <span class='ocrx_word' id='word_1_232' title='bbox 1269 3418 1565 3486; x_wconf 83' lang='lat' dir='ltr'><strong>processit,</strong></span> <span class='ocrx_word' id='word_1_233' title='bbox 1600 3428 1654 3474; x_wconf 87' lang='lat' dir='ltr'><strong>et</strong></span> <span class='ocrx_word' id='word_1_234' title='bbox 1687 3420 1741 3474; x_wconf 81' lang='lat' dir='ltr'><strong>in</strong></span> <span class='ocrx_word' id='word_1_235' title='bbox 1788 3429 1997 3475; x_wconf 87' lang='lat' dir='ltr'><strong>tantam</strong></span> <span class='ocrx_word' id='word_1_236' title='bbox 2029 3422 2202 3477; x_wconf 89' lang='lat' dir='ltr'><strong>crevit</strong></span> <span class='ocrx_word' id='word_1_237' title='bbox 2242 3425 2322 3477; x_wconf 85' lang='lat' dir='ltr'><strong>al-</strong></span> 
     </span>
    </p>
   </div>
   <div class='ocr_carea' id='block_1_38' title="bbox 752 3509 2321 3580">
    <p class='ocr_par' dir='ltr' id='par_1_38' title="bbox 752 3509 2321 3580">
     <span class='ocr_line' id='line_1_38' title="bbox 752 3509 2321 3580; baseline 0.005 -20"><span class='ocrx_word' id='word_1_238' title='bbox 752 3509 1067 3571; x_wconf 81' lang='lat' dir='ltr'><strong>titudinem,</strong></span> <span class='ocrx_word' id='word_1_239' title='bbox 1101 3515 1158 3561; x_wconf 91' lang='lat' dir='ltr'><strong>ut</strong></span> <span class='ocrx_word' id='word_1_240' title='bbox 1188 3516 1242 3563; x_wconf 92' lang='lat' dir='ltr'><strong>et</strong></span> <span class='ocrx_word' id='word_1_241' title='bbox 1274 3523 1447 3577; x_wconf 89' lang='lat' dir='ltr'><strong>equos</strong></span> <span class='ocrx_word' id='word_1_242' title='bbox 1483 3510 1637 3564; x_wconf 91' lang='lat' dir='ltr'><strong>aditu</strong></span> <span class='ocrx_word' id='word_1_243' title='bbox 1671 3512 2008 3580; x_wconf 86' lang='lat' dir='ltr'><strong>prohiberet,</strong></span> <span class='ocrx_word' id='word_1_244' title='bbox 2059 3522 2115 3568; x_wconf 92' lang='lat' dir='ltr'><strong>et</strong></span> <span class='ocrx_word' id='word_1_245' title='bbox 2150 3513 2321 3568; x_wconf 82' lang='lat' dir='ltr'><strong>homi-</strong></span> 
     </span>
    </p>
   </div>
   <div class='ocr_carea' id='block_1_39' title="bbox 752 3598 2321 3673">
    <p class='ocr_par' dir='ltr' id='par_1_39' title="bbox 752 3598 2321 3673">
     <span class='ocr_line' id='line_1_39' title="bbox 752 3598 2321 3673; baseline 0.006 -22"><span class='ocrx_word' id='word_1_246' title='bbox 752 3614 850 3653; x_wconf 86' lang='lat' dir='ltr'><strong>nes</strong></span> <span class='ocrx_word' id='word_1_247' title='bbox 886 3598 1185 3653; x_wconf 88' lang='lat' dir='ltr'><strong>ascendere</strong></span> <span class='ocrx_word' id='word_1_248' title='bbox 1233 3600 1442 3669; x_wconf 86' lang='lat' dir='ltr'><strong>absque</strong></span> <span class='ocrx_word' id='word_1_249' title='bbox 1489 3602 1657 3656; x_wconf 88' lang='lat' dir='ltr'><strong>scalis</strong></span> <span class='ocrx_word' id='word_1_250' title='bbox 1704 3617 1814 3656; x_wconf 93' lang='lat' dir='ltr'><strong>non</strong></span> <span class='ocrx_word' id='word_1_251' title='bbox 1862 3610 2112 3673; x_wconf 86' lang='lat' dir='ltr'><strong>possent.</strong></span> <span class='ocrx_word' id='word_1_252' title='bbox 2166 3604 2321 3660; x_wconf 91' lang='lat' dir='ltr'><strong>Tunc</strong></span> 
     </span>
    </p>
   </div>
   <div class='ocr_carea' id='block_1_40' title="bbox 752 3689 2319 3758">
    <p class='ocr_par' dir='ltr' id='par_1_40' title="bbox 752 3689 2319 3758">
     <span class='ocr_line' id='line_1_40' title="bbox 752 3689 2319 3758; baseline 0.007 -16"><span class='ocrx_word' id='word_1_253' title='bbox 752 3690 1031 3744; x_wconf 84' lang='lat' dir='ltr'><strong>hominem</strong></span> <span class='ocrx_word' id='word_1_254' title='bbox 1062 3689 1157 3745; x_wconf 92' lang='lat' dir='ltr'><strong>Dei</strong></span> <span class='ocrx_word' id='word_1_255' title='bbox 1192 3703 1350 3746; x_wconf 91' lang='lat' dir='ltr'><strong>orant</strong></span> <span class='ocrx_word' id='word_1_256' title='bbox 1378 3708 1593 3758; x_wconf 91' lang='lat' dir='ltr'><strong>omnes,</strong></span> <span class='ocrx_word' id='word_1_257' title='bbox 1633 3702 1692 3748; x_wconf 87' lang='lat' dir='ltr'><strong>ut</strong></span> <span class='ocrx_word' id='word_1_258' title='bbox 1732 3696 1788 3749; x_wconf 92' lang='lat' dir='ltr'><strong>in</strong></span> <span class='ocrx_word' id='word_1_259' title='bbox 1820 3697 1994 3750; x_wconf 88' lang='lat' dir='ltr'><strong>muris</strong></span> <span class='ocrx_word' id='word_1_260' title='bbox 2026 3713 2085 3752; x_wconf 90' lang='lat' dir='ltr'><strong>se</strong></span> <span class='ocrx_word' id='word_1_261' title='bbox 2131 3706 2319 3752; x_wconf 88' lang='lat' dir='ltr'><strong>osten-</strong></span> 
     </span>
    </p>
   </div>
   <div class='ocr_carea' id='block_1_41' title="bbox 749 3781 2320 3844">
    <p class='ocr_par' dir='ltr' id='par_1_41' title="bbox 749 3781 2320 3844">
     <span class='ocr_line' id='line_1_41' title="bbox 749 3781 2320 3844; baseline 0.008 -15"><span class='ocrx_word' id='word_1_262' title='bbox 749 3781 863 3844; x_wconf 84' lang='lat' dir='ltr'><strong>dat,</strong></span> <span class='ocrx_word' id='word_1_263' title='bbox 895 3788 955 3835; x_wconf 88' lang='lat' dir='ltr'><strong>et</strong></span> <span class='ocrx_word' id='word_1_264' title='bbox 1004 3782 1447 3836; x_wconf 87' lang='lat' dir='ltr'><strong>exsecrationum</strong></span> <span class='ocrx_word' id='word_1_265' title='bbox 1487 3784 1611 3838; x_wconf 89' lang='lat' dir='ltr'><strong>telis</strong></span> <span class='ocrx_word' id='word_1_266' title='bbox 1643 3784 1832 3840; x_wconf 91' lang='lat' dir='ltr'><strong>hostes</strong></span> <span class='ocrx_word' id='word_1_267' title='bbox 1871 3785 2053 3841; x_wconf 89' lang='lat' dir='ltr'><strong>feriat.</strong></span> <span class='ocrx_word' id='word_1_268' title='bbox 2105 3787 2155 3841; x_wconf 91' lang='lat' dir='ltr'><strong>ls</strong></span> <span class='ocrx_word' id='word_1_269' title='bbox 2188 3803 2320 3842; x_wconf 82' lang='lat' dir='ltr'><strong>vero</strong></span> 
     </span>
    </p>
   </div>
   <div class='ocr_carea' id='block_1_42' title="bbox 747 3871 2318 3937">
    <p class='ocr_par' dir='ltr' id='par_1_42' title="bbox 747 3871 2318 3937">
     <span class='ocr_line' id='line_1_42' title="bbox 747 3871 2318 3937; baseline 0.004 -12"><span class='ocrx_word' id='word_1_270' title='bbox 747 3879 1013 3925; x_wconf 85' lang='lat' dir='ltr'><strong>exoratus</strong></span> <span class='ocrx_word' id='word_1_271' title='bbox 1046 3871 1317 3937; x_wconf 88' lang='lat' dir='ltr'><strong>ascendit,</strong></span> <span class='ocrx_word' id='word_1_272' title='bbox 1355 3880 1409 3926; x_wconf 91' lang='lat' dir='ltr'><strong>et</strong></span> <span class='ocrx_word' id='word_1_273' title='bbox 1454 3873 1650 3928; x_wconf 92' lang='lat' dir='ltr'><strong>horum</strong></span> <span class='ocrx_word' id='word_1_274' title='bbox 1690 3875 1960 3929; x_wconf 81' lang='lat' dir='ltr'><strong>infinitam</strong></span> <span class='ocrx_word' id='word_1_275' title='bbox 2006 3877 2318 3931; x_wconf 91' lang='lat' dir='ltr'><strong>multitudi-</strong></span> 
     </span>
    </p>
   </div>
   <div class='ocr_carea' id='block_1_43' title="bbox 751 3962 2319 4035">
    <p class='ocr_par' dir='ltr' id='par_1_43' title="bbox 751 3962 2319 4035">
     <span class='ocr_line' id='line_1_43' title="bbox 751 3962 2319 4035; baseline 0.004 -20"><span class='ocrx_word' id='word_1_276' title='bbox 751 3977 876 4015; x_wconf 87' lang='lat' dir='ltr'><strong>nem</strong></span> <span class='ocrx_word' id='word_1_277' title='bbox 927 3962 1354 4030; x_wconf 85' lang='lat' dir='ltr'><strong>contemplatus,</strong></span> <span class='ocrx_word' id='word_1_278' title='bbox 1403 3978 1431 4016; x_wconf 90' lang='lat' dir='ltr'><strong>a</strong></span> <span class='ocrx_word' id='word_1_279' title='bbox 1466 3964 1576 4017; x_wconf 89' lang='lat' dir='ltr'><strong>Deo</strong></span> <span class='ocrx_word' id='word_1_280' title='bbox 1607 3965 1786 4033; x_wconf 90' lang='lat' dir='ltr'><strong>petiit,</strong></span> <span class='ocrx_word' id='word_1_281' title='bbox 1822 3973 1883 4020; x_wconf 94' lang='lat' dir='ltr'><strong>ut</strong></span> <span class='ocrx_word' id='word_1_282' title='bbox 1915 3967 2228 4035; x_wconf 84' lang='lat' dir='ltr'><strong>sciniphum</strong></span> <span class='ocrx_word' id='word_1_283' title='bbox 2264 3975 2319 4022; x_wconf 89' lang='lat' dir='ltr'><strong>et</strong></span> 
     </span>
    </p>
   </div>
   <div class='ocr_carea' id='block_1_44' title="bbox 748 4051 2318 4127">
    <p class='ocr_par' dir='ltr' id='par_1_44' title="bbox 748 4051 2318 4127">
     <span class='ocr_line' id='line_1_44' title="bbox 748 4051 2318 4127; baseline 0.006 -23"><span class='ocrx_word' id='word_1_284' title='bbox 748 4053 990 4105; x_wconf 84' lang='lat' dir='ltr'><strong>culicum</strong></span> <span class='ocrx_word' id='word_1_285' title='bbox 1023 4051 1226 4106; x_wconf 89' lang='lat' dir='ltr'><strong>nubem</strong></span> <span class='ocrx_word' id='word_1_286' title='bbox 1255 4051 1309 4105; x_wconf 93' lang='lat' dir='ltr'><strong>in</strong></span> <span class='ocrx_word' id='word_1_287' title='bbox 1350 4066 1449 4107; x_wconf 91' lang='lat' dir='ltr'><strong>eos</strong></span> <span class='ocrx_word' id='word_1_288' title='bbox 1483 4054 1823 4111; x_wconf 89' lang='lat' dir='ltr'><strong>immitteret.</strong></span> <span class='ocrx_word' id='word_1_289' title='bbox 1866 4055 2022 4122; x_wconf 90' lang='lat' dir='ltr'><strong>Quod</strong></span> <span class='ocrx_word' id='word_1_290' title='bbox 2059 4057 2187 4111; x_wconf 90' lang='lat' dir='ltr'><strong>dum</strong></span> <span class='ocrx_word' id='word_1_291' title='bbox 2220 4074 2318 4127; x_wconf 90' lang='lat' dir='ltr'><strong>pe—</strong></span> 
     </span>
    </p>
   </div>
   <div class='ocr_carea' id='block_1_45' title="bbox 747 4140 2319 4215">
    <p class='ocr_par' dir='ltr' id='par_1_45' title="bbox 747 4140 2319 4215">
     <span class='ocr_line' id='line_1_45' title="bbox 747 4140 2319 4215; baseline 0.005 -20"><span class='ocrx_word' id='word_1_292' title='bbox 747 4149 914 4205; x_wconf 88' lang='lat' dir='ltr'><strong>teret,</strong></span> <span class='ocrx_word' id='word_1_293' title='bbox 951 4140 1096 4196; x_wconf 90' lang='lat' dir='ltr'><strong>Deus</strong></span> <span class='ocrx_word' id='word_1_294' title='bbox 1126 4142 1201 4195; x_wconf 91' lang='lat' dir='ltr'><strong>illi</strong></span> <span class='ocrx_word' id='word_1_295' title='bbox 1227 4142 1565 4212; x_wconf 88' lang='lat' dir='ltr'><strong>obsequens,</strong></span> <span class='ocrx_word' id='word_1_296' title='bbox 1600 4152 1659 4198; x_wconf 90' lang='lat' dir='ltr'><strong>ut</strong></span> <span class='ocrx_word' id='word_1_297' title='bbox 1687 4144 1884 4215; x_wconf 82' lang='lat' dir='ltr'><strong>Moysi,</strong></span> <span class='ocrx_word' id='word_1_298' title='bbox 1916 4149 2183 4202; x_wconf 88' lang='lat' dir='ltr'><strong>continuo</strong></span> <span class='ocrx_word' id='word_1_299' title='bbox 2214 4148 2319 4203; x_wconf 93' lang='lat' dir='ltr'><strong>im-</strong></span> 
     </span>
    </p>
   </div>
   <div class='ocr_carea' id='block_1_46' title="bbox 748 4230 2315 4303">
    <p class='ocr_par' dir='ltr' id='par_1_46' title="bbox 748 4230 2315 4303">
     <span class='ocr_line' id='line_1_46' title="bbox 748 4230 2315 4303; baseline 0.006 -20"><span class='ocrx_word' id='word_1_300' title='bbox 748 4232 924 4287; x_wconf 81' lang='lat' dir='ltr'><strong>misit.</strong></span> <span class='ocrx_word' id='word_1_301' title='bbox 962 4230 1027 4285; x_wconf 84' lang='lat' dir='ltr'><strong>Et</strong></span> <span class='ocrx_word' id='word_1_302' title='bbox 1061 4232 1168 4286; x_wconf 85' lang='lat' dir='ltr'><strong>viri</strong></span> <span class='ocrx_word' id='word_1_303' title='bbox 1194 4232 1416 4301; x_wconf 89' lang='lat' dir='ltr'><strong>quidem</strong></span> <span class='ocrx_word' id='word_1_304' title='bbox 1454 4234 1659 4290; x_wconf 89' lang='lat' dir='ltr'><strong>divinis</strong></span> <span class='ocrx_word' id='word_1_305' title='bbox 1695 4236 1818 4290; x_wconf 86' lang='lat' dir='ltr'><strong>telis</strong></span> <span class='ocrx_word' id='word_1_306' title='bbox 1852 4237 2315 4303; x_wconf 87' lang='lat' dir='ltr'><strong>vulnerabantur,</strong></span> 
     </span>
    </p>
   </div>
   <div class='ocr_carea' id='block_1_47' title="bbox 747 4323 2318 4395">
    <p class='ocr_par' dir='ltr' id='par_1_47' title="bbox 747 4323 2318 4395">
     <span class='ocr_line' id='line_1_47' title="bbox 747 4323 2318 4395; baseline 0.004 -19"><span class='ocrx_word' id='word_1_307' title='bbox 747 4323 875 4392; x_wconf 82' lang='lat' dir='ltr'><strong>equi</strong></span> <span class='ocrx_word' id='word_1_308' title='bbox 904 4331 1084 4377; x_wconf 90' lang='lat' dir='ltr'><strong>autem</strong></span> <span class='ocrx_word' id='word_1_309' title='bbox 1119 4337 1183 4377; x_wconf 88' lang='lat' dir='ltr'><strong>ac</strong></span> <span class='ocrx_word' id='word_1_310' title='bbox 1213 4324 1513 4393; x_wconf 87' lang='lat' dir='ltr'><strong>elephanti,</strong></span> <span class='ocrx_word' id='word_1_311' title='bbox 1540 4327 1721 4395; x_wconf 89' lang='lat' dir='ltr'><strong>ruptis</strong></span> <span class='ocrx_word' id='word_1_312' title='bbox 1750 4329 2009 4391; x_wconf 84' lang='lat' dir='ltr'><strong>vinculis,</strong></span> <span class='ocrx_word' id='word_1_313' title='bbox 2036 4345 2161 4383; x_wconf 90' lang='lat' dir='ltr'><strong>cum</strong></span> <span class='ocrx_word' id='word_1_314' title='bbox 2186 4344 2318 4382; x_wconf 88' lang='lat' dir='ltr'><strong>acu-</strong></span> 
     </span>
    </p>
   </div>
   <div class='ocr_carea' id='block_1_48' title="bbox 747 4413 2313 4490">
    <p class='ocr_par' dir='ltr' id='par_1_48' title="bbox 747 4413 2313 4490">
     <span class='ocr_line' id='line_1_48' title="bbox 747 4413 2313 4490; baseline 0.004 -22"><span class='ocrx_word' id='word_1_315' title='bbox 747 4416 867 4469; x_wconf 85' lang='lat' dir='ltr'><strong>leos</strong></span> <span class='ocrx_word' id='word_1_316' title='bbox 894 4414 1019 4468; x_wconf 91' lang='lat' dir='ltr'><strong>illos</strong></span> <span class='ocrx_word' id='word_1_317' title='bbox 1055 4413 1197 4469; x_wconf 90' lang='lat' dir='ltr'><strong>ferre</strong></span> <span class='ocrx_word' id='word_1_318' title='bbox 1231 4430 1339 4469; x_wconf 91' lang='lat' dir='ltr'><strong>non</strong></span> <span class='ocrx_word' id='word_1_319' title='bbox 1380 4424 1625 4485; x_wconf 88' lang='lat' dir='ltr'><strong>possent,</strong></span> <span class='ocrx_word' id='word_1_320' title='bbox 1665 4416 1775 4471; x_wconf 89' lang='lat' dir='ltr'><strong>huc</strong></span> <span class='ocrx_word' id='word_1_321' title='bbox 1813 4427 1867 4472; x_wconf 91' lang='lat' dir='ltr'><strong>et</strong></span> <span class='ocrx_word' id='word_1_322' title='bbox 1909 4419 2040 4475; x_wconf 90' lang='lat' dir='ltr'><strong>illuc</strong></span> <span class='ocrx_word' id='word_1_323' title='bbox 2078 4421 2313 4490; x_wconf 89' lang='lat' dir='ltr'><strong>dispersi</strong></span> 
     </span>
    </p>
   </div>
   <div class='ocr_carea' id='block_1_49' title="bbox 750 4505 2393 4608">
    <p class='ocr_par' dir='ltr' id='par_1_49' title="bbox 750 4505 2393 4608">
     <span class='ocr_line' id='line_1_49' title="bbox 750 4505 2393 4608; baseline 0.007 -48"><span class='ocrx_word' id='word_1_324' title='bbox 750 4507 1093 4560; x_wconf 82' lang='lat' dir='ltr'><strong>ferebantur.</strong></span> <span class='ocrx_word' id='word_1_325' title='bbox 1135 4505 1341 4562; x_wconf 76' lang='lat' dir='ltr'><strong>Videris</strong></span> <span class='ocrx_word' id='word_1_326' title='bbox 1375 4510 1560 4578; x_wconf 88' lang='lat' dir='ltr'><strong>itaque</strong></span> <span class='ocrx_word' id='word_1_327' title='bbox 1594 4525 1687 4565; x_wconf 90' lang='lat' dir='ltr'><strong>rex</strong></span> <span class='ocrx_word' id='word_1_328' title='bbox 1725 4512 1952 4581; x_wconf 86' lang='lat' dir='ltr'><strong>impius,</strong></span> <span class='ocrx_word' id='word_1_329' title='bbox 1984 4522 2038 4567; x_wconf 90' lang='lat' dir='ltr'><strong>et</strong></span> <span class='ocrx_word' id='word_1_330' title='bbox 2086 4514 2314 4570; x_wconf 88' lang='lat' dir='ltr'><strong>inutiles</strong></span> <span class='ocrx_word' id='word_1_331' title='bbox 2344 4551 2393 4608; x_wconf 62' lang='grc' dir='ltr'><strong><em>Β</em></strong></span> 
     </span>
    </p>
   </div>
   <div class='ocr_carea' id='block_1_50' title="bbox 751 4597 2315 4672">
    <p class='ocr_par' dir='ltr' id='par_1_50' title="bbox 751 4597 2315 4672">
     <span class='ocr_line' id='line_1_50' title="bbox 751 4597 2315 4672; baseline 0.004 -21"><span class='ocrx_word' id='word_1_332' title='bbox 751 4599 855 4651; x_wconf 87' lang='lat' dir='ltr'><strong>sibi</strong></span> <span class='ocrx_word' id='word_1_333' title='bbox 894 4598 1179 4651; x_wconf 88' lang='lat' dir='ltr'><strong>machinas</strong></span> <span class='ocrx_word' id='word_1_334' title='bbox 1208 4613 1400 4653; x_wconf 90' lang='lat' dir='ltr'><strong>omnes</strong></span> <span class='ocrx_word' id='word_1_335' title='bbox 1438 4597 1632 4663; x_wconf 83' lang='lat' dir='ltr'><strong>fuisse,</strong></span> <span class='ocrx_word' id='word_1_336' title='bbox 1669 4610 1723 4654; x_wconf 90' lang='lat' dir='ltr'><strong>et</strong></span> <span class='ocrx_word' id='word_1_337' title='bbox 1752 4616 1906 4669; x_wconf 67' lang='lat' dir='ltr'><strong>aqum</strong></span> <span class='ocrx_word' id='word_1_338' title='bbox 1953 4603 2315 4672; x_wconf 88' lang='lat' dir='ltr'><strong>irruptionem</strong></span> 
     </span>
    </p>
   </div>
   <div class='ocr_carea' id='block_1_51' title="bbox 748 4685 2327 4761">
    <p class='ocr_par' dir='ltr' id='par_1_51' title="bbox 748 4685 2327 4761">
     <span class='ocr_line' id='line_1_51' title="bbox 748 4685 2327 4761; baseline 0.007 -25"><span class='ocrx_word' id='word_1_339' title='bbox 748 4685 965 4737; x_wconf 87' lang='lat' dir='ltr'><strong>irritam</strong></span> <span class='ocrx_word' id='word_1_340' title='bbox 1001 4686 1267 4761; x_wconf 83' lang='lat' dir='ltr'><strong>evasisse,</strong></span> <span class='ocrx_word' id='word_1_341' title='bbox 1292 4702 1449 4741; x_wconf 90' lang='lat' dir='ltr'><strong>muro</strong></span> <span class='ocrx_word' id='word_1_342' title='bbox 1481 4703 1545 4742; x_wconf 94' lang='lat' dir='ltr'><strong>ea</strong></span> <span class='ocrx_word' id='word_1_343' title='bbox 1575 4697 1729 4758; x_wconf 90' lang='lat' dir='ltr'><strong>parte</strong></span> <span class='ocrx_word' id='word_1_344' title='bbox 1757 4705 1862 4758; x_wconf 91' lang='lat' dir='ltr'><strong>qua</strong></span> <span class='ocrx_word' id='word_1_345' title='bbox 1888 4702 2179 4745; x_wconf 89' lang='lat' dir='ltr'><strong>corruerat</strong></span> <span class='ocrx_word' id='word_1_346' title='bbox 2217 4694 2327 4747; x_wconf 14' lang='lat' dir='ltr'><strong>ite-7</strong></span> 
     </span>
    </p>
   </div>
   <div class='ocr_carea' id='block_1_52' title="bbox 748 4776 2320 4851">
    <p class='ocr_par' dir='ltr' id='par_1_52' title="bbox 748 4776 2320 4851">
     <span class='ocr_line' id='line_1_52' title="bbox 748 4776 2320 4851; baseline 0.004 -22"><span class='ocrx_word' id='word_1_347' title='bbox 748 4793 870 4830; x_wconf 83' lang='lat' dir='ltr'><strong>rum</strong></span> <span class='ocrx_word' id='word_1_348' title='bbox 902 4776 1169 4833; x_wconf 62' lang='lat' dir='ltr'><strong>aedificato</strong></span> <span class='ocrx_word' id='word_1_349' title='bbox 1205 4798 1218 4832; x_wconf 90' lang='lat'><strong>:</strong></span> <span class='ocrx_word' id='word_1_350' title='bbox 1250 4789 1413 4849; x_wconf 89' lang='lat' dir='ltr'><strong>atque</strong></span> <span class='ocrx_word' id='word_1_351' title='bbox 1446 4797 1663 4836; x_wconf 87' lang='lat' dir='ltr'><strong>omnem</strong></span> <span class='ocrx_word' id='word_1_352' title='bbox 1697 4793 1956 4851; x_wconf 64' lang='lat' dir='ltr'><strong>praeterea</strong></span> <span class='ocrx_word' id='word_1_353' title='bbox 1991 4788 2320 4849; x_wconf 87' lang='lat' dir='ltr'><strong>exercitum,</strong></span> 
     </span>
    </p>
   </div>
   <div class='ocr_carea' id='block_1_53' title="bbox 748 4869 2320 4936">
    <p class='ocr_par' dir='ltr' id='par_1_53' title="bbox 748 4869 2320 4936">
     <span class='ocr_line' id='line_1_53' title="bbox 748 4869 2320 4936; baseline 0.004 -12"><span class='ocrx_word' id='word_1_354' title='bbox 748 4881 803 4924; x_wconf 79' lang='lat' dir='ltr'><strong>ct</strong></span> <span class='ocrx_word' id='word_1_355' title='bbox 836 4869 1117 4925; x_wconf 86' lang='lat' dir='ltr'><strong>laboribus</strong></span> <span class='ocrx_word' id='word_1_356' title='bbox 1166 4872 1517 4936; x_wconf 84' lang='lat' dir='ltr'><strong>exhaustum,</strong></span> <span class='ocrx_word' id='word_1_357' title='bbox 1571 4882 1624 4927; x_wconf 90' lang='lat' dir='ltr'><strong>et</strong></span> <span class='ocrx_word' id='word_1_358' title='bbox 1674 4873 2040 4930; x_wconf 89' lang='lat' dir='ltr'><strong>incommodis</strong></span> <span class='ocrx_word' id='word_1_359' title='bbox 2074 4876 2177 4930; x_wconf 91' lang='lat' dir='ltr'><strong>sub</strong></span> <span class='ocrx_word' id='word_1_360' title='bbox 2229 4876 2320 4930; x_wconf 91' lang='lat' dir='ltr'><strong>dio</strong></span> 
     </span>
    </p>
   </div>
   <div class='ocr_carea' id='block_1_54' title="bbox 748 4962 2317 5038">
    <p class='ocr_par' dir='ltr' id='par_1_54' title="bbox 748 4962 2317 5038">
     <span class='ocr_line' id='line_1_54' title="bbox 748 4962 2317 5038; baseline 0.006 -23"><span class='ocrx_word' id='word_1_361' title='bbox 748 4962 1178 5026; x_wconf 77' lang='lat' dir='ltr'><strong>couflictantem,</strong></span> <span class='ocrx_word' id='word_1_362' title='bbox 1218 4972 1273 5018; x_wconf 91' lang='lat' dir='ltr'><strong>et</strong></span> <span class='ocrx_word' id='word_1_363' title='bbox 1303 4965 1571 5021; x_wconf 90' lang='lat' dir='ltr'><strong>divinitus</strong></span> <span class='ocrx_word' id='word_1_364' title='bbox 1607 4967 1850 5021; x_wconf 89' lang='lat' dir='ltr'><strong>immissa</strong></span> <span class='ocrx_word' id='word_1_365' title='bbox 1892 4968 2049 5038; x_wconf 86' lang='lat' dir='ltr'><strong>plaga</strong></span> <span class='ocrx_word' id='word_1_366' title='bbox 2093 4985 2317 5038; x_wconf 89' lang='lat' dir='ltr'><strong>percus-</strong></span> 
     </span>
    </p>
   </div>
   <div class='ocr_carea' id='block_1_55' title="bbox 748 5052 2320 5126">
    <p class='ocr_par' dir='ltr' id='par_1_55' title="bbox 748 5052 2320 5126">
     <span class='ocr_line' id='line_1_55' title="bbox 748 5052 2320 5126; baseline 0.003 -21"><span class='ocrx_word' id='word_1_367' title='bbox 748 5068 893 5117; x_wconf 74' lang='lat' dir='ltr'><strong>sum,</strong></span> <span class='ocrx_word' id='word_1_368' title='bbox 929 5067 1052 5106; x_wconf 89' lang='lat' dir='ltr'><strong>cum</strong></span> <span class='ocrx_word' id='word_1_369' title='bbox 1083 5052 1330 5107; x_wconf 89' lang='lat' dir='ltr'><strong>divinum</strong></span> <span class='ocrx_word' id='word_1_370' title='bbox 1359 5069 1576 5125; x_wconf 91' lang='lat' dir='ltr'><strong>quoque</strong></span> <span class='ocrx_word' id='word_1_371' title='bbox 1604 5055 1879 5109; x_wconf 87' lang='lat' dir='ltr'><strong>hominem</strong></span> <span class='ocrx_word' id='word_1_372' title='bbox 1909 5072 2073 5126; x_wconf 86' lang='lat' dir='ltr'><strong>super</strong></span> <span class='ocrx_word' id='word_1_373' title='bbox 2129 5071 2320 5110; x_wconf 88' lang='lat' dir='ltr'><strong>muros</strong></span> 
     </span>
    </p>
   </div>
   <div class='ocr_carea' id='block_1_56' title="bbox 750 5144 2319 5219">
    <p class='ocr_par' dir='ltr' id='par_1_56' title="bbox 750 5144 2319 5219">
     <span class='ocr_line' id='line_1_56' title="bbox 750 5144 2319 5219; baseline 0.006 -24"><span class='ocrx_word' id='word_1_374' title='bbox 750 5144 1121 5199; x_wconf 71' lang='lat' dir='ltr'><strong>ambulantem</strong></span> <span class='ocrx_word' id='word_1_375' title='bbox 1152 5147 1513 5215; x_wconf 89' lang='lat' dir='ltr'><strong>conspicatus</strong></span> <span class='ocrx_word' id='word_1_376' title='bbox 1533 5189 1547 5210; x_wconf 93' lang='lat'><strong>,</strong></span> <span class='ocrx_word' id='word_1_377' title='bbox 1584 5149 1966 5217; x_wconf 87' lang='lat' dir='ltr'><strong>imperatorem</strong></span> <span class='ocrx_word' id='word_1_378' title='bbox 2002 5151 2151 5219; x_wconf 89' lang='lat' dir='ltr'><strong>operi</strong></span> <span class='ocrx_word' id='word_1_379' title='bbox 2181 5151 2319 5204; x_wconf 87' lang='lat' dir='ltr'><strong>insi—</strong></span> 
     </span>
    </p>
   </div>
   <div class='ocr_carea' id='block_1_57' title="bbox 751 5238 2321 5311">
    <p class='ocr_par' dir='ltr' id='par_1_57' title="bbox 751 5238 2321 5311">
     <span class='ocr_line' id='line_1_57' title="bbox 751 5238 2321 5311; baseline 0.004 -24"><span class='ocrx_word' id='word_1_380' title='bbox 751 5243 988 5289; x_wconf 75' lang='lat' dir='ltr'><strong>stentem</strong></span> <span class='ocrx_word' id='word_1_381' title='bbox 1028 5238 1204 5306; x_wconf 88' lang='lat' dir='ltr'><strong>ipsum</strong></span> <span class='ocrx_word' id='word_1_382' title='bbox 1233 5253 1357 5293; x_wconf 85' lang='lat' dir='ltr'><strong>esse</strong></span> <span class='ocrx_word' id='word_1_383' title='bbox 1391 5238 1757 5307; x_wconf 79' lang='lat' dir='ltr'><strong>conjecisset,</strong></span> <span class='ocrx_word' id='word_1_384' title='bbox 1790 5242 1935 5309; x_wconf 81' lang='lat' dir='ltr'><strong>quod</strong></span> <span class='ocrx_word' id='word_1_385' title='bbox 1972 5257 2216 5311; x_wconf 84' lang='lat' dir='ltr'><strong>purpura</strong></span> <span class='ocrx_word' id='word_1_386' title='bbox 2266 5250 2321 5297; x_wconf 85' lang='lat' dir='ltr'><strong>et</strong></span> 
     </span>
    </p>
   </div>
   <div class='ocr_carea' id='block_1_58' title="bbox 748 5329 2315 5402">
    <p class='ocr_par' dir='ltr' id='par_1_58' title="bbox 748 5329 2315 5402">
     <span class='ocr_line' id='line_1_58' title="bbox 748 5329 2315 5402; baseline 0.006 -22"><span class='ocrx_word' id='word_1_387' title='bbox 748 5329 1058 5383; x_wconf 88' lang='lat' dir='ltr'><strong>diademate</strong></span> <span class='ocrx_word' id='word_1_388' title='bbox 1089 5331 1304 5384; x_wconf 87' lang='lat' dir='ltr'><strong>cinctus</strong></span> <span class='ocrx_word' id='word_1_389' title='bbox 1338 5338 1652 5401; x_wconf 88' lang='lat' dir='ltr'><strong>appareret,</strong></span> <span class='ocrx_word' id='word_1_390' title='bbox 1688 5332 2004 5402; x_wconf 75' lang='lat' dir='ltr'><strong>indignatus</strong></span> <span class='ocrx_word' id='word_1_391' title='bbox 2026 5341 2112 5388; x_wconf 87' lang='lat' dir='ltr'><strong>est</strong></span> <span class='ocrx_word' id='word_1_392' title='bbox 2138 5334 2190 5387; x_wconf 89' lang='lat' dir='ltr'><strong>in</strong></span> <span class='ocrx_word' id='word_1_393' title='bbox 2218 5350 2315 5389; x_wconf 86' lang='lat' dir='ltr'><strong>eos</strong></span> 
     </span>
    </p>
   </div>
   <div class='ocr_carea' id='block_1_59' title="bbox 748 5421 2313 5495">
    <p class='ocr_par' dir='ltr' id='par_1_59' title="bbox 748 5421 2313 5495">
     <span class='ocr_line' id='line_1_59' title="bbox 748 5421 2313 5495; baseline 0.006 -24"><span class='ocrx_word' id='word_1_394' title='bbox 748 5421 841 5487; x_wconf 82' lang='lat' dir='ltr'><strong>qui</strong></span> <span class='ocrx_word' id='word_1_395' title='bbox 878 5435 1000 5473; x_wconf 88' lang='lat' dir='ltr'><strong>eum</strong></span> <span class='ocrx_word' id='word_1_396' title='bbox 1036 5421 1391 5490; x_wconf 83' lang='lat' dir='ltr'><strong>deceperant,</strong></span> <span class='ocrx_word' id='word_1_397' title='bbox 1439 5423 1959 5495; x_wconf 88' lang='lat' dir='ltr'><strong>expeditionemque</strong></span> <span class='ocrx_word' id='word_1_398' title='bbox 2002 5436 2313 5489; x_wconf 87' lang='lat' dir='ltr'><strong>suaserant.</strong></span> 
     </span>
    </p>
   </div>
   <div class='ocr_carea' id='block_1_60' title="bbox 749 5509 2314 5587">
    <p class='ocr_par' dir='ltr' id='par_1_60' title="bbox 749 5509 2314 5587">
     <span class='ocr_line' id='line_1_60' title="bbox 749 5509 2314 5587; baseline 0.008 -28"><span class='ocrx_word' id='word_1_399' title='bbox 749 5515 803 5560; x_wconf 83' lang='lat' dir='ltr'><strong>et</strong></span> <span class='ocrx_word' id='word_1_400' title='bbox 834 5509 1218 5577; x_wconf 83' lang='lat' dir='ltr'><strong>imperatorem</strong></span> <span class='ocrx_word' id='word_1_401' title='bbox 1247 5511 1500 5565; x_wconf 89' lang='lat' dir='ltr'><strong>dixerant</strong></span> <span class='ocrx_word' id='word_1_402' title='bbox 1528 5529 1634 5566; x_wconf 87' lang='lat' dir='ltr'><strong>non</strong></span> <span class='ocrx_word' id='word_1_403' title='bbox 1664 5513 1878 5568; x_wconf 88' lang='lat' dir='ltr'><strong>adesse.</strong></span> <span class='ocrx_word' id='word_1_404' title='bbox 1903 5516 2087 5580; x_wconf 86' lang='lat' dir='ltr'><strong>Quare</strong></span> <span class='ocrx_word' id='word_1_405' title='bbox 2114 5518 2314 5587; x_wconf 91' lang='lat' dir='ltr'><strong>capitis</strong></span> 
     </span>
    </p>
   </div>
   <div class='ocr_carea' id='block_1_61' title="bbox 748 5602 2314 5679">
    <p class='ocr_par' dir='ltr' id='par_1_61' title="bbox 748 5602 2314 5679">
     <span class='ocr_line' id='line_1_61' title="bbox 748 5602 2314 5679; baseline 0.006 -25"><span class='ocrx_word' id='word_1_406' title='bbox 748 5603 874 5655; x_wconf 82' lang='lat' dir='ltr'><strong>illos</strong></span> <span class='ocrx_word' id='word_1_407' title='bbox 921 5602 1186 5659; x_wconf 87' lang='lat' dir='ltr'><strong>damnans</strong></span> <span class='ocrx_word' id='word_1_408' title='bbox 1213 5646 1226 5668; x_wconf 93' lang='lat'><strong>,</strong></span> <span class='ocrx_word' id='word_1_409' title='bbox 1284 5604 1495 5658; x_wconf 86' lang='lat' dir='ltr'><strong>dimisit</strong></span> <span class='ocrx_word' id='word_1_410' title='bbox 1550 5607 1892 5669; x_wconf 81' lang='lat' dir='ltr'><strong>exercitum,</strong></span> <span class='ocrx_word' id='word_1_411' title='bbox 1942 5617 1995 5659; x_wconf 73' lang='grc' dir='ltr'>(ιι</span> <span class='ocrx_word' id='word_1_412' title='bbox 2028 5610 2078 5661; x_wconf 89' lang='lat' dir='ltr'><strong>in</strong></span> <span class='ocrx_word' id='word_1_413' title='bbox 2114 5610 2314 5679; x_wconf 85' lang='lat' dir='ltr'><strong>regiam</strong></span> 
     </span>
    </p>
   </div>
   <div class='ocr_carea' id='block_1_62' title="bbox 751 5697 2313 5767">
    <p class='ocr_par' dir='ltr' id='par_1_62' title="bbox 751 5697 2313 5767">
     <span class='ocr_line' id='line_1_62' title="bbox 751 5697 2313 5767; baseline 0.006 -21"><span class='ocrx_word' id='word_1_414' title='bbox 751 5709 905 5750; x_wconf 85' lang='lat' dir='ltr'><strong>suam</strong></span> <span class='ocrx_word' id='word_1_415' title='bbox 958 5710 1119 5763; x_wconf 80' lang='lat' dir='ltr'><strong>quam</strong></span> <span class='ocrx_word' id='word_1_416' title='bbox 1198 5697 1464 5752; x_wconf 77' lang='lat' dir='ltr'><strong>citissmie</strong></span> <span class='ocrx_word' id='word_1_417' title='bbox 1513 5712 1798 5767; x_wconf 85' lang='lat' dir='ltr'><strong>regressus</strong></span> <span class='ocrx_word' id='word_1_418' title='bbox 1841 5709 1945 5751; x_wconf 80' lang='lat' dir='ltr'><strong>est.</strong></span> <span class='ocrx_word' id='word_1_419' title='bbox 1998 5698 2151 5753; x_wconf 81' lang='lat' dir='ltr'><strong>Talia</strong></span> <span class='ocrx_word' id='word_1_420' title='bbox 2211 5702 2313 5755; x_wconf 78' lang='lat' dir='ltr'><strong>sub</strong></span> 
     </span>
    </p>
   </div>
   <div class='ocr_carea' id='block_1_63' title="bbox 750 5783 2313 5858">
    <p class='ocr_par' dir='ltr' id='par_1_63' title="bbox 750 5783 2313 5858">
     <span class='ocr_line' id='line_1_63' title="bbox 750 5783 2313 5858; baseline 0.007 -24"><span class='ocrx_word' id='word_1_421' title='bbox 750 5784 852 5837; x_wconf 79' lang='lat' dir='ltr'><strong>hoc</strong></span> <span class='ocrx_word' id='word_1_422' title='bbox 891 5791 906 5804; x_wconf 92' lang='lat'><strong>&#39;</strong></span> <span class='ocrx_word' id='word_1_423' title='bbox 944 5786 1104 5839; x_wconf 79' lang='lat' dir='ltr'><strong>ctiam</strong></span> <span class='ocrx_word' id='word_1_424' title='bbox 1134 5783 1361 5840; x_wconf 78' lang='lat' dir='ltr'><strong>Ezcclzia</strong></span> <span class='ocrx_word' id='word_1_425' title='bbox 1397 5786 1724 5844; x_wconf 75' lang='lat' dir='ltr'><strong>mirabiliter</strong></span> <span class='ocrx_word' id='word_1_426' title='bbox 1755 5791 1858 5858; x_wconf 74' lang='lat' dir='ltr'><strong>rgil</strong></span> <span class='ocrx_word' id='word_1_427' title='bbox 1895 5793 2052 5855; x_wconf 61' lang='lat' dir='ltr'><strong>licus,</strong></span> <span class='ocrx_word' id='word_1_428' title='bbox 2089 5808 2183 5847; x_wconf 82' lang='lat' dir='ltr'><strong>nec</strong></span> <span class='ocrx_word' id='word_1_429' title='bbox 2210 5795 2313 5847; x_wconf 84' lang='lat' dir='ltr'><strong>illis</strong></span> 
     </span>
    </p>
   </div>
   <div class='ocr_carea' id='block_1_64' title="bbox 2440 596 4008 673">
    <p class='ocr_par' dir='ltr' id='par_1_64' title="bbox 2440 596 4008 673">
     <span class='ocr_line' id='line_1_64' title="bbox 2440 596 4008 673; baseline 0 -18"><span class='ocrx_word' id='word_1_430' title='bbox 2440 602 2684 671; x_wconf 76' lang='grc' dir='ltr'>ἐπανῆκε</span> <span class='ocrx_word' id='word_1_431' title='bbox 2715 602 2811 654; x_wconf 78' lang='grc' dir='ltr'>καὶ</span> <span class='ocrx_word' id='word_1_432' title='bbox 2847 597 2999 664; x_wconf 77' lang='grc' dir='ltr'>οὗτος</span> <span class='ocrx_word' id='word_1_433' title='bbox 3049 596 3138 653; x_wconf 75' lang='grc' dir='ltr'>οἷά</span> <span class='ocrx_word' id='word_1_434' title='bbox 3164 617 3247 663; x_wconf 88' lang='grc' dir='ltr'><strong>τις</strong></span> <span class='ocrx_word' id='word_1_435' title='bbox 3284 599 3540 670; x_wconf 82' lang='grc' dir='ltr'><strong>ἀριστεὺς</strong></span> <span class='ocrx_word' id='word_1_436' title='bbox 3568 600 3663 652; x_wconf 74' lang='grc' dir='ltr'>καὶ</span> <span class='ocrx_word' id='word_1_437' title='bbox 3712 602 4008 673; x_wconf 81' lang='grc' dir='ltr'><strong>νικηφόρος</strong></span> 
     </span>
    </p>
   </div>
   <div class='ocr_carea' id='block_1_65' title="bbox 2438 690 4005 763">
    <p class='ocr_par' dir='ltr' id='par_1_65' title="bbox 2438 690 4005 763">
     <span class='ocr_line' id='line_1_65' title="bbox 2438 690 4005 763; baseline -0.001 -16"><span class='ocrx_word' id='word_1_438' title='bbox 2438 696 2548 758; x_wconf 87' lang='grc' dir='ltr'>τοῖς</span> <span class='ocrx_word' id='word_1_439' title='bbox 2576 694 2675 762; x_wconf 87' lang='grc' dir='ltr'>τῆς</span> <span class='ocrx_word' id='word_1_440' title='bbox 2697 692 2978 755; x_wconf 80' lang='grc' dir='ltr'>εὐσεϐείας</span> <span class='ocrx_word' id='word_1_441' title='bbox 3004 692 3285 763; x_wconf 72' lang='grc' dir='ltr'><strong>τροπαίοις</strong></span> <span class='ocrx_word' id='word_1_442' title='bbox 3308 690 3775 760; x_wconf 74' lang='grc' dir='ltr'><strong>ἐπαγαλλόμενος.</strong></span> <span class='ocrx_word' id='word_1_443' title='bbox 3794 692 4005 762; x_wconf 81' lang='grc' dir='ltr'><strong>Χρόνου</strong></span> 
     </span>
    </p>
   </div>
   <div class='ocr_carea' id='block_1_66' title="bbox 2435 780 4004 854">
    <p class='ocr_par' dir='ltr' id='par_1_66' title="bbox 2435 780 4004 854">
     <span class='ocr_line' id='line_1_66' title="bbox 2435 780 4004 854; baseline -0.003 -16"><span class='ocrx_word' id='word_1_444' title='bbox 2435 786 2494 839; x_wconf 85' lang='grc' dir='ltr'>δὲ</span> <span class='ocrx_word' id='word_1_445' title='bbox 2542 786 2843 848; x_wconf 81' lang='grc' dir='ltr'><strong>διελθόντος</strong></span> <span class='ocrx_word' id='word_1_446' title='bbox 2870 786 2898 837; x_wconf 89' lang='grc' dir='ltr'><strong>ὁ</strong></span> <span class='ocrx_word' id='word_1_447' title='bbox 2928 783 3026 854; x_wconf 82' lang='grc' dir='ltr'>μὲν</span> <span class='ocrx_word' id='word_1_448' title='bbox 3086 783 3261 853; x_wconf 83' lang='grc' dir='ltr'>μέγας</span> <span class='ocrx_word' id='word_1_449' title='bbox 3300 783 3505 845; x_wconf 80' lang='grc' dir='ltr'>ἐκεῖνος</span> <span class='ocrx_word' id='word_1_450' title='bbox 3553 783 3645 834; x_wconf 77' lang='grc' dir='ltr'>καὶ</span> <span class='ocrx_word' id='word_1_451' title='bbox 3700 780 4004 851; x_wconf 75' lang='grc' dir='ltr'>Θαυμάσιος</span> 
     </span>
    </p>
   </div>
   <div class='ocr_carea' id='block_1_67' title="bbox 2439 874 4005 947">
    <p class='ocr_par' dir='ltr' id='par_1_67' title="bbox 2439 874 4005 947">
     <span class='ocr_line' id='line_1_67' title="bbox 2439 874 4005 947; baseline -0.004 -16"><span class='ocrx_word' id='word_1_452' title='bbox 2439 877 2691 947; x_wconf 83' lang='grc' dir='ltr'>βασιλεὺς</span> <span class='ocrx_word' id='word_1_453' title='bbox 2726 878 2865 947; x_wconf 87' lang='grc' dir='ltr'>μετὰ</span> <span class='ocrx_word' id='word_1_454' title='bbox 2926 875 3186 943; x_wconf 78' lang='grc' dir='ltr'>τῶν.τῆς</span> <span class='ocrx_word' id='word_1_455' title='bbox 3234 874 3510 936; x_wconf 83' lang='grc' dir='ltr'>εὐσεϐείας</span> <span class='ocrx_word' id='word_1_456' title='bbox 3572 874 3848 940; x_wconf 83' lang='grc' dir='ltr'>στεφάνων</span> <span class='ocrx_word' id='word_1_457' title='bbox 3894 874 4005 926; x_wconf 69' lang='grc' dir='ltr'><strong>ὑπο</strong></span> 
     </span>
    </p>
   </div>
   <div class='ocr_carea' id='block_1_68' title="bbox 2438 963 4007 1040">
    <p class='ocr_par' dir='ltr' id='par_1_68' title="bbox 2438 963 4007 1040">
     <span class='ocr_line' id='line_1_68' title="bbox 2438 963 4007 1040; baseline -0.003 -20"><span class='ocrx_word' id='word_1_458' title='bbox 2438 968 2589 1040; x_wconf 83' lang='grc' dir='ltr'>εξῄει</span> <span class='ocrx_word' id='word_1_459' title='bbox 2619 967 2709 1019; x_wconf 77' lang='grc' dir='ltr'>τὸν</span> <span class='ocrx_word' id='word_1_460' title='bbox 2756 966 2871 1036; x_wconf 82' lang='grc' dir='ltr'>βίον</span> <span class='ocrx_word' id='word_1_461' title='bbox 2891 983 2906 998; x_wconf 76' lang='grc'><strong><em>⁸</em></strong></span> <span class='ocrx_word' id='word_1_462' title='bbox 2940 967 2988 1018; x_wconf 85' lang='grc' dir='ltr'><strong>οί</strong></span> <span class='ocrx_word' id='word_1_463' title='bbox 3017 965 3074 1017; x_wconf 82' lang='grc' dir='ltr'>δὲ</span> <span class='ocrx_word' id='word_1_464' title='bbox 3115 966 3322 1017; x_wconf 78' lang='grc' dir='ltr'>ἐκείνου</span> <span class='ocrx_word' id='word_1_465' title='bbox 3354 964 3538 1026; x_wconf 87' lang='grc' dir='ltr'>παῖδες</span> <span class='ocrx_word' id='word_1_466' title='bbox 3563 966 3663 1033; x_wconf 81' lang='grc' dir='ltr'>τῆς</span> <span class='ocrx_word' id='word_1_467' title='bbox 3682 963 4007 1034; x_wconf 80' lang='grc' dir='ltr'><strong>οἰκουμένης</strong></span> 
     </span>
    </p>
   </div>
   <div class='ocr_carea' id='block_1_69' title="bbox 2436 1054 4009 1131">
    <p class='ocr_par' dir='ltr' id='par_1_69' title="bbox 2436 1054 4009 1131">
     <span class='ocr_line' id='line_1_69' title="bbox 2436 1054 4009 1131; baseline -0.004 -19"><span class='ocrx_word' id='word_1_468' title='bbox 2436 1062 2534 1131; x_wconf 82' lang='grc' dir='ltr'>τὴν</span> <span class='ocrx_word' id='word_1_469' title='bbox 2562 1058 2859 1131; x_wconf 76' lang='grc' dir='ltr'>ἠγεμονίαν</span> <span class='ocrx_word' id='word_1_470' title='bbox 2895 1056 3319 1127; x_wconf 75' lang='grc' dir='ltr'>ἐκληρονόμουν.</span> <span class='ocrx_word' id='word_1_471' title='bbox 3355 1056 3488 1107; x_wconf 84' lang='grc' dir='ltr'>Τότε</span> <span class='ocrx_word' id='word_1_472' title='bbox 3516 1057 3543 1107; x_wconf 87' lang='grc' dir='ltr'>ὁ</span> <span class='ocrx_word' id='word_1_473' title='bbox 3580 1055 3803 1124; x_wconf 83' lang='grc' dir='ltr'>Περσῶν</span> <span class='ocrx_word' id='word_1_474' title='bbox 3853 1054 4009 1123; x_wconf 84' lang='grc' dir='ltr'>βασι-</span> 
     </span>
    </p>
   </div>
   <div class='ocr_carea' id='block_1_70' title="bbox 2435 1142 4009 1220">
    <p class='ocr_par' dir='ltr' id='par_1_70' title="bbox 2435 1142 4009 1220">
     <span class='ocr_line' id='line_1_70' title="bbox 2435 1142 4009 1220; baseline -0.006 -14"><span class='ocrx_word' id='word_1_475' title='bbox 2435 1153 2582 1216; x_wconf 82' lang='grc' dir='ltr'>λεὺς,</span> <span class='ocrx_word' id='word_1_476' title='bbox 2610 1150 2878 1220; x_wconf 86' lang='grc' dir='ltr'>Σαπώρης</span> <span class='ocrx_word' id='word_1_477' title='bbox 2903 1149 3074 1220; x_wconf 84' lang='grc' dir='ltr'>δνομα</span> <span class='ocrx_word' id='word_1_478' title='bbox 3108 1147 3282 1216; x_wconf 87' lang='grc' dir='ltr'>τούτῳ</span> <span class='ocrx_word' id='word_1_479' title='bbox 3310 1142 3399 1216; x_wconf 81' lang='grc' dir='ltr'>ἦν,</span> <span class='ocrx_word' id='word_1_480' title='bbox 3444 1146 3864 1215; x_wconf 77' lang='grc' dir='ltr'><strong>καταφρονήσας</strong></span> <span class='ocrx_word' id='word_1_481' title='bbox 3896 1144 4009 1196; x_wconf 83' lang='grc' dir='ltr'><strong>τῶν</strong></span> 
     </span>
    </p>
   </div>
   <div class='ocr_carea' id='block_1_71' title="bbox 2436 1237 4008 1308">
    <p class='ocr_par' dir='ltr' id='par_1_71' title="bbox 2436 1237 4008 1308">
     <span class='ocr_line' id='line_1_71' title="bbox 2436 1237 4008 1308; baseline -0.007 -10"><span class='ocrx_word' id='word_1_482' title='bbox 2436 1244 2662 1308; x_wconf 77' lang='grc' dir='ltr'><strong>παίδων,</strong></span> <span class='ocrx_word' id='word_1_483' title='bbox 2712 1243 2786 1305; x_wconf 83' lang='grc' dir='ltr'>ὡς</span> <span class='ocrx_word' id='word_1_484' title='bbox 2823 1242 2884 1295; x_wconf 86' lang='grc' dir='ltr'><strong>οὑ</strong></span> <span class='ocrx_word' id='word_1_485' title='bbox 2929 1241 2999 1293; x_wconf 80' lang='grc' dir='ltr'><strong>τά</strong></span> <span class='ocrx_word' id='word_1_486' title='bbox 3032 1239 3174 1293; x_wconf 87' lang='grc' dir='ltr'><strong>αὑτά</strong></span> <span class='ocrx_word' id='word_1_487' title='bbox 3199 1238 3278 1308; x_wconf 81' lang='grc' dir='ltr'>τῷ</span> <span class='ocrx_word' id='word_1_488' title='bbox 3323 1238 3493 1306; x_wconf 75' lang='grc' dir='ltr'>πατρὶ</span> <span class='ocrx_word' id='word_1_489' title='bbox 3528 1237 3864 1305; x_wconf 81' lang='grc' dir='ltr'>δυναμένων,</span> <span class='ocrx_word' id='word_1_490' title='bbox 3907 1238 4008 1288; x_wconf 71' lang='grc' dir='ltr'><strong>ἐπ·</strong></span> 
     </span>
    </p>
   </div>
   <div class='ocr_carea' id='block_1_72' title="bbox 2435 1324 4002 1403">
    <p class='ocr_par' dir='ltr' id='par_1_72' title="bbox 2435 1324 4002 1403">
     <span class='ocr_line' id='line_1_72' title="bbox 2435 1324 4002 1403; baseline -0.01 -16"><span class='ocrx_word' id='word_1_491' title='bbox 2435 1334 2765 1403; x_wconf 85' lang='grc' dir='ltr'>εστράτευσε</span> <span class='ocrx_word' id='word_1_492' title='bbox 2783 1333 2848 1401; x_wconf 82' lang='grc' dir='ltr'>τῇ</span> <span class='ocrx_word' id='word_1_493' title='bbox 2880 1329 3117 1389; x_wconf 85' lang='grc' dir='ltr'>Νισίϐει,</span> <span class='ocrx_word' id='word_1_494' title='bbox 3152 1326 3479 1394; x_wconf 74' lang='grc' dir='ltr'>παμπόλλην</span> <span class='ocrx_word' id='word_1_495' title='bbox 3516 1325 3612 1394; x_wconf 89' lang='grc' dir='ltr'>μὲν</span> <span class='ocrx_word' id='word_1_496' title='bbox 3644 1325 3790 1392; x_wconf 85' lang='grc' dir='ltr'>ἄγων</span> <span class='ocrx_word' id='word_1_497' title='bbox 3813 1324 4002 1384; x_wconf 81' lang='grc' dir='ltr'>ἵππον,</span> 
     </span>
    </p>
   </div>
   <div class='ocr_carea' id='block_1_73' title="bbox 2434 1409 4003 1491">
    <p class='ocr_par' dir='ltr' id='par_1_73' title="bbox 2434 1409 4003 1491">
     <span class='ocr_line' id='line_1_73' title="bbox 2434 1409 4003 1491; baseline -0.008 -15"><span class='ocrx_word' id='word_1_498' title='bbox 2434 1420 2757 1491; x_wconf 84' lang='grc' dir='ltr'>παμπόλλην</span> <span class='ocrx_word' id='word_1_499' title='bbox 2790 1420 2847 1472; x_wconf 86' lang='grc' dir='ltr'>δὲ</span> <span class='ocrx_word' id='word_1_500' title='bbox 2872 1417 3042 1487; x_wconf 80' lang='grc' dir='ltr'>πεζὴν</span> <span class='ocrx_word' id='word_1_501' title='bbox 3067 1416 3326 1483; x_wconf 85' lang='grc' dir='ltr'>στρατιάν</span> <span class='ocrx_word' id='word_1_502' title='bbox 3352 1432 3366 1445; x_wconf 90' lang='grc'><strong>·</strong></span> <span class='ocrx_word' id='word_1_503' title='bbox 3397 1409 3509 1484; x_wconf 73' lang='grc' dir='ltr'>εἶχε</span> <span class='ocrx_word' id='word_1_504' title='bbox 3541 1414 3597 1467; x_wconf 80' lang='grc' dir='ltr'>δὲ</span> <span class='ocrx_word' id='word_1_505' title='bbox 3634 1414 3730 1465; x_wconf 77' lang='grc' dir='ltr'>καὶ</span> <span class='ocrx_word' id='word_1_506' title='bbox 3770 1412 4003 1481; x_wconf 80' lang='grc' dir='ltr'>ἐλέφαν-</span> 
     </span>
    </p>
   </div>
   <div class='ocr_carea' id='block_1_74' title="bbox 2431 1503 4003 1576">
    <p class='ocr_par' dir='ltr' id='par_1_74' title="bbox 2431 1503 4003 1576">
     <span class='ocr_line' id='line_1_74' title="bbox 2431 1503 4003 1576; baseline -0.009 -9"><span class='ocrx_word' id='word_1_507' title='bbox 2431 1531 2530 1576; x_wconf 91' lang='grc' dir='ltr'><strong>τας</strong></span> <span class='ocrx_word' id='word_1_508' title='bbox 2554 1513 2635 1565; x_wconf 85' lang='grc' dir='ltr'>ὅτι</span> <span class='ocrx_word' id='word_1_509' title='bbox 2657 1509 2959 1572; x_wconf 83' lang='grc' dir='ltr'>πλείστους.</span> <span class='ocrx_word' id='word_1_510' title='bbox 2990 1509 3098 1561; x_wconf 75' lang='grc' dir='ltr'><strong>Καὶ</strong></span> <span class='ocrx_word' id='word_1_511' title='bbox 3121 1508 3307 1560; x_wconf 86' lang='grc' dir='ltr'>διελὼν</span> <span class='ocrx_word' id='word_1_512' title='bbox 3334 1506 3409 1568; x_wconf 90' lang='grc' dir='ltr'>ὠς</span> <span class='ocrx_word' id='word_1_513' title='bbox 3423 1509 3500 1568; x_wconf 86' lang='grc' dir='ltr'>εἰς</span> <span class='ocrx_word' id='word_1_514' title='bbox 3535 1504 3848 1573; x_wconf 80' lang='grc' dir='ltr'>πολιορκίαν</span> <span class='ocrx_word' id='word_1_515' title='bbox 3902 1503 4003 1570; x_wconf 82' lang='grc' dir='ltr'>τὴν</span> 
     </span>
    </p>
   </div>
   <div class='ocr_carea' id='block_1_75' title="bbox 2434 1594 4004 1675">
    <p class='ocr_par' dir='ltr' id='par_1_75' title="bbox 2434 1594 4004 1675">
     <span class='ocr_line' id='line_1_75' title="bbox 2434 1594 4004 1675; baseline -0.01 -17"><span class='ocrx_word' id='word_1_516' title='bbox 2434 1603 2715 1675; x_wconf 83' lang='grc' dir='ltr'>στρατιὰν,</span> <span class='ocrx_word' id='word_1_517' title='bbox 2736 1601 3087 1672; x_wconf 67' lang='grc' dir='ltr'><strong>Διτεριεκάθισιε</strong></span> <span class='ocrx_word' id='word_1_518' title='bbox 3114 1598 3319 1668; x_wconf 84' lang='grc' dir='ltr'>κύκλῳ,</span> <span class='ocrx_word' id='word_1_519' title='bbox 3346 1599 3438 1650; x_wconf 81' lang='grc' dir='ltr'><strong>καὶ</strong></span> <span class='ocrx_word' id='word_1_520' title='bbox 3460 1597 3829 1667; x_wconf 83' lang='grc' dir='ltr'>μηχανήματα</span> <span class='ocrx_word' id='word_1_521' title='bbox 3855 1594 4004 1662; x_wconf 82' lang='grc' dir='ltr'>ῐστη,</span> 
     </span>
    </p>
   </div>
   <div class='ocr_carea' id='block_1_76' title="bbox 2433 1686 4007 1765">
    <p class='ocr_par' dir='ltr' id='par_1_76' title="bbox 2433 1686 4007 1765">
     <span class='ocr_line' id='line_1_76' title="bbox 2433 1686 4007 1765; baseline -0.009 -16"><span class='ocrx_word' id='word_1_522' title='bbox 2433 1695 2529 1749; x_wconf 77' lang='grc' dir='ltr'>καὶ</span> <span class='ocrx_word' id='word_1_523' title='bbox 2565 1694 2786 1765; x_wconf 87' lang='grc' dir='ltr'>τύρσεις</span> <span class='ocrx_word' id='word_1_524' title='bbox 2829 1691 3181 1762; x_wconf 82' lang='grc' dir='ltr'>ἀνῳκοδόμει,</span> <span class='ocrx_word' id='word_1_525' title='bbox 3216 1691 3310 1742; x_wconf 85' lang='grc' dir='ltr'>καὶ</span> <span class='ocrx_word' id='word_1_526' title='bbox 3355 1686 3721 1757; x_wconf 84' lang='grc' dir='ltr'>σταυρώματα</span> <span class='ocrx_word' id='word_1_527' title='bbox 3752 1701 4007 1753; x_wconf 84' lang='grc' dir='ltr'>καταπη-</span> 
     </span>
    </p>
   </div>
   <div class='ocr_carea' id='block_1_77' title="bbox 2432 1778 4007 1856">
    <p class='ocr_par' dir='ltr' id='par_1_77' title="bbox 2432 1778 4007 1856">
     <span class='ocr_line' id='line_1_77' title="bbox 2432 1778 4007 1856; baseline -0.006 -17"><span class='ocrx_word' id='word_1_528' title='bbox 2432 1788 2585 1856; x_wconf 80' lang='grc' dir='ltr'>γνὺς,</span> <span class='ocrx_word' id='word_1_529' title='bbox 2607 1786 2701 1839; x_wconf 77' lang='grc' dir='ltr'>καὶ</span> <span class='ocrx_word' id='word_1_530' title='bbox 2726 1784 2794 1838; x_wconf 87' lang='grc' dir='ltr'><strong>τά</strong></span> <span class='ocrx_word' id='word_1_531' title='bbox 2817 1784 2955 1854; x_wconf 85' lang='grc' dir='ltr'>μέσα</span> <span class='ocrx_word' id='word_1_532' title='bbox 2971 1782 3177 1836; x_wconf 88' lang='grc' dir='ltr'>τούτων</span> <span class='ocrx_word' id='word_1_533' title='bbox 3197 1780 3469 1852; x_wconf 85' lang='grc' dir='ltr'>φορμηδὸν</span> <span class='ocrx_word' id='word_1_534' title='bbox 3492 1778 3875 1849; x_wconf 85' lang='grc' dir='ltr'>περιφράττων</span> <span class='ocrx_word' id='word_1_535' title='bbox 3892 1778 4007 1838; x_wconf 84' lang='grc' dir='ltr'>τοῖς</span> 
     </span>
    </p>
   </div>
   <div class='ocr_carea' id='block_1_78' title="bbox 2361 1857 4007 1945">
    <p class='ocr_par' dir='ltr' id='par_1_78' title="bbox 2361 1857 4007 1945">
     <span class='ocr_line' id='line_1_78' title="bbox 2361 1857 4007 1945; baseline -0.009 -13"><span class='ocrx_word' id='word_1_536' title='bbox 2361 1857 2406 1916; x_wconf 72' lang='grc' dir='ltr'><strong><em>Β</em></strong></span> <span class='ocrx_word' id='word_1_537' title='bbox 2434 1876 2668 1942; x_wconf 80' lang='grc' dir='ltr'>κλάδοις,</span> <span class='ocrx_word' id='word_1_538' title='bbox 2722 1875 2941 1928; x_wconf 64' lang='grc' dir='ltr'>ἐκέλευε</span> <span class='ocrx_word' id='word_1_539' title='bbox 2992 1871 3264 1945; x_wconf 87' lang='grc' dir='ltr'>προσχοῦν</span> <span class='ocrx_word' id='word_1_540' title='bbox 3314 1874 3427 1933; x_wconf 86' lang='grc' dir='ltr'>τοῖς</span> <span class='ocrx_word' id='word_1_541' title='bbox 3483 1866 3867 1939; x_wconf 85' lang='grc' dir='ltr'>στρατιώταις,</span> <span class='ocrx_word' id='word_1_542' title='bbox 3912 1868 4007 1919; x_wconf 77' lang='grc' dir='ltr'>καὶ</span> 
     </span>
    </p>
   </div>
   <div class='ocr_carea' id='block_1_79' title="bbox 2432 1958 4005 2038">
    <p class='ocr_par' dir='ltr' id='par_1_79' title="bbox 2432 1958 4005 2038">
     <span class='ocr_line' id='line_1_79' title="bbox 2432 1958 4005 2038; baseline -0.008 -16"><span class='ocrx_word' id='word_1_543' title='bbox 2432 1968 2675 2038; x_wconf 81' lang='grc' dir='ltr'>πύργους</span> <span class='ocrx_word' id='word_1_544' title='bbox 2717 1967 3051 2038; x_wconf 89' lang='grc' dir='ltr'>ἀντεγείρειν</span> <span class='ocrx_word' id='word_1_545' title='bbox 3076 1968 3187 2029; x_wconf 83' lang='grc' dir='ltr'>τοῖς</span> <span class='ocrx_word' id='word_1_546' title='bbox 3226 1964 3479 2034; x_wconf 83' lang='grc' dir='ltr'>πύργοις.</span> <span class='ocrx_word' id='word_1_547' title='bbox 3527 1958 3660 2015; x_wconf 78' lang='grc' dir='ltr'>Εἶτα</span> <span class='ocrx_word' id='word_1_548' title='bbox 3713 1960 3831 2013; x_wconf 65' lang='grc' dir='ltr'>ἐκεῖ</span> <span class='ocrx_word' id='word_1_549' title='bbox 3877 1959 4005 2021; x_wconf 70' lang='grc' dir='ltr'>τοὺς</span> 
     </span>
    </p>
   </div>
   <div class='ocr_carea' id='block_1_80' title="bbox 2428 2047 4003 2125">
    <p class='ocr_par' dir='ltr' id='par_1_80' title="bbox 2428 2047 4003 2125">
     <span class='ocr_line' id='line_1_80' title="bbox 2428 2047 4003 2125; baseline -0.007 -13"><span class='ocrx_word' id='word_1_550' title='bbox 2428 2059 2649 2121; x_wconf 79' lang='grc' dir='ltr'>τοξότας</span> <span class='ocrx_word' id='word_1_551' title='bbox 2674 2056 3040 2121; x_wconf 78' lang='grc' dir='ltr'>ἀναϐιϐάζων,</span> <span class='ocrx_word' id='word_1_552' title='bbox 3088 2057 3183 2110; x_wconf 73' lang='grc' dir='ltr'>καὶ</span> <span class='ocrx_word' id='word_1_553' title='bbox 3206 2055 3425 2125; x_wconf 82' lang='grc' dir='ltr'>ἀφιέναι</span> <span class='ocrx_word' id='word_1_554' title='bbox 3459 2052 3601 2107; x_wconf 85' lang='grc' dir='ltr'><strong>κατά</strong></span> <span class='ocrx_word' id='word_1_555' title='bbox 3624 2051 3732 2105; x_wconf 84' lang='grc' dir='ltr'><strong>τῶν</strong></span> <span class='ocrx_word' id='word_1_556' title='bbox 3773 2050 3867 2104; x_wconf 81' lang='grc' dir='ltr'><strong>ἐπὶ</strong></span> <span class='ocrx_word' id='word_1_557' title='bbox 3909 2047 4003 2102; x_wconf 81' lang='grc' dir='ltr'><strong>τοῦ</strong></span> 
     </span>
    </p>
   </div>
   <div class='ocr_carea' id='block_1_81' title="bbox 2428 2141 4000 2221">
    <p class='ocr_par' dir='ltr' id='par_1_81' title="bbox 2428 2141 4000 2221">
     <span class='ocr_line' id='line_1_81' title="bbox 2428 2141 4000 2221; baseline -0.008 -17"><span class='ocrx_word' id='word_1_558' title='bbox 2428 2150 2639 2221; x_wconf 85' lang='grc' dir='ltr'>τείχους</span> <span class='ocrx_word' id='word_1_559' title='bbox 2666 2148 2974 2220; x_wconf 78' lang='grc' dir='ltr'>ἑστηκότων</span> <span class='ocrx_word' id='word_1_560' title='bbox 2999 2148 3067 2201; x_wconf 89' lang='grc' dir='ltr'><strong>τά</strong></span> <span class='ocrx_word' id='word_1_561' title='bbox 3095 2147 3222 2219; x_wconf 83' lang='grc' dir='ltr'>βέλη</span> <span class='ocrx_word' id='word_1_562' title='bbox 3249 2144 3507 2209; x_wconf 85' lang='grc' dir='ltr'>κελεύων,</span> <span class='ocrx_word' id='word_1_563' title='bbox 3541 2144 3723 2206; x_wconf 75' lang='grc' dir='ltr'>ἄλλοις</span> <span class='ocrx_word' id='word_1_564' title='bbox 3750 2141 4000 2195; x_wconf 79' lang='grc' dir='ltr'>κάτωθεν</span> 
     </span>
    </p>
   </div>
   <div class='ocr_carea' id='block_1_82' title="bbox 2430 2236 4004 2315">
    <p class='ocr_par' dir='ltr' id='par_1_82' title="bbox 2430 2236 4004 2315">
     <span class='ocr_line' id='line_1_82' title="bbox 2430 2236 4004 2315; baseline -0.006 -19"><span class='ocrx_word' id='word_1_565' title='bbox 2430 2244 2751 2315; x_wconf 85' lang='grc' dir='ltr'>ὑπορύττειν</span> <span class='ocrx_word' id='word_1_566' title='bbox 2812 2244 2874 2295; x_wconf 78' lang='grc' dir='ltr'>τὸ</span> <span class='ocrx_word' id='word_1_567' title='bbox 2923 2244 3099 2311; x_wconf 82' lang='grc' dir='ltr'>τεῖχος</span> <span class='ocrx_word' id='word_1_568' title='bbox 3169 2240 3438 2294; x_wconf 71' lang='grc' dir='ltr'>ἐκέλευεν.</span> <span class='ocrx_word' id='word_1_569' title='bbox 3499 2239 3590 2301; x_wconf 81' lang='grc' dir='ltr'><strong>Ὣς</strong></span> <span class='ocrx_word' id='word_1_570' title='bbox 3634 2237 3693 2290; x_wconf 81' lang='grc' dir='ltr'>δὲ</span> <span class='ocrx_word' id='word_1_571' title='bbox 3744 2236 4004 2307; x_wconf 77' lang='grc' dir='ltr'>ἄπρακτα</span> 
     </span>
    </p>
   </div>
   <div class='ocr_carea' id='block_1_83' title="bbox 2429 2328 4003 2403">
    <p class='ocr_par' dir='ltr' id='par_1_83' title="bbox 2429 2328 4003 2403">
     <span class='ocr_line' id='line_1_83' title="bbox 2429 2328 4003 2403; baseline -0.005 -17"><span class='ocrx_word' id='word_1_572' title='bbox 2429 2334 2605 2387; x_wconf 88' lang='grc' dir='ltr'>πάντα</span> <span class='ocrx_word' id='word_1_573' title='bbox 2624 2333 2849 2400; x_wconf 77' lang='grc' dir='ltr'>ἐγίνετο,</span> <span class='ocrx_word' id='word_1_574' title='bbox 2873 2337 2938 2403; x_wconf 79' lang='grc' dir='ltr'>τῇ</span> <span class='ocrx_word' id='word_1_575' title='bbox 2973 2334 3069 2386; x_wconf 88' lang='grc' dir='ltr'><strong>τοῦ</strong></span> <span class='ocrx_word' id='word_1_576' title='bbox 3100 2332 3390 2386; x_wconf 88' lang='grc' dir='ltr'>θεσπεσίου</span> <span class='ocrx_word' id='word_1_577' title='bbox 3430 2330 3621 2401; x_wconf 79' lang='grc' dir='ltr'>ἀνδρὸς</span> <span class='ocrx_word' id='word_1_578' title='bbox 3672 2328 4003 2397; x_wconf 80' lang='grc' dir='ltr'>διαλυόμενα</span> 
     </span>
    </p>
   </div>
   <div class='ocr_carea' id='block_1_84' title="bbox 2428 2416 4003 2495">
    <p class='ocr_par' dir='ltr' id='par_1_84' title="bbox 2428 2416 4003 2495">
     <span class='ocr_line' id='line_1_84' title="bbox 2428 2416 4003 2495; baseline -0.005 -18"><span class='ocrx_word' id='word_1_579' title='bbox 2428 2427 2751 2495; x_wconf 80' lang='grc' dir='ltr'>προσευχῇ,</span> <span class='ocrx_word' id='word_1_580' title='bbox 2813 2424 2966 2487; x_wconf 86' lang='grc' dir='ltr'>τέλος</span> <span class='ocrx_word' id='word_1_581' title='bbox 3022 2423 3116 2477; x_wconf 89' lang='grc' dir='ltr'><strong>τοῦ</strong></span> <span class='ocrx_word' id='word_1_582' title='bbox 3180 2422 3588 2493; x_wconf 73' lang='grc' dir='ltr'>παραρρέοντος</span> <span class='ocrx_word' id='word_1_583' title='bbox 3649 2416 3895 2487; x_wconf 87' lang='grc' dir='ltr'>ποταμοῦ</span> <span class='ocrx_word' id='word_1_584' title='bbox 3942 2416 4003 2470; x_wconf 79' lang='grc' dir='ltr'>τὸ</span> 
     </span>
    </p>
   </div>
   <div class='ocr_carea' id='block_1_85' title="bbox 2430 2507 4003 2587">
    <p class='ocr_par' dir='ltr' id='par_1_85' title="bbox 2430 2507 4003 2587">
     <span class='ocr_line' id='line_1_85' title="bbox 2430 2507 4003 2587; baseline -0.007 -18"><span class='ocrx_word' id='word_1_585' title='bbox 2430 2516 2607 2587; x_wconf 80' lang='grc' dir='ltr'>ῥεῦμα</span> <span class='ocrx_word' id='word_1_586' title='bbox 2637 2520 2704 2586; x_wconf 84' lang='grc' dir='ltr'>τῇ</span> <span class='ocrx_word' id='word_1_587' title='bbox 2734 2516 3051 2586; x_wconf 76' lang='grc' dir='ltr'>πολυχειρίᾳ</span> <span class='ocrx_word' id='word_1_588' title='bbox 3102 2514 3371 2579; x_wconf 86' lang='grc' dir='ltr'>κωλύσας,</span> <span class='ocrx_word' id='word_1_589' title='bbox 3427 2513 3522 2566; x_wconf 76' lang='grc' dir='ltr'>καὶ</span> <span class='ocrx_word' id='word_1_590' title='bbox 3564 2514 3630 2581; x_wconf 84' lang='grc' dir='ltr'>τῇ</span> <span class='ocrx_word' id='word_1_591' title='bbox 3663 2507 4003 2577; x_wconf 86' lang='grc' dir='ltr'>ἀποτειχίσει</span> 
     </span>
    </p>
   </div>
   <div class='ocr_carea' id='block_1_86' title="bbox 2426 2602 4001 2678">
    <p class='ocr_par' dir='ltr' id='par_1_86' title="bbox 2426 2602 4001 2678">
     <span class='ocr_line' id='line_1_86' title="bbox 2426 2602 4001 2678; baseline -0.006 -18"><span class='ocrx_word' id='word_1_592' title='bbox 2426 2608 2805 2677; x_wconf 81' lang='grc' dir='ltr'>κεκωλυμένον</span> <span class='ocrx_word' id='word_1_593' title='bbox 2826 2609 2920 2661; x_wconf 86' lang='grc' dir='ltr'><strong>τοῦ</strong></span> <span class='ocrx_word' id='word_1_594' title='bbox 2944 2607 3189 2678; x_wconf 79' lang='grc' dir='ltr'>ποταμοῦ</span> <span class='ocrx_word' id='word_1_595' title='bbox 3223 2608 3306 2660; x_wconf 88' lang='grc' dir='ltr'>ὅτι</span> <span class='ocrx_word' id='word_1_596' title='bbox 3335 2605 3585 2659; x_wconf 86' lang='grc' dir='ltr'>πλεῖστον</span> <span class='ocrx_word' id='word_1_597' title='bbox 3618 2602 4001 2670; x_wconf 85' lang='grc' dir='ltr'>συναθροίσας,</span> 
     </span>
    </p>
   </div>
   <div class='ocr_carea' id='block_1_87' title="bbox 2427 2687 4002 2767">
    <p class='ocr_par' dir='ltr' id='par_1_87' title="bbox 2427 2687 4002 2767">
     <span class='ocr_line' id='line_1_87' title="bbox 2427 2687 4002 2767; baseline -0.003 -18"><span class='ocrx_word' id='word_1_598' title='bbox 2427 2697 2709 2767; x_wconf 78' lang='grc' dir='ltr'>ἐπαφῆκεν</span> <span class='ocrx_word' id='word_1_599' title='bbox 2731 2696 2926 2767; x_wconf 86' lang='grc' dir='ltr'>ἀθρόον</span> <span class='ocrx_word' id='word_1_600' title='bbox 2952 2696 3093 2751; x_wconf 87' lang='grc' dir='ltr'><strong>κατά</strong></span> <span class='ocrx_word' id='word_1_601' title='bbox 3126 2694 3220 2748; x_wconf 90' lang='grc' dir='ltr'><strong>τοῦ</strong></span> <span class='ocrx_word' id='word_1_602' title='bbox 3250 2695 3483 2764; x_wconf 82' lang='grc' dir='ltr'>τείχους,</span> <span class='ocrx_word' id='word_1_603' title='bbox 3513 2687 3626 2744; x_wconf 80' lang='grc' dir='ltr'>οἶόν</span> <span class='ocrx_word' id='word_1_604' title='bbox 3656 2708 3763 2743; x_wconf 91' lang='grc' dir='ltr'>τινι</span> <span class='ocrx_word' id='word_1_605' title='bbox 3824 2705 4002 2758; x_wconf 78' lang='grc' dir='ltr'>μηχα-</span> 
     </span>
    </p>
   </div>
   <div class='ocr_carea' id='block_1_88' title="bbox 2426 2779 4003 2859">
    <p class='ocr_par' dir='ltr' id='par_1_88' title="bbox 2426 2779 4003 2859">
     <span class='ocr_line' id='line_1_88' title="bbox 2426 2779 4003 2859; baseline -0.008 -18"><span class='ocrx_word' id='word_1_606' title='bbox 2426 2790 2629 2859; x_wconf 86' lang='grc' dir='ltr'>νήματι</span> <span class='ocrx_word' id='word_1_607' title='bbox 2670 2787 2845 2858; x_wconf 82' lang='grc' dir='ltr'>τούτῳ</span> <span class='ocrx_word' id='word_1_608' title='bbox 2914 2786 3256 2857; x_wconf 85' lang='grc' dir='ltr'>σφοδροτάτῳ</span> <span class='ocrx_word' id='word_1_609' title='bbox 3320 2784 3683 2855; x_wconf 83' lang='grc' dir='ltr'>χρησάμενος.</span> <span class='ocrx_word' id='word_1_610' title='bbox 3716 2781 3790 2832; x_wconf 88' lang='grc' dir='ltr'>Τὸ</span> <span class='ocrx_word' id='word_1_611' title='bbox 3818 2779 3876 2830; x_wconf 77' lang='grc' dir='ltr'>δὲ</span> <span class='ocrx_word' id='word_1_612' title='bbox 3902 2779 4003 2831; x_wconf 85' lang='grc' dir='ltr'><strong>οὑκ</strong></span> 
     </span>
    </p>
   </div>
   <div class='ocr_carea' id='block_1_89' title="bbox 2425 2873 4003 2953">
    <p class='ocr_par' dir='ltr' id='par_1_89' title="bbox 2425 2873 4003 2953">
     <span class='ocr_line' id='line_1_89' title="bbox 2425 2873 4003 2953; baseline -0.009 -18"><span class='ocrx_word' id='word_1_613' title='bbox 2425 2884 2621 2953; x_wconf 70' lang='grc' dir='ltr'>ἤνεγκε</span> <span class='ocrx_word' id='word_1_614' title='bbox 2650 2881 2747 2951; x_wconf 83' lang='grc' dir='ltr'>τὴν</span> <span class='ocrx_word' id='word_1_615' title='bbox 2774 2881 2869 2934; x_wconf 88' lang='grc' dir='ltr'><strong>τοῦ</strong></span> <span class='ocrx_word' id='word_1_616' title='bbox 2898 2881 3084 2942; x_wconf 79' lang='grc' dir='ltr'>ὓδατος</span> <span class='ocrx_word' id='word_1_617' title='bbox 3118 2878 3351 2948; x_wconf 79' lang='grc' dir='ltr'>ἐμϐολήν</span> <span class='ocrx_word' id='word_1_618' title='bbox 3372 2894 3384 2907; x_wconf 91' lang='grc'><strong>·</strong></span> <span class='ocrx_word' id='word_1_619' title='bbox 3409 2876 3542 2929; x_wconf 74' lang='grc' dir='ltr'>ἀλλὰ</span> <span class='ocrx_word' id='word_1_620' title='bbox 3566 2877 3633 2945; x_wconf 82' lang='grc' dir='ltr'>τῇ</span> <span class='ocrx_word' id='word_1_621' title='bbox 3660 2873 3810 2945; x_wconf 71' lang='grc' dir='ltr'>ῥύμῃ</span> <span class='ocrx_word' id='word_1_622' title='bbox 3832 2887 4003 2923; x_wconf 88' lang='grc' dir='ltr'>κατα-</span> 
     </span>
    </p>
   </div>
   <div class='ocr_carea' id='block_1_90' title="bbox 2427 2962 4003 3042">
    <p class='ocr_par' dir='ltr' id='par_1_90' title="bbox 2427 2962 4003 3042">
     <span class='ocr_line' id='line_1_90' title="bbox 2427 2962 4003 3042; baseline -0.009 -15"><span class='ocrx_word' id='word_1_623' title='bbox 2427 2971 2680 3036; x_wconf 78' lang='grc' dir='ltr'>σεισθεὶς,</span> <span class='ocrx_word' id='word_1_624' title='bbox 2711 2972 2880 3042; x_wconf 83' lang='grc' dir='ltr'>ἄρδην</span> <span class='ocrx_word' id='word_1_625' title='bbox 2917 2971 3067 3025; x_wconf 78' lang='grc' dir='ltr'>ἅπαν</span> <span class='ocrx_word' id='word_1_626' title='bbox 3102 2969 3163 3021; x_wconf 85' lang='grc' dir='ltr'>τὸ</span> <span class='ocrx_word' id='word_1_627' title='bbox 3207 2968 3327 3022; x_wconf 83' lang='grc' dir='ltr'>κατ’</span> <span class='ocrx_word' id='word_1_628' title='bbox 3367 2968 3542 3019; x_wconf 80' lang='grc' dir='ltr'>ἐκεῖνο</span> <span class='ocrx_word' id='word_1_629' title='bbox 3568 2965 3728 3034; x_wconf 88' lang='grc' dir='ltr'>μέρος</span> <span class='ocrx_word' id='word_1_630' title='bbox 3762 2962 4003 3014; x_wconf 81' lang='grc' dir='ltr'>κατέπε-</span> 
     </span>
    </p>
   </div>
   <div class='ocr_carea' id='block_1_91' title="bbox 2426 3049 3997 3132">
    <p class='ocr_par' dir='ltr' id='par_1_91' title="bbox 2426 3049 3997 3132">
     <span class='ocr_line' id='line_1_91' title="bbox 2426 3049 3997 3132; baseline -0.01 -14"><span class='ocrx_word' id='word_1_631' title='bbox 2426 3082 2541 3119; x_wconf 90' lang='grc' dir='ltr'>σεν.</span> <span class='ocrx_word' id='word_1_632' title='bbox 2576 3063 2716 3116; x_wconf 62' lang='lat' dir='ltr'><strong>om</strong></span> <span class='ocrx_word' id='word_1_633' title='bbox 2769 3062 2910 3132; x_wconf 86' lang='grc' dir='ltr'>μέγα</span> <span class='ocrx_word' id='word_1_634' title='bbox 2938 3060 3127 3123; x_wconf 80' lang='grc' dir='ltr'>ὲϐόων,</span> <span class='ocrx_word' id='word_1_635' title='bbox 3160 3059 3235 3122; x_wconf 87' lang='grc' dir='ltr'><strong>ὼς</strong></span> <span class='ocrx_word' id='word_1_636' title='bbox 3256 3057 3528 3112; x_wconf 82' lang='grc' dir='ltr'>εὑαλὼτου</span> <span class='ocrx_word' id='word_1_637' title='bbox 3579 3052 3873 3124; x_wconf 87' lang='grc' dir='ltr'>γενομένου</span> <span class='ocrx_word' id='word_1_638' title='bbox 3903 3049 3997 3103; x_wconf 85' lang='grc' dir='ltr'><strong>τοῦ</strong></span> 
     </span>
    </p>
   </div>
   <div class='ocr_carea' id='block_1_92' title="bbox 2426 3144 4000 3223">
    <p class='ocr_par' dir='ltr' id='par_1_92' title="bbox 2426 3144 4000 3223">
     <span class='ocr_line' id='line_1_92' title="bbox 2426 3144 4000 3223; baseline -0.011 -11"><span class='ocrx_word' id='word_1_639' title='bbox 2426 3159 2639 3219; x_wconf 78' lang='grc' dir='ltr'>ἄστεος.</span> <span class='ocrx_word' id='word_1_640' title='bbox 2676 3155 2750 3207; x_wconf 77' lang='grc' dir='ltr'>Τὸ</span> <span class='ocrx_word' id='word_1_641' title='bbox 2789 3153 2896 3222; x_wconf 87' lang='grc' dir='ltr'><strong>γὰρ</strong></span> <span class='ocrx_word' id='word_1_642' title='bbox 2932 3154 3073 3223; x_wconf 87' lang='grc' dir='ltr'>μέγα</span> <span class='ocrx_word' id='word_1_643' title='bbox 3096 3154 3269 3221; x_wconf 81' lang='grc' dir='ltr'>τεῖχος</span> <span class='ocrx_word' id='word_1_644' title='bbox 3299 3151 3405 3202; x_wconf 86' lang='grc' dir='ltr'>τῶν</span> <span class='ocrx_word' id='word_1_645' title='bbox 3435 3146 3785 3201; x_wconf 73' lang='grc' dir='ltr'>ἐνοικούντων</span> <span class='ocrx_word' id='word_1_646' title='bbox 3833 3144 4000 3213; x_wconf 78' lang='grc' dir='ltr'>ήγνό-</span> 
     </span>
    </p>
   </div>
   <div class='ocr_carea' id='block_1_93' title="bbox 2426 3237 3997 3311">
    <p class='ocr_par' dir='ltr' id='par_1_93' title="bbox 2426 3237 3997 3311">
     <span class='ocr_line' id='line_1_93' title="bbox 2426 3237 3997 3311; baseline -0.009 -10"><span class='ocrx_word' id='word_1_647' title='bbox 2426 3263 2552 3303; x_wconf 83' lang='grc' dir='ltr'>ουν’</span> <span class='ocrx_word' id='word_1_648' title='bbox 2602 3244 2953 3298; x_wconf 81' lang='grc' dir='ltr'>ἀνεϐάλλοντο</span> <span class='ocrx_word' id='word_1_649' title='bbox 2988 3243 3046 3294; x_wconf 80' lang='grc' dir='ltr'>δὲ</span> <span class='ocrx_word' id='word_1_650' title='bbox 3088 3244 3236 3311; x_wconf 84' lang='grc' dir='ltr'>ὅμως</span> <span class='ocrx_word' id='word_1_651' title='bbox 3284 3239 3382 3311; x_wconf 83' lang='grc' dir='ltr'>τὴν</span> <span class='ocrx_word' id='word_1_652' title='bbox 3425 3237 3751 3309; x_wconf 77' lang='grc' dir='ltr'>προσϐολὴν,</span> <span class='ocrx_word' id='word_1_653' title='bbox 3794 3237 3997 3291; x_wconf 80' lang='grc' dir='ltr'>ἄϐατον</span> 
     </span>
    </p>
   </div>
   <div class='ocr_carea' id='block_1_94' title="bbox 2426 3327 3993 3409">
    <p class='ocr_par' dir='ltr' id='par_1_94' title="bbox 2426 3327 3993 3409">
     <span class='ocr_line' id='line_1_94' title="bbox 2426 3327 3993 3409; baseline -0.008 -18"><span class='ocrx_word' id='word_1_654' title='bbox 2426 3338 2657 3409; x_wconf 76' lang='grc' dir='ltr'>ὁρῶντες</span> <span class='ocrx_word' id='word_1_655' title='bbox 2714 3336 2817 3388; x_wconf 85' lang='grc' dir='ltr'>ὑπὸ</span> <span class='ocrx_word' id='word_1_656' title='bbox 2872 3334 2981 3386; x_wconf 83' lang='grc' dir='ltr'>τῶν</span> <span class='ocrx_word' id='word_1_657' title='bbox 3039 3333 3242 3386; x_wconf 84' lang='grc' dir='ltr'>ὑδάτων</span> <span class='ocrx_word' id='word_1_658' title='bbox 3309 3331 3608 3401; x_wconf 88' lang='grc' dir='ltr'>γενομένην</span> <span class='ocrx_word' id='word_1_659' title='bbox 3656 3328 3755 3398; x_wconf 82' lang='grc' dir='ltr'>τὴν</span> <span class='ocrx_word' id='word_1_660' title='bbox 3815 3327 3993 3380; x_wconf 88' lang='grc' dir='ltr'>πόλιν.</span> 
     </span>
    </p>
   </div>
   <div class='ocr_carea' id='block_1_95' title="bbox 2425 3418 3994 3499">
    <p class='ocr_par' dir='ltr' id='par_1_95' title="bbox 2425 3418 3994 3499">
     <span class='ocr_line' id='line_1_95' title="bbox 2425 3418 3994 3499; baseline -0.008 -16"><span class='ocrx_word' id='word_1_661' title='bbox 2425 3429 2620 3499; x_wconf 76' lang='grc' dir='ltr'>Πόῤῥω</span> <span class='ocrx_word' id='word_1_662' title='bbox 2644 3426 2819 3479; x_wconf 89' lang='grc' dir='ltr'>τοίνυν</span> <span class='ocrx_word' id='word_1_663' title='bbox 2875 3425 3347 3494; x_wconf 82' lang='grc' dir='ltr'>ὑποχωρήσαντες,</span> <span class='ocrx_word' id='word_1_664' title='bbox 3374 3422 3449 3485; x_wconf 83' lang='grc' dir='ltr'>ὠς</span> <span class='ocrx_word' id='word_1_665' title='bbox 3478 3421 3573 3474; x_wconf 91' lang='grc' dir='ltr'><strong>τοῦ</strong></span> <span class='ocrx_word' id='word_1_666' title='bbox 3607 3420 3770 3472; x_wconf 89' lang='grc' dir='ltr'>πόνου</span> <span class='ocrx_word' id='word_1_667' title='bbox 3836 3418 3994 3487; x_wconf 83' lang='grc' dir='ltr'>σφίσι</span> 
     </span>
    </p>
   </div>
   <div class='ocr_carea' id='block_1_96' title="bbox 2424 3508 3996 3585">
    <p class='ocr_par' dir='ltr' id='par_1_96' title="bbox 2424 3508 3996 3585">
     <span class='ocr_line' id='line_1_96' title="bbox 2424 3508 3996 3585; baseline -0.006 -17"><span class='ocrx_word' id='word_1_668' title='bbox 2424 3517 2795 3585; x_wconf 81' lang='grc' dir='ltr'>λωφήσαντος,</span> <span class='ocrx_word' id='word_1_669' title='bbox 2827 3512 2977 3565; x_wconf 77' lang='grc' dir='ltr'>αὐτοί</span> <span class='ocrx_word' id='word_1_670' title='bbox 3002 3530 3062 3565; x_wconf 91' lang='grc' dir='ltr'><strong>τε</strong></span> <span class='ocrx_word' id='word_1_671' title='bbox 3092 3511 3493 3575; x_wconf 88' lang='grc' dir='ltr'>διανεπαύοντο,</span> <span class='ocrx_word' id='word_1_672' title='bbox 3524 3511 3617 3563; x_wconf 79' lang='grc' dir='ltr'>καὶ</span> <span class='ocrx_word' id='word_1_673' title='bbox 3643 3508 3767 3571; x_wconf 75' lang='grc' dir='ltr'>τοῦς</span> <span class='ocrx_word' id='word_1_674' title='bbox 3790 3508 3996 3569; x_wconf 82' lang='grc' dir='ltr'>ἵππους</span> 
     </span>
    </p>
   </div>
   <div class='ocr_carea' id='block_1_97' title="bbox 2426 3596 3998 3672">
    <p class='ocr_par' dir='ltr' id='par_1_97' title="bbox 2426 3596 3998 3672">
     <span class='ocr_line' id='line_1_97' title="bbox 2426 3596 3998 3672; baseline -0.004 -19"><span class='ocrx_word' id='word_1_675' title='bbox 2426 3601 2773 3672; x_wconf 78' lang='grc' dir='ltr'>ἐθεράπευον.</span> <span class='ocrx_word' id='word_1_676' title='bbox 2810 3602 2874 3651; x_wconf 69' lang='grc' dir='ltr'>(ιι</span> <span class='ocrx_word' id='word_1_677' title='bbox 2907 3599 2963 3651; x_wconf 81' lang='grc' dir='ltr'>δὲ</span> <span class='ocrx_word' id='word_1_678' title='bbox 2993 3600 3090 3669; x_wconf 81' lang='grc' dir='ltr'>τὴν</span> <span class='ocrx_word' id='word_1_679' title='bbox 3145 3598 3299 3651; x_wconf 88' lang='grc' dir='ltr'>πόλιν</span> <span class='ocrx_word' id='word_1_680' title='bbox 3342 3599 3617 3661; x_wconf 73' lang='grc' dir='ltr'>οἰκοῦντες</span> <span class='ocrx_word' id='word_1_681' title='bbox 3656 3599 3735 3659; x_wconf 84' lang='grc' dir='ltr'><strong>είς</strong></span> <span class='ocrx_word' id='word_1_682' title='bbox 3761 3596 3998 3658; x_wconf 83' lang='grc' dir='ltr'>ἱκετείας</span> 
     </span>
    </p>
   </div>
   <div class='ocr_carea' id='block_1_98' title="bbox 2426 3688 4002 3762">
    <p class='ocr_par' dir='ltr' id='par_1_98' title="bbox 2426 3688 4002 3762">
     <span class='ocr_line' id='line_1_98' title="bbox 2426 3688 4002 3762; baseline -0.003 -18"><span class='ocrx_word' id='word_1_683' title='bbox 2426 3692 2787 3761; x_wconf 86' lang='grc' dir='ltr'>σφοδροτέρας</span> <span class='ocrx_word' id='word_1_684' title='bbox 2817 3691 3131 3762; x_wconf 74' lang='grc' dir='ltr'>ἐτρέποντο,</span> <span class='ocrx_word' id='word_1_685' title='bbox 3164 3688 3502 3760; x_wconf 82' lang='grc' dir='ltr'>πρεσϐευτὴν</span> <span class='ocrx_word' id='word_1_686' title='bbox 3540 3690 3750 3758; x_wconf 78' lang='grc' dir='ltr'>ἔχοντες</span> <span class='ocrx_word' id='word_1_687' title='bbox 3779 3688 3870 3741; x_wconf 73' lang='grc' dir='ltr'><strong>τὸν</strong></span> <span class='ocrx_word' id='word_1_688' title='bbox 3905 3688 4002 3757; x_wconf 86' lang='grc' dir='ltr'>μέ-</span> 
     </span>
    </p>
   </div>
   <div class='ocr_carea' id='block_1_99' title="bbox 2423 3779 3999 3853">
    <p class='ocr_par' dir='ltr' id='par_1_99' title="bbox 2423 3779 3999 3853">
     <span class='ocr_line' id='line_1_99' title="bbox 2423 3779 3999 3853; baseline -0.004 -18"><span class='ocrx_word' id='word_1_689' title='bbox 2423 3800 2525 3853; x_wconf 91' lang='grc' dir='ltr'><strong>γαν</strong></span> <span class='ocrx_word' id='word_1_690' title='bbox 2568 3782 2821 3836; x_wconf 86' lang='grc' dir='ltr'>Ἰάκωϐον</span> <span class='ocrx_word' id='word_1_691' title='bbox 2855 3799 2867 3812; x_wconf 89' lang='grc'><strong>·</strong></span> <span class='ocrx_word' id='word_1_692' title='bbox 2903 3783 2953 3834; x_wconf 78' lang='grc' dir='ltr'>οἱ</span> <span class='ocrx_word' id='word_1_693' title='bbox 2978 3781 3034 3833; x_wconf 85' lang='grc' dir='ltr'>δὲ</span> <span class='ocrx_word' id='word_1_694' title='bbox 3060 3783 3116 3833; x_wconf 80' lang='grc' dir='ltr'>ὲν</span> <span class='ocrx_word' id='word_1_695' title='bbox 3150 3780 3338 3850; x_wconf 86' lang='grc' dir='ltr'>ήλικίᾳ</span> <span class='ocrx_word' id='word_1_696' title='bbox 3387 3780 3587 3842; x_wconf 80' lang='grc' dir='ltr'>πάντες</span> <span class='ocrx_word' id='word_1_697' title='bbox 3620 3779 3999 3847; x_wconf 76' lang='grc' dir='ltr'>ἀνῳκοδόμουν</span> 
     </span>
    </p>
   </div>
   <div class='ocr_carea' id='block_1_100' title="bbox 2426 3867 3995 3942">
    <p class='ocr_par' dir='ltr' id='par_1_100' title="bbox 2426 3867 3995 3942">
     <span class='ocr_line' id='line_1_100' title="bbox 2426 3867 3995 3942; baseline -0.004 -17"><span class='ocrx_word' id='word_1_698' title='bbox 2426 3872 2653 3942; x_wconf 82' lang='grc' dir='ltr'>σπουδῇ,</span> <span class='ocrx_word' id='word_1_699' title='bbox 2688 3871 2810 3923; x_wconf 75' lang='grc' dir='ltr'>οὕτε</span> <span class='ocrx_word' id='word_1_700' title='bbox 2842 3870 3075 3933; x_wconf 85' lang='grc' dir='ltr'>κάλλους</span> <span class='ocrx_word' id='word_1_701' title='bbox 3094 3869 3217 3922; x_wconf 83' lang='grc' dir='ltr'>οὑτε</span> <span class='ocrx_word' id='word_1_702' title='bbox 3240 3869 3508 3939; x_wconf 82' lang='grc' dir='ltr'>ἁρμονίας</span> <span class='ocrx_word' id='word_1_703' title='bbox 3539 3867 3995 3937; x_wconf 57' lang='grc' dir='ltr'>ἐπιμελούμενον</span> 
     </span>
    </p>
   </div>
   <div class='ocr_carea' id='block_1_101' title="bbox 2424 3961 3995 4034">
    <p class='ocr_par' dir='ltr' id='par_1_101' title="bbox 2424 3961 3995 4034">
     <span class='ocr_line' id='line_1_101' title="bbox 2424 3961 3995 4034; baseline -0.004 -15"><span class='ocrx_word' id='word_1_704' title='bbox 2424 3964 2560 4019; x_wconf 79' lang='grc' dir='ltr'><strong>ἀλλά</strong></span> <span class='ocrx_word' id='word_1_705' title='bbox 2588 3965 2723 4034; x_wconf 87' lang='grc' dir='ltr'>πρὸς</span> <span class='ocrx_word' id='word_1_706' title='bbox 2756 3964 2817 4015; x_wconf 80' lang='grc' dir='ltr'>τὸ</span> <span class='ocrx_word' id='word_1_707' title='bbox 2844 3964 3004 4033; x_wconf 74' lang='grc' dir='ltr'>τυχὸν</span> <span class='ocrx_word' id='word_1_708' title='bbox 3030 3964 3242 4016; x_wconf 78' lang='grc' dir='ltr'>ἅπαντα</span> <span class='ocrx_word' id='word_1_709' title='bbox 3270 3963 3625 4027; x_wconf 81' lang='grc' dir='ltr'>συντιθέντες,</span> <span class='ocrx_word' id='word_1_710' title='bbox 3658 3962 3751 4015; x_wconf 75' lang='grc' dir='ltr'>καὶ</span> <span class='ocrx_word' id='word_1_711' title='bbox 3785 3961 3995 4024; x_wconf 85' lang='grc' dir='ltr'>λίθους,</span> 
     </span>
    </p>
   </div>
   <div class='ocr_carea' id='block_1_102' title="bbox 2424 4052 4001 4123">
    <p class='ocr_par' dir='ltr' id='par_1_102' title="bbox 2424 4052 4001 4123">
     <span class='ocr_line' id='line_1_102' title="bbox 2424 4052 4001 4123; baseline -0.004 -14"><span class='ocrx_word' id='word_1_712' title='bbox 2424 4055 2518 4109; x_wconf 79' lang='grc' dir='ltr'>καὶ</span> <span class='ocrx_word' id='word_1_713' title='bbox 2543 4054 2813 4118; x_wconf 85' lang='grc' dir='ltr'>πλίνθους,</span> <span class='ocrx_word' id='word_1_714' title='bbox 2860 4055 2955 4107; x_wconf 72' lang='grc' dir='ltr'>καὶ</span> <span class='ocrx_word' id='word_1_715' title='bbox 2984 4055 3012 4106; x_wconf 85' lang='grc' dir='ltr'>ὃ</span> <span class='ocrx_word' id='word_1_716' title='bbox 3040 4071 3089 4106; x_wconf 90' lang='grc' dir='ltr'><strong>τι</strong></span> <span class='ocrx_word' id='word_1_717' title='bbox 3118 4055 3182 4107; x_wconf 86' lang='grc' dir='ltr'><strong>ἀν</strong></span> <span class='ocrx_word' id='word_1_718' title='bbox 3231 4070 3315 4117; x_wconf 89' lang='grc' dir='ltr'><strong>τις</strong></span> <span class='ocrx_word' id='word_1_719' title='bbox 3352 4052 3608 4122; x_wconf 76' lang='grc' dir='ltr'>ἐκόμιζε·</span> <span class='ocrx_word' id='word_1_720' title='bbox 3649 4052 3745 4105; x_wconf 83' lang='grc' dir='ltr'>καὶ</span> <span class='ocrx_word' id='word_1_721' title='bbox 3794 4054 3852 4104; x_wconf 82' lang='grc' dir='ltr'><strong>έν</strong></span> <span class='ocrx_word' id='word_1_722' title='bbox 3900 4054 4001 4123; x_wconf 81' lang='grc' dir='ltr'><strong>μιᾷ</strong></span> 
     </span>
    </p>
   </div>
   <div class='ocr_carea' id='block_1_103' title="bbox 2423 4142 3996 4215">
    <p class='ocr_par' dir='ltr' id='par_1_103' title="bbox 2423 4142 3996 4215">
     <span class='ocr_line' id='line_1_103' title="bbox 2423 4142 3996 4215; baseline -0.003 -17"><span class='ocrx_word' id='word_1_723' title='bbox 2423 4146 2579 4199; x_wconf 66' lang='grc' dir='ltr'><strong>νυκτὶ¹</strong></span> <span class='ocrx_word' id='word_1_724' title='bbox 2627 4144 2841 4215; x_wconf 78' lang='grc' dir='ltr'>προῦϐη</span> <span class='ocrx_word' id='word_1_725' title='bbox 2872 4146 2933 4197; x_wconf 88' lang='grc' dir='ltr'>τὸ</span> <span class='ocrx_word' id='word_1_726' title='bbox 2955 4146 3135 4215; x_wconf 77' lang='grc' dir='ltr'>ἔργον,</span> <span class='ocrx_word' id='word_1_727' title='bbox 3167 4144 3260 4198; x_wconf 74' lang='grc' dir='ltr'>καὶ</span> <span class='ocrx_word' id='word_1_728' title='bbox 3300 4144 3555 4197; x_wconf 87' lang='grc' dir='ltr'>τοσοῦτον</span> <span class='ocrx_word' id='word_1_729' title='bbox 3596 4142 3784 4195; x_wconf 76' lang='grc' dir='ltr'>ἔλαϐεν</span> <span class='ocrx_word' id='word_1_730' title='bbox 3840 4142 3996 4211; x_wconf 54' lang='lat' dir='ltr'><strong>Eulog,</strong></span> 
     </span>
    </p>
   </div>
   <div class='ocr_carea' id='block_1_104' title="bbox 2421 4234 3998 4307">
    <p class='ocr_par' dir='ltr' id='par_1_104' title="bbox 2421 4234 3998 4307">
     <span class='ocr_line' id='line_1_104' title="bbox 2421 4234 3998 4307; baseline -0.004 -16"><span class='ocrx_word' id='word_1_731' title='bbox 2421 4238 2545 4292; x_wconf 81' lang='grc' dir='ltr'>ὅσον</span> <span class='ocrx_word' id='word_1_732' title='bbox 2570 4238 2785 4307; x_wconf 85' lang='grc' dir='ltr'>ἀπόχρη</span> <span class='ocrx_word' id='word_1_733' title='bbox 2813 4236 3144 4291; x_wconf 68' lang='grc' dir='ltr'>διακωλῦσαι</span> <span class='ocrx_word' id='word_1_734' title='bbox 3176 4237 3268 4290; x_wconf 83' lang='grc' dir='ltr'>καὶ</span> <span class='ocrx_word' id='word_1_735' title='bbox 3295 4236 3403 4289; x_wconf 85' lang='grc' dir='ltr'><strong>τῶν</strong></span> <span class='ocrx_word' id='word_1_736' title='bbox 3438 4235 3620 4290; x_wconf 74' lang='grc' dir='ltr'>ἵππων</span> <span class='ocrx_word' id='word_1_737' title='bbox 3640 4234 3733 4287; x_wconf 82' lang='grc' dir='ltr'><strong>τὸν</strong></span> <span class='ocrx_word' id='word_1_738' title='bbox 3772 4234 3998 4303; x_wconf 70' lang='grc' dir='ltr'>δρόμον,</span> 
     </span>
    </p>
   </div>
   <div class='ocr_carea' id='block_1_105' title="bbox 2422 4326 3998 4401">
    <p class='ocr_par' dir='ltr' id='par_1_105' title="bbox 2422 4326 3998 4401">
     <span class='ocr_line' id='line_1_105' title="bbox 2422 4326 3998 4401; baseline -0.003 -18"><span class='ocrx_word' id='word_1_739' title='bbox 2422 4330 2517 4383; x_wconf 75' lang='grc' dir='ltr'>καὶ</span> <span class='ocrx_word' id='word_1_740' title='bbox 2555 4330 2661 4383; x_wconf 83' lang='grc' dir='ltr'>τῶν</span> <span class='ocrx_word' id='word_1_741' title='bbox 2684 4330 2893 4401; x_wconf 86' lang='grc' dir='ltr'>ἀνδρῶν</span> <span class='ocrx_word' id='word_1_742' title='bbox 2924 4329 3020 4399; x_wconf 82' lang='grc' dir='ltr'>τὴν</span> <span class='ocrx_word' id='word_1_743' title='bbox 3062 4331 3188 4383; x_wconf 82' lang='grc' dir='ltr'>ἄνευ</span> <span class='ocrx_word' id='word_1_744' title='bbox 3228 4327 3512 4399; x_wconf 80' lang='grc' dir='ltr'>κλιμάκων</span> <span class='ocrx_word' id='word_1_745' title='bbox 3558 4326 3833 4380; x_wconf 75' lang='grc' dir='ltr'>ἐπίϐασιν.</span> <span class='ocrx_word' id='word_1_746' title='bbox 3861 4328 3998 4379; x_wconf 79' lang='grc' dir='ltr'>Τότε</span> 
     </span>
    </p>
   </div>
   <div class='ocr_carea' id='block_1_106' title="bbox 2423 4418 3999 4489">
    <p class='ocr_par' dir='ltr' id='par_1_106' title="bbox 2423 4418 3999 4489">
     <span class='ocr_line' id='line_1_106' title="bbox 2423 4418 3999 4489; baseline -0.004 -13"><span class='ocrx_word' id='word_1_747' title='bbox 2423 4423 2621 4487; x_wconf 86' lang='grc' dir='ltr'>πάντες</span> <span class='ocrx_word' id='word_1_748' title='bbox 2657 4422 2957 4475; x_wconf 89' lang='grc' dir='ltr'>ἱκετεύουσι</span> <span class='ocrx_word' id='word_1_749' title='bbox 2989 4421 3078 4474; x_wconf 80' lang='grc' dir='ltr'>τὸν</span> <span class='ocrx_word' id='word_1_750' title='bbox 3105 4420 3200 4473; x_wconf 87' lang='grc' dir='ltr'><strong>τοῦ</strong></span> <span class='ocrx_word' id='word_1_751' title='bbox 3241 4419 3376 4473; x_wconf 83' lang='grc' dir='ltr'>Θεοῦ</span> <span class='ocrx_word' id='word_1_752' title='bbox 3424 4418 3708 4489; x_wconf 80' lang='grc' dir='ltr'>ἄνθρωπον</span> <span class='ocrx_word' id='word_1_753' title='bbox 3762 4420 3999 4487; x_wconf 81' lang='grc' dir='ltr'>φανῆναι</span> 
     </span>
    </p>
   </div>
   <div class='ocr_carea' id='block_1_107' title="bbox 2422 4508 3998 4582">
    <p class='ocr_par' dir='ltr' id='par_1_107' title="bbox 2422 4508 3998 4582">
     <span class='ocr_line' id='line_1_107' title="bbox 2422 4508 3998 4582; baseline -0.004 -17"><span class='ocrx_word' id='word_1_754' title='bbox 2422 4514 2516 4567; x_wconf 75' lang='grc' dir='ltr'><strong>ἐπὶ</strong></span> <span class='ocrx_word' id='word_1_755' title='bbox 2537 4512 2631 4567; x_wconf 88' lang='grc' dir='ltr'><strong>τοῦ</strong></span> <span class='ocrx_word' id='word_1_756' title='bbox 2665 4514 2895 4582; x_wconf 85' lang='grc' dir='ltr'>τείχους,</span> <span class='ocrx_word' id='word_1_757' title='bbox 2926 4511 3019 4564; x_wconf 80' lang='grc' dir='ltr'>καὶ</span> <span class='ocrx_word' id='word_1_758' title='bbox 3055 4513 3214 4582; x_wconf 88' lang='grc' dir='ltr'>ἀραῖς</span> <span class='ocrx_word' id='word_1_759' title='bbox 3244 4508 3636 4574; x_wconf 77' lang='grc' dir='ltr'>κατατοξεῦσαι</span> <span class='ocrx_word' id='word_1_760' title='bbox 3663 4509 3789 4571; x_wconf 70' lang='grc' dir='ltr'>τοὺς</span> <span class='ocrx_word' id='word_1_761' title='bbox 3835 4508 3998 4561; x_wconf 83' lang='grc' dir='ltr'>πολε-</span> 
     </span>
    </p>
   </div>
   <div class='ocr_carea' id='block_1_108' title="bbox 2428 4600 3997 4676">
    <p class='ocr_par' dir='ltr' id='par_1_108' title="bbox 2428 4600 3997 4676">
     <span class='ocr_line' id='line_1_108' title="bbox 2428 4600 3997 4676; baseline -0.003 -19"><span class='ocrx_word' id='word_1_762' title='bbox 2428 4606 2603 4676; x_wconf 88' lang='grc' dir='ltr'>μίους.</span> <span class='ocrx_word' id='word_1_763' title='bbox 2655 4605 2710 4657; x_wconf 87' lang='grc' dir='ltr'>Ὀ</span> <span class='ocrx_word' id='word_1_764' title='bbox 2735 4604 2791 4656; x_wconf 84' lang='grc' dir='ltr'>δὲ</span> <span class='ocrx_word' id='word_1_765' title='bbox 2814 4604 3056 4665; x_wconf 76' lang='grc' dir='ltr'>πεισθεὶς</span> <span class='ocrx_word' id='word_1_766' title='bbox 3109 4605 3282 4673; x_wconf 78' lang='grc' dir='ltr'>ἀνῄει,</span> <span class='ocrx_word' id='word_1_767' title='bbox 3334 4603 3427 4655; x_wconf 88' lang='grc' dir='ltr'><strong>καί</strong></span> <span class='ocrx_word' id='word_1_768' title='bbox 3457 4600 3554 4663; x_wconf 85' lang='grc' dir='ltr'><strong>τάς</strong></span> <span class='ocrx_word' id='word_1_769' title='bbox 3582 4600 3781 4661; x_wconf 83' lang='grc' dir='ltr'>πολλὰς</span> <span class='ocrx_word' id='word_1_770' title='bbox 3816 4600 3997 4652; x_wconf 80' lang='grc' dir='ltr'>αὑτῶν</span> 
     </span>
    </p>
   </div>
   <div class='ocr_carea' id='block_1_109' title="bbox 2425 4692 3998 4765">
    <p class='ocr_par' dir='ltr' id='par_1_109' title="bbox 2425 4692 3998 4765">
     <span class='ocr_line' id='line_1_109' title="bbox 2425 4692 3998 4765; baseline -0.003 -16"><span class='ocrx_word' id='word_1_771' title='bbox 2425 4696 2756 4765; x_wconf 86' lang='grc' dir='ltr'>θεασάμενος</span> <span class='ocrx_word' id='word_1_772' title='bbox 2788 4695 3072 4765; x_wconf 78' lang='grc' dir='ltr'>μυριάδας,</span> <span class='ocrx_word' id='word_1_773' title='bbox 3114 4694 3354 4761; x_wconf 71' lang='grc' dir='ltr'>σκνιφῶν</span> <span class='ocrx_word' id='word_1_774' title='bbox 3378 4693 3559 4754; x_wconf 84' lang='grc' dir='ltr'>αὑτοῖς</span> <span class='ocrx_word' id='word_1_775' title='bbox 3601 4694 3693 4746; x_wconf 68' lang='grc' dir='ltr'>καὶ</span> <span class='ocrx_word' id='word_1_776' title='bbox 3717 4692 3998 4744; x_wconf 77' lang='grc' dir='ltr'>κωνώπων</span> 
     </span>
    </p>
   </div>
   <div class='ocr_carea' id='block_1_110' title="bbox 2422 4784 3995 4857">
    <p class='ocr_par' dir='ltr' id='par_1_110' title="bbox 2422 4784 3995 4857">
     <span class='ocr_line' id='line_1_110' title="bbox 2422 4784 3995 4857; baseline -0.004 -17"><span class='ocrx_word' id='word_1_777' title='bbox 2422 4787 2730 4857; x_wconf 69' lang='grc' dir='ltr'>ἐπιπέμψαι</span> <span class='ocrx_word' id='word_1_778' title='bbox 2747 4788 2905 4855; x_wconf 75' lang='grc' dir='ltr'>νέφος</span> <span class='ocrx_word' id='word_1_779' title='bbox 2929 4788 3170 4839; x_wconf 88' lang='grc' dir='ltr'>ἱκέτευσε</span> <span class='ocrx_word' id='word_1_780' title='bbox 3192 4785 3280 4838; x_wconf 79' lang='grc' dir='ltr'>τὸν</span> <span class='ocrx_word' id='word_1_781' title='bbox 3304 4784 3453 4837; x_wconf 83' lang='grc' dir='ltr'>Θεόν.</span> <span class='ocrx_word' id='word_1_782' title='bbox 3477 4786 3585 4837; x_wconf 73' lang='grc' dir='ltr'><strong>Καὶ</strong></span> <span class='ocrx_word' id='word_1_783' title='bbox 3608 4786 3635 4836; x_wconf 76' lang='grc' dir='ltr'><strong>δ</strong></span> <span class='ocrx_word' id='word_1_784' title='bbox 3663 4784 3761 4853; x_wconf 80' lang='grc' dir='ltr'>μὲν</span> <span class='ocrx_word' id='word_1_785' title='bbox 3786 4784 3995 4851; x_wconf 72' lang='grc' dir='ltr'>ἔλεγεν,</span> 
     </span>
    </p>
   </div>
   <div class='ocr_carea' id='block_1_111' title="bbox 2421 4876 3996 4947">
    <p class='ocr_par' dir='ltr' id='par_1_111' title="bbox 2421 4876 3996 4947">
     <span class='ocr_line' id='line_1_111' title="bbox 2421 4876 3996 4947; baseline -0.004 -14"><span class='ocrx_word' id='word_1_786' title='bbox 2421 4883 2450 4933; x_wconf 91' lang='grc' dir='ltr'>ὁ</span> <span class='ocrx_word' id='word_1_787' title='bbox 2478 4881 2535 4933; x_wconf 84' lang='grc' dir='ltr'>δὲ</span> <span class='ocrx_word' id='word_1_788' title='bbox 2567 4880 2801 4947; x_wconf 77' lang='grc' dir='ltr'>ἔπεμπε,</span> <span class='ocrx_word' id='word_1_789' title='bbox 2832 4880 3036 4947; x_wconf 80' lang='grc' dir='ltr'>Μωῦσῇ</span> <span class='ocrx_word' id='word_1_790' title='bbox 3072 4877 3464 4947; x_wconf 81' lang='grc' dir='ltr'>παραπλησίως</span> <span class='ocrx_word' id='word_1_791' title='bbox 3519 4876 3838 4941; x_wconf 56' lang='grc' dir='ltr'>πειθόμενος</span> <span class='ocrx_word' id='word_1_792' title='bbox 3867 4893 3879 4906; x_wconf 73' lang='grc'><strong><em>⁸</em></strong></span> <span class='ocrx_word' id='word_1_793' title='bbox 3901 4876 3996 4928; x_wconf 70' lang='grc' dir='ltr'>καὶ</span> 
     </span>
    </p>
   </div>
   <div class='ocr_carea' id='block_1_112' title="bbox 2422 4966 3988 5037">
    <p class='ocr_par' dir='ltr' id='par_1_112' title="bbox 2422 4966 3988 5037">
     <span class='ocr_line' id='line_1_112' title="bbox 2422 4966 3988 5037; baseline -0.004 -13"><span class='ocrx_word' id='word_1_794' title='bbox 2422 4970 2475 5024; x_wconf 84' lang='grc' dir='ltr'>οἳ</span> <span class='ocrx_word' id='word_1_795' title='bbox 2511 4988 2571 5024; x_wconf 86' lang='grc' dir='ltr'><strong>τε</strong></span> <span class='ocrx_word' id='word_1_796' title='bbox 2603 4970 2793 5037; x_wconf 81' lang='grc' dir='ltr'>ἄνδρες</span> <span class='ocrx_word' id='word_1_797' title='bbox 2836 4973 2948 5032; x_wconf 88' lang='grc' dir='ltr'>τοῖς</span> <span class='ocrx_word' id='word_1_798' title='bbox 3000 4970 3162 5031; x_wconf 85' lang='grc' dir='ltr'>θείοις</span> <span class='ocrx_word' id='word_1_799' title='bbox 3208 4968 3702 5037; x_wconf 84' lang='grc' dir='ltr'>κατετιτρώσκοντο</span> <span class='ocrx_word' id='word_1_800' title='bbox 3745 4966 3988 5034; x_wconf 76' lang='grc' dir='ltr'>βέλεσιν⁸</span> 
     </span>
    </p>
   </div>
   <div class='ocr_carea' id='block_1_113' title="bbox 2422 5060 3998 5130">
    <p class='ocr_par' dir='ltr' id='par_1_113' title="bbox 2422 5060 3998 5130">
     <span class='ocr_line' id='line_1_113' title="bbox 2422 5060 3998 5130; baseline -0.002 -15"><span class='ocrx_word' id='word_1_801' title='bbox 2422 5063 2474 5115; x_wconf 83' lang='grc' dir='ltr'>οἵ</span> <span class='ocrx_word' id='word_1_802' title='bbox 2503 5080 2563 5115; x_wconf 90' lang='grc' dir='ltr'><strong>τε</strong></span> <span class='ocrx_word' id='word_1_803' title='bbox 2590 5063 2743 5116; x_wconf 76' lang='grc' dir='ltr'>ἵπποι</span> <span class='ocrx_word' id='word_1_804' title='bbox 2783 5064 2876 5115; x_wconf 73' lang='grc' dir='ltr'>καὶ</span> <span class='ocrx_word' id='word_1_805' title='bbox 2905 5063 2952 5115; x_wconf 91' lang='grc' dir='ltr'>οἱ</span> <span class='ocrx_word' id='word_1_806' title='bbox 2978 5061 3266 5130; x_wconf 85' lang='grc' dir='ltr'>ἐλέφαντες</span> <span class='ocrx_word' id='word_1_807' title='bbox 3288 5062 3354 5115; x_wconf 88' lang='grc' dir='ltr'><strong>τά</strong></span> <span class='ocrx_word' id='word_1_808' title='bbox 3386 5061 3560 5128; x_wconf 84' lang='grc' dir='ltr'>δεσμά</span> <span class='ocrx_word' id='word_1_809' title='bbox 3604 5060 3998 5130; x_wconf 74' lang='grc' dir='ltr'>διαρρήξαντες</span> 
     </span>
    </p>
   </div>
   <div class='ocr_carea' id='block_1_114' title="bbox 2422 5150 3997 5225">
    <p class='ocr_par' dir='ltr' id='par_1_114' title="bbox 2422 5150 3997 5225">
     <span class='ocr_line' id='line_1_114' title="bbox 2422 5150 3997 5225; baseline -0.005 -18"><span class='ocrx_word' id='word_1_810' title='bbox 2422 5154 2781 5225; x_wconf 77' lang='grc' dir='ltr'>ὲδραπέτευον</span> <span class='ocrx_word' id='word_1_811' title='bbox 2810 5153 2933 5222; x_wconf 76' lang='grc' dir='ltr'>τῇδε</span> <span class='ocrx_word' id='word_1_812' title='bbox 2964 5154 3185 5205; x_wconf 87' lang='grc' dir='ltr'>κάκεῖσε</span> <span class='ocrx_word' id='word_1_813' title='bbox 3216 5150 3655 5220; x_wconf 85' lang='grc' dir='ltr'>σκεδαννύμενοι,</span> <span class='ocrx_word' id='word_1_814' title='bbox 3681 5152 3776 5202; x_wconf 71' lang='grc' dir='ltr'>καὶ</span> <span class='ocrx_word' id='word_1_815' title='bbox 3805 5150 3997 5218; x_wconf 78' lang='grc' dir='ltr'>φέρειν</span> 
     </span>
    </p>
   </div>
   <div class='ocr_carea' id='block_1_115' title="bbox 2423 5241 3998 5313">
    <p class='ocr_par' dir='ltr' id='par_1_115' title="bbox 2423 5241 3998 5313">
     <span class='ocr_line' id='line_1_115' title="bbox 2423 5241 3998 5313; baseline -0.003 -16"><span class='ocrx_word' id='word_1_816' title='bbox 2423 5245 2635 5306; x_wconf 79' lang='grc' dir='ltr'>ὲκείνας</span> <span class='ocrx_word' id='word_1_817' title='bbox 2654 5246 2713 5298; x_wconf 85' lang='grc' dir='ltr'><strong>ού</strong></span> <span class='ocrx_word' id='word_1_818' title='bbox 2744 5245 3028 5313; x_wconf 82' lang='grc' dir='ltr'>δυνάμενοι</span> <span class='ocrx_word' id='word_1_819' title='bbox 3051 5242 3148 5306; x_wconf 87' lang='grc' dir='ltr'><strong>τὰς</strong></span> <span class='ocrx_word' id='word_1_820' title='bbox 3177 5242 3385 5303; x_wconf 85' lang='grc' dir='ltr'>ἀκίδας.</span> <span class='ocrx_word' id='word_1_821' title='bbox 3430 5241 3778 5308; x_wconf 73' lang='grc' dir='ltr'>Θεασάμενος</span> <span class='ocrx_word' id='word_1_822' title='bbox 3814 5241 3998 5292; x_wconf 81' lang='grc' dir='ltr'>τοίνυν</span> 
     </span>
    </p>
   </div>
   <div class='ocr_carea' id='block_1_116' title="bbox 2420 5332 3998 5405">
    <p class='ocr_par' dir='ltr' id='par_1_116' title="bbox 2420 5332 3998 5405">
     <span class='ocr_line' id='line_1_116' title="bbox 2420 5332 3998 5405; baseline -0.005 -16"><span class='ocrx_word' id='word_1_823' title='bbox 2420 5336 2449 5389; x_wconf 88' lang='grc' dir='ltr'>ὁ</span> <span class='ocrx_word' id='word_1_824' title='bbox 2486 5336 2749 5405; x_wconf 80' lang='grc' dir='ltr'>δυσσεϐὴς</span> <span class='ocrx_word' id='word_1_825' title='bbox 2795 5334 3042 5405; x_wconf 82' lang='grc' dir='ltr'>βασιλεὺς</span> <span class='ocrx_word' id='word_1_826' title='bbox 3076 5333 3144 5386; x_wconf 82' lang='grc' dir='ltr'><strong>τά</strong></span> <span class='ocrx_word' id='word_1_827' title='bbox 3183 5334 3549 5403; x_wconf 80' lang='grc' dir='ltr'>μηχανήματα</span> <span class='ocrx_word' id='word_1_828' title='bbox 3585 5332 3764 5383; x_wconf 72' lang='grc' dir='ltr'>πάντα</span> <span class='ocrx_word' id='word_1_829' title='bbox 3806 5332 3998 5398; x_wconf 72' lang='grc' dir='ltr'>δνησιν</span> 
     </span>
    </p>
   </div>
   <div class='ocr_carea' id='block_1_117' title="bbox 2420 5418 3998 5495">
    <p class='ocr_par' dir='ltr' id='par_1_117' title="bbox 2420 5418 3998 5495">
     <span class='ocr_line' id='line_1_117' title="bbox 2420 5418 3998 5495; baseline -0.004 -17"><span class='ocrx_word' id='word_1_830' title='bbox 2420 5425 2672 5494; x_wconf 68' lang='grc' dir='ltr'>οὐδεμίαν</span> <span class='ocrx_word' id='word_1_831' title='bbox 2706 5424 3110 5495; x_wconf 83' lang='grc' dir='ltr'>παρεσχηκότα,</span> <span class='ocrx_word' id='word_1_832' title='bbox 3147 5422 3241 5476; x_wconf 80' lang='grc' dir='ltr'>καὶ</span> <span class='ocrx_word' id='word_1_833' title='bbox 3265 5421 3357 5473; x_wconf 87' lang='grc' dir='ltr'><strong>τοῦ</strong></span> <span class='ocrx_word' id='word_1_834' title='bbox 3408 5419 3653 5485; x_wconf 81' lang='grc' dir='ltr'>ποταμοῦ</span> <span class='ocrx_word' id='word_1_835' title='bbox 3686 5418 3785 5487; x_wconf 79' lang='grc' dir='ltr'>τὴν</span> <span class='ocrx_word' id='word_1_836' title='bbox 3820 5436 3998 5490; x_wconf 76' lang='grc' dir='ltr'>προσ-</span> 
     </span>
    </p>
   </div>
   <div class='ocr_carea' id='block_1_118' title="bbox 2420 5505 3999 5588">
    <p class='ocr_par' dir='ltr' id='par_1_118' title="bbox 2420 5505 3999 5588">
     <span class='ocr_line' id='line_1_118' title="bbox 2420 5505 3999 5588; baseline -0.004 -18"><span class='ocrx_word' id='word_1_837' title='bbox 2420 5518 2583 5588; x_wconf 71' lang='grc' dir='ltr'>ϐολὴν</span> <span class='ocrx_word' id='word_1_838' title='bbox 2636 5517 2892 5581; x_wconf 87' lang='grc' dir='ltr'>ἀνόνητον</span> <span class='ocrx_word' id='word_1_839' title='bbox 2945 5505 3317 5585; x_wconf 74' lang='grc' dir='ltr'>γεγενημένην</span> <span class='ocrx_word' id='word_1_840' title='bbox 3363 5530 3377 5544; x_wconf 87' lang='grc'><strong>·</strong></span> <span class='ocrx_word' id='word_1_841' title='bbox 3429 5512 3490 5565; x_wconf 74' lang='grc' dir='ltr'>τὸ</span> <span class='ocrx_word' id='word_1_842' title='bbox 3514 5513 3621 5583; x_wconf 76' lang='grc' dir='ltr'>γὰρ</span> <span class='ocrx_word' id='word_1_843' title='bbox 3680 5513 3999 5564; x_wconf 76' lang='grc' dir='ltr'>καταπεσὸν</span> 
     </span>
    </p>
   </div>
   <div class='ocr_carea' id='block_1_119' title="bbox 2420 5605 4001 5679">
    <p class='ocr_par' dir='ltr' id='par_1_119' title="bbox 2420 5605 4001 5679">
     <span class='ocr_line' id='line_1_119' title="bbox 2420 5605 4001 5679; baseline -0.002 -17"><span class='ocrx_word' id='word_1_844' title='bbox 2420 5609 2797 5679; x_wconf 79' lang='grc' dir='ltr'>ἀνῳκοδόμητο</span> <span class='ocrx_word' id='word_1_845' title='bbox 2825 5612 3035 5678; x_wconf 80' lang='grc' dir='ltr'>τεῖχος·</span> <span class='ocrx_word' id='word_1_846' title='bbox 3069 5609 3161 5660; x_wconf 76' lang='grc' dir='ltr'>καὶ</span> <span class='ocrx_word' id='word_1_847' title='bbox 3196 5606 3293 5679; x_wconf 77' lang='grc' dir='ltr'><strong>τήν</strong></span> <span class='ocrx_word' id='word_1_848' title='bbox 3325 5605 3581 5675; x_wconf 70' lang='grc' dir='ltr'>στρατιὰν</span> <span class='ocrx_word' id='word_1_849' title='bbox 3635 5606 3837 5667; x_wconf 75' lang='grc' dir='ltr'>πᾶσαν,</span> <span class='ocrx_word' id='word_1_850' title='bbox 3902 5607 4001 5659; x_wconf 70' lang='grc' dir='ltr'>καὶ</span> 
     </span>
    </p>
   </div>
   <div class='ocr_carea' id='block_1_120' title="bbox 2417 5696 4000 5771">
    <p class='ocr_par' dir='ltr' id='par_1_120' title="bbox 2417 5696 4000 5771">
     <span class='ocr_line' id='line_1_120' title="bbox 2417 5696 4000 5771; baseline -0.004 -16"><span class='ocrx_word' id='word_1_851' title='bbox 2417 5706 2530 5765; x_wconf 80' lang='grc' dir='ltr'>τοῖς</span> <span class='ocrx_word' id='word_1_852' title='bbox 2567 5702 2748 5765; x_wconf 87' lang='grc' dir='ltr'>πόνοις</span> <span class='ocrx_word' id='word_1_853' title='bbox 2791 5699 3334 5771; x_wconf 71' lang='grc' dir='ltr'>ταλαιπωρουμένην,</span> <span class='ocrx_word' id='word_1_854' title='bbox 3358 5699 3451 5749; x_wconf 71' lang='grc' dir='ltr'>καὶ</span> <span class='ocrx_word' id='word_1_855' title='bbox 3499 5696 3784 5766; x_wconf 77' lang='grc' dir='ltr'>ὑπαίθριον</span> <span class='ocrx_word' id='word_1_856' title='bbox 3825 5713 4000 5749; x_wconf 74' lang='grc' dir='ltr'>κακο-</span> 
     </span>
    </p>
   </div>
   <div class='ocr_carea' id='block_1_121' title="bbox 2422 5789 3999 5861">
    <p class='ocr_par' dir='ltr' id='par_1_121' title="bbox 2422 5789 3999 5861">
     <span class='ocr_line' id='line_1_121' title="bbox 2422 5789 3999 5861; baseline -0.008 -11"><span class='ocrx_word' id='word_1_857' title='bbox 2422 5795 2715 5861; x_wconf 81' lang='grc' dir='ltr'>παθοῦσαν,</span> <span class='ocrx_word' id='word_1_858' title='bbox 2746 5795 2835 5847; x_wconf 75' lang='grc' dir='ltr'>κα“ι</span> <span class='ocrx_word' id='word_1_859' title='bbox 2869 5793 2971 5848; x_wconf 73' lang='grc' dir='ltr'>ὑπὸ</span> <span class='ocrx_word' id='word_1_860' title='bbox 3008 5792 3104 5860; x_wconf 71' lang='grc' dir='ltr'>τῆς</span> <span class='ocrx_word' id='word_1_861' title='bbox 3139 5789 3398 5859; x_wconf 71' lang='grc' dir='ltr'>θεηλάτου</span> <span class='ocrx_word' id='word_1_862' title='bbox 3434 5790 3798 5861; x_wconf 73' lang='grc' dir='ltr'>ἐλαυνομένην</span> <span class='ocrx_word' id='word_1_863' title='bbox 3860 5790 3999 5857; x_wconf 74' lang='grc' dir='ltr'>πλη-</span> 
     </span>
    </p>
   </div>
  </div>
