4206 6456
199 420 338 485 1305

1425 419 1835 484 RELIGIOSA
1856 423 2232 487 HISTORIA.

3317 425 3452 491 1306

194 536 299 604 γῆς
318 551 333 567 ο
366 534 488 588 ἰδὼν
512 534 566 588 δὲ
600 530 803 587 καὶτὸν
828 530 971 585 θεῖον
1003 530 1289 602 ἄνθρωπον
1314 532 1406 585 hri.
1435 535 1530 586 τοῦ
1564 534 1772 605 τείχους

1882 535 2116 598 minora,
2136 535 2228 590 sed
2258 533 2468 602 majora
2490 547 2611 588 meo
2632 534 2850 604 quidem
2872 535 3104 605 judicio.
3126 536 3281 603 Quod
3302 543 3446 594 enim

198 625 507 695 βαδίζοντα,
559 625 653 676 καὶ
672 622 916 685 τοπάσας
972 622 1135 675 αὐτὸν
1194 622 1488 691 ἐφεστάναι
1521 623 1600 693 τῷ
1633 624 1779 694 ἔργῳ

196 718 286 769 τὸν
329 715 576 784 βασιλέα,
606 714 898 785 ἁλουργίδα
931 714 1040 785 γὰρ
1077 715 1172 768 καὶ
1200 713 1435 785 διάδημα
1463 716 1779 786 περικείμε-

194 825 284 870 νος
307 810 537 879 ἑωρᾶτο,
569 808 866 878 ἠγανάκτει
897 807 995 877 μὲν
1014 807 1153 860 κατά
1174 807 1282 861 τῶν
1310 807 1778 879 ἐξαπατησάντων

198 901 294 955 καὶ
322 901 655 970 στρατεῦσαι
681 900 1007 963 πεισάντων,
1036 900 1130 953 καὶ
1154 899 1246 951 τὸν
1270 899 1492 969 βασιλέα
1530 901 1604 970 μὴ
1641 918 1782 971 παρ-

198 994 343 1046 εἶναι
376 994 682 1062 φησάντων.
723 992 965 1047 θανάτου
1001 990 1057 1043 δὲ
1082 990 1262 1061 ψῆφον
1292 992 1430 1045 κατά
1454 992 1657 1045 τούτων
1691 994 1779 1059 ἐξ-

199 1083 464 1150 ενεγκὼν,
490 1083 649 1136 ἔλυσε
676 1082 736 1136 τὸ
766 1084 1108 1155 στράτευμα,
1134 1084 1310 1137 καὶτὰ
1333 1086 1510 1138 οἰκεῖα
1536 1084 1783 1155 βασίλεια

199 1175 506 1230 κατέλαϐεν
543 1176 624 1227 ὅτι
661 1176 911 1245 τάχιστα.
974 1176 1212 1229 Τοιαῦτα
1258 1177 1354 1229 καὶ
1384 1176 1476 1230 ἐπὶ
1507 1176 1659 1230 τοῦδε
1688 1175 1779 1229 τοῦ

211 1268 459 1330 Ἐζεκίου
484 1266 1039 1338 τεθαυματούργηκεν
1058 1270 1087 1319 ό
1107 1267 1260 1329 Θεὸς,
1295 1269 1357 1321 οὐ
1394 1269 1583 1337 μείονα
1637 1264 1782 1321 ἐκεί-

196 1377 328 1424 νων,
358 1360 497 1412 ἀλλά
524 1360 616 1414 καὶ
650 1358 889 1430 μείζονα,
931 1360 1005 1423 ὼς
1041 1359 1226 1429 ἔμοιγε
1250 1361 1414 1413 δοκεῖ.
1440 1361 1512 1412 Τὸ
1540 1361 1648 1430 γὰρ
1689 1362 1781 1414 καὶ

196 1452 292 1505 τοῦ
346 1454 560 1521 τείχους
608 1452 1007 1514 καταπεσόντος
1070 1454 1144 1523 μὴ
1194 1452 1395 1505 ἀλῶναι
1444 1451 1543 1520 τὴν
1603 1453 1779 1517 πόλιν,

197 1545 361 1595 ποίαν
384 1542 658 1612 θαύματος
689 1542 995 1613 ὑπερϐολὴν
1022 1543 1364 1608 mulsi-ttat;
1404 1543 1540 1609 Ἐγὼ
1567 1544 1623 1596 δὲ
1644 1540 1782 1613 πρὸς

196 1633 375 1701 τούτῳ
400 1634 632 1699 ⁴κάκεῖνο
684 1634 824 1702 ἄγαν
856 1634 1141 1705 θαυμάζω,
1181 1636 1262 1688 ὅτι
1302 1636 1394 1688 καὶ
1433 1637 1593 1705 ἀραῖς
1650 1652 1783 1707 χρη-

197 1724 458 1792 σάμενος,
487 1724 546 1775 οὐ
578 1724 854 1790 σκηπτούς
882 1723 1081 1793 ᾔτησεν
1107 1722 1413 1792 ἐνεχθῆναι,
1444 1725 1539 1776 καὶ
1578 1739 1782 1793 κεραυ-

195 1814 345 1880 νοὺς,
384 1814 521 1884 ὅπερ
568 1815 753 1877 Ἠλίας
782 1817 810 1867 ό
842 1815 1014 1884 μέγας
1076 1816 1281 1877 ἐκεῖνος
1310 1815 1587 1884 ἐποίησεν,
1621 1814 1781 1883 ἡνίκα

1883 628 2130 696 collapso
2166 640 2327 680 muro
2354 628 2485 682 urbs
2513 636 2672 697 capta
2699 642 2807 681 non
2835 629 3024 694 fuerit,
3047 630 3322 699 quodnam
3356 646 3455 699 po-

1882 722 1987 776 tuit
2018 722 2196 791 majus
2224 737 2349 776 esse
2378 721 2749 775 miraculum?
2772 720 2881 790 Ego
2907 737 3035 777 vero
3064 731 3326 791 praeterea
3351 724 3455 776 hoc

1883 815 2127 868 admiror
2161 814 2376 882 1119
2422 828 2790 883 summopere,
2825 814 2993 882 quod,
3028 830 3151 868 cum
3198 830 3457 869 exsecra-

1882 905 2127 959 tionibus
2158 913 2426 966 uteretur,
2456 919 2562 957 non
2593 906 2748 972 petiit
2788 914 2850 958 ut
2882 904 3101 970 fulgura
3129 914 3181 957 et
3214 905 3450 958 fulmina

1882 996 1937 1049 in
1975 1010 2073 1049 eos
2097 1011 2127 1048 e
2150 996 2289 1049 cmlo
2320 995 2693 1057 mitterentur,
2734 994 2880 1063 quod
2928 1008 3159 1062 magnus
3195 992 3342 1047 Elias
3383 994 3457 1047 fe-

1883 1088 1978 1151 cit,
2029 1086 2249 1155 quando
2298 1086 2364 1139 ad
2424 1086 2605 1156 ipsum
2655 1093 2892 1153 uterque
2940 1084 3455 1157 quinquagenarius

1883 1192 2007 1232 cum
2054 1178 2317 1232 militibus
2350 1179 2465 1232 suis
2513 1177 2683 1231 venit.
2733 1177 3030 1231 Audiverat
3080 1176 3227 1229 enim
3270 1174 3455 1229 Domi-

1883 1284 2014 1324 num
2045 1269 2250 1323 Jacobo
2278 1282 2335 1322 et
2357 1268 2578 1329 Joanni,
2626 1283 2751 1323 cum
2802 1269 2952 1328 idem,
2991 1276 3254 1337 przestare
3293 1282 3457 1322 cona-

1883 1362 2097 1419 rentur,
2141 1364 2328 1424 aperte
2362 1355 2606 1410 dixisse:
2644 1372 2663 1406 ι
2717 1354 2957 1409 Nescitis
3011 1356 3172 1423 cujus
3222 1357 3472 1423 spiritus.

1884 1449 2005 1503 sitis
2031 1450 2107 1499 "3
2144 1468 2162 1500 ι
2201 1448 2265 1500 Ει
2296 1446 2423 1503 ideo
2458 1464 2565 1502 non
2594 1450 2749 1518 petiit
2780 1456 2840 1502 ut
2873 1456 3021 1501 terra
3076 1449 3156 1502 eis
3202 1448 3455 1502 dehisce-

1885 1547 1989 1604 ret,
2034 1556 2132 1594 nec
2172 1541 2382 1603 rogavit
2420 1547 2478 1593 ut
2523 1539 2758 1607 phalanx
2811 1539 2935 1607 igne
2980 1544 3454 1601 consumeretur,

1884 1633 1977 1687 sed
2015 1644 2071 1688 ut
2100 1634 2169 1687 ab
2197 1632 2548 1686 animalculis
2583 1632 2692 1684 illis
2724 1632 3090 1691 sauciaretur,
3138 1620 3284 1683 unde
3314 1628 3456 1682 divi-

1883 1739 2009 1777 nam
2042 1725 2343 1792 potentiam
2374 1731 2739 1792 agnoscentes
2764 1722 2982 1776 tandem
3016 1721 3315 1790 aliquando
3342 1722 3457 1788 pie-

1886 1824 2052 1869 tatem
2102 1815 2507 1869 condiscerent.
2564 1812 2740 1867 Tanta
2787 1811 2893 1867 fuit
2944 1812 3047 1865 viri
3102 1812 3264 1881 hujus
3310 1811 3454 1880 apud

195 1907 334 1973 πρὸς
348 1906 507 1957 αὐτὸν
525 1906 990 1977 πεντηκόνταρχος
1015 1906 1275 1976 ἑκάτερος
1297 1906 1435 1974 μετὰ
1455 1906 1553 1974 τῆς
1578 1922 1772 1974 πεντη-

1885 1906 2057 1962 Deum
2091 1906 2308 1972 fiducia,
2348 1914 2559 1959 tantam
2588 1906 2813 1959 caelitus
2856 1912 3192 1958 consecutus
3226 1912 3313 1958 est
3332 1918 3456 1972 gra-

194 1994 426 2056 κοστύος
488 1993 733 2063 ἀφίκετο.
771 1996 1007 2047 Ἤκουσε
1070 1994 1177 2064 γάρ
1244 1994 1337 2047 τοῦ
1391 1994 1594 2065 Κυρίου
1643 1994 1777 2064 πρὸς

207 2086 467 2139 Ἰάκωϐον
496 2087 590 2139 καὶ
620 2085 873 2157 Ἰωάννην
895 2087 1021 2149 τοὺς
1053 2087 1195 2139 τοῦτ’
1233 2087 1367 2139 αὐτὸ
1414 2086 1777 2157 πειραθέντας

193 2178 423 2247 ποιῆσαι
466 2176 765 2248 διαρρήδην
828 2178 1074 2240 εἰπόντος
1107 2194 1121 2208 ο
1182 2198 1199 2230 ι
1235 2180 1348 2231 Οὐκ
1393 2179 1566 2231 οἴδατε
1620 2178 1775 2230 ποίου

194 2267 512 2337 πνεύματός
555 2270 678 2322 ὲστε
713 2288 729 2335 ;
767 2287 786 2320 ›
835 2268 932 2321 Διά
966 2266 1124 2320 τοῦτο
1155 2269 1216 2321 οὐ
1251 2270 1412 2337 χᾶναι
1467 2269 1650 2329 αὐτοῖς
1679 2266 1775 2336 τὴν

191 2359 297 2429 γῆν
329 2360 553 2429 ᾔτησεν,
618 2360 736 2412 οὐδὲ
785 2360 918 2429 πυρὶ
964 2359 1333 2429 παραδοθῆναι
1382 2358 1478 2429 τὴν
1522 2358 1777 2426 φάλαγγα

191 2450 593 2519 παρεκάλεσεν,
626 2450 759 2505 ἀλλά
790 2454 903 2513 τοῖς
932 2450 1193 2520 ζωῦφίοις
1220 2450 1451 2513 ἐκείνοις
1489 2468 1774 2521 κατατρω-

192 2536 377 2609 θῆναι,
404 2540 497 2593 καὶ
528 2539 622 2592 τοῦ
640 2540 774 2593 Θεοῦ
803 2541 1120 2610 διαγνόντας
1144 2540 1245 2611 τὴν
1273 2540 1499 2612 δύναμιν
1522 2541 1620 2611 ὀψέ
1645 2550 1773 2595 ποτε

194 2628 538 2698 μεταμαθεῖν
582 2630 682 2701 τὴν
733 2630 1035 2685 εὐσέϐειαν.
1089 2630 1372 2699 Τοσαύτην
1404 2627 1593 2701 εἷχενό
1631 2631 1773 2695 θεῖος

191 2710 350 2783 οὗτος
379 2720 668 2791 ἄνθρωπος
689 2723 823 2793 πρὸς
857 2722 947 2776 τὸν
970 2722 1102 2775 Θεὸν
1130 2724 1443 2794 παρρησίαν
1464 2740 1477 2751 ·
1500 2723 1775 2793 τοσαύτης

190 2807 401 2863 ἄνωθεν
428 2811 678 2881 ἀπήλαυε
710 2813 953 2883 χάριτος.
993 2810 1080 2864 Ἐν
1107 2811 1316 2876 τούτοις
1353 2812 1634 2877 διατελῶν,
1680 2814 1776 2866 καὶ

190 2899 316 2954 καθ’
366 2902 602 2972 ἑκάστην
646 2905 703 2955 ὲν
754 2907 868 2967 τοῖς
928 2904 1094 2969 θείοις
1135 2904 1497 2974 αὐξανόμενος
1541 2906 1775 2975 ἡμέραν,

193 2993 336 3061 μετά
369 2998 471 3063 τῆς
504 2997 766 3068 μεγίστης
794 2998 1045 3061 εὐκλείας
1072 2998 1219 3052 τόνδε
1254 2998 1345 3052 τὸν
1376 2998 1489 3067 βίον
1516 2998 1769 3063 ἀπέθετο,

1884 2002 2038 2054 tiam.
2074 2000 2131 2054 lu
2160 2000 2245 2054 his
2294 2012 2682 2068 perseverans,
2734 2010 2901 2067 atque
2956 1998 3010 2051 in
3048 1996 3252 2051 divinis
3290 1997 3458 2050 rebus

1888 2093 2229 2146 incrementa
2271 2092 2499 2161 capiens
2555 2089 2611 2143 in
2648 2090 2789 2151 dies,
2840 2103 3053 2143 summa
3103 2098 3227 2143 cum
3284 2087 3456 2157 gloria

1883 2186 2049 2239 vitam
2079 2184 2304 2246 clausit,
2341 2190 2396 2236 et
2433 2197 2501 2236 ex
2541 2181 2629 2235 his
2660 2181 2799 2235 locis
2832 2178 3178 2249 demigravit.
3220 2176 3458 2247 Tempo-

1883 2275 1962 2328 ris
1992 2281 2175 2327 autem
2208 2286 2504 2335 successu,
2534 2285 2658 2325 cum
2702 2270 2759 2323 in
2801 2267 3078 2324 Persicam
3127 2267 3460 2321 dominatio-

1882 2380 2005 2419 nem
2037 2366 2104 2418 ab
2128 2380 2192 2418 eo
2213 2365 2307 2434 qui
2342 2372 2476 2417 tunc
2500 2363 2805 2432 imperabat
2836 2362 3036 2415 tradita
3069 2361 3203 2416 urbs
3233 2360 3453 2423 fuisset,

1882 2465 2244 2509 excesserunt
2306 2454 2501 2507 incola:
2560 2452 2828 2516 universi,
2879 2459 2935 2507 et
3003 2451 3315 2506 defensoris
3366 2451 3456 2507 sui

1880 2558 2085 2612 corpus
2108 2544 2452 2605 extulerunt,
2488 2542 2869 2611 migrationem
2906 2542 3143 2613 quidem
3193 2555 3337 2611 aegre
3382 2539 3458 2596 fe-

1880 2642 2066 2687 rentes
2101 2642 2156 2687 et
2184 2633 2453 2697 dolentes,
2489 2632 2583 2687 sed
2619 2630 2904 2685 fortissimi
2940 2630 3167 2685 victoris
3197 2630 3456 2684 virtutem

1881 2724 2147 2779 laudibus
2186 2725 2552 2779 celebrantes.
2591 2721 2702 2777 Nec
2736 2722 2884 2777 enim
2918 2723 3011 2776 illo
3058 2721 3360 2791 superstite
3397 2721 3459 2775 in

1881 2816 2240 2870 barbarorum
2299 2821 2623 2885 potestatem
2657 2814 2963 2867 venissent.
2996 2811 3093 2867 His
3122 2813 3189 2867 de
3216 2812 3338 2866 viro
3366 2810 3455 2865 di-

1886 2908 2014 2961 vino
2044 2907 2333 2976 expositis,
2383 2906 2502 2976 ejus
2554 2905 2996 2961 benedictionem
3054 2903 3357 2974 implorans
3385 2901 3457 2957 ad

1881 2998 2042 3051 aliam
2075 2996 2450 3066 narrationem
2482 2997 2826 3066 progrediar.

191 3088 287 3141 καὶ
314 3088 413 3160 τὴν
464 3090 713 3145 ἐντεῦθεν
763 3092 1072 3163 ἀποδημίαν
1139 3093 1435 3147 ἐστείλατο.
1477 3093 1685 3163 Χρόνου
1726 3092 1782 3145 δὲ
1813 3091 2131 3154 διελθόντος,
2164 3090 2257 3144 καὶ
2286 3089 2439 3143 τοῦδε
2462 3087 2555 3143 τοῦ
2580 3088 2772 3151 ἄστεος
2839 3087 2942 3141 ὐπὸ
2991 3085 3086 3140 τοῦ
3153 3083 3461 3157 τηνικαῦτα

191 3179 529 3250 κρατοῦντος
582 3184 647 3252 τῇ
705 3182 948 3252 Περσικῇ
1016 3182 1264 3253 βασιλείᾳ
1335 3181 1735 3251 παραδοθέντος
1761 3222 1774 3244 ,
1848 3180 2074 3250 ἐξῄεσαν
2107 3181 2204 3250 μὲν
2232 3182 2468 3242 ἅπαντες
2497 3180 2547 3232 οί
2574 3178 2673 3246 τὴν
2732 3176 2887 3230 πόλιν
2914 3176 3212 3243 οἰκοῦντες,
3255 3175 3460 3248 ἔφερον

189 3272 244 3324 δὲ
294 3270 393 3323 τοῦ
446 3272 728 3343 προμάχου
774 3273 834 3326 τὸ
879 3273 1059 3343 σῶμα,
1116 3273 1474 3344 ἀσχάλλοντες
1521 3274 1619 3344 μὲν
1675 3274 1769 3325 καὶ
1803 3271 2190 3343 ὀλοφυρόμενοι
2220 3271 2317 3341 τὴν
2356 3270 2659 3342 μετοικίαν,
2690 3270 2906 3342 ᾅδοντες
2962 3270 3020 3321 δὲ
3073 3268 3168 3322 τοῦ
3228 3269 3459 3342 νικηφό-

193 3381 290 3432 ρου
318 3365 587 3433 ἀριστέως
612 3365 711 3435 τὴν
744 3364 995 3435 δύναμιν.
1027 3366 1101 3418 Οὐ
1127 3366 1234 3436 γὰρ
1256 3365 1321 3419 ἂν
1356 3367 1567 3419 ἐκείνου
1615 3366 1897 3437 περιόντος
1929 3365 2031 3417 ὐπὸ
2064 3364 2360 3437 βαρϐάροις
2391 3364 2659 3431 ἐγένοντο.
2724 3363 2909 3416 Ταῦτα
2961 3363 3091 3432 περὶ
3154 3360 3307 3416 τοῦδε
3359 3359 3466 3416 τοῦ

190 3452 338 3505 θείου
376 3451 690 3519 διεξελθὼν,
716 3455 796 3517 εἰς
823 3453 1019 3523 ἑτέραν
1062 3452 1310 3525 διήγησιν
1363 3454 1768 3526 μεταϐήσομαι,
1804 3456 1902 3524 τῆς
1929 3452 2120 3507 τούτου
2162 3453 2484 3524 μεταλαχείν
2514 3450 2767 3519 εὐλογίας
2802 3450 3120 3505 ἀντιϐολῶν.

685 3587 760 3641 B'.
775 3618 844 3629 —-
881 3590 1273 3644 1οΥΛΙΑΝΟΣ.

269 3701 581 3766 Ἰουλιανὸς,
625 3702 684 3755 ὃν
719 3702 936 3757 Σάϐϐαν
970 3704 992 3736 ⁸
1020 3703 1250 3773 ὲπίκλην
1289 3704 1338 3756 οἱ
1375 3701 1656 3773 ἐπιχώριοι
1688 3720 1769 3755 τι-

193 3793 401 3862 μῶντες
424 3793 728 3862 ὠνόμαζον,
758 3794 850 3846 τὸν
874 3793 933 3846 δὲ
956 3793 1267 3865 πρεσϐύτην
1293 3796 1359 3864 τῇ
1385 3793 1594 3846 Ἐλλάδι
1617 3795 1767 3864 φωνῇ

190 3884 452 3953 σημαίνει
495 3882 557 3935 τὸ
601 3883 793 3954 ὄνομα,
829 3886 887 3937 ὲν
921 3887 986 3955 τῇ
1024 3885 1190 3938 πάλαι
1223 3883 1321 3953 μὲν
1358 3882 1683 3953 Παρθυαίων
1723 3883 1767 3947 ⁸,

184 3974 280 4027 νῦν
311 3974 368 4026 δὲ
394 3974 700 4045 Ὀσροηνῶν
727 3975 1125 4047 ὀνομαζομένῃ,
1154 3975 1251 4045 τὴν
1274 3974 1580 4044 ἀσκητικὴν
1605 3974 1768 4028 καλύ-

184 4064 288 4132 ϐην
322 4064 588 4133 ἐπήξατο,
636 4065 902 4119 Διατείνει
953 4066 1011 4119 δὲ
1056 4065 1193 4135 αὐτη
1232 4066 1367 4132 πρὸς
1398 4066 1495 4135 μὲν
1530 4064 1769 4135 ἑσπέραν

188 4154 385 4224 μέχρις
434 4155 595 4207 αὐτοῦ
638 4155 732 4209 τοῦ
776 4156 1023 4227 ποταμοῦ
1066 4156 1164 4226 τῆς
1210 4156 1375 4225 ὄχθης
1406 4173 1420 4186 ·
1474 4156 1767 4226 Εὐφράτης

185 4242 243 4295 δὲ
281 4242 457 4309 ϐνομα
482 4243 656 4313 τούτῳ
682 4261 697 4275 ο
718 4244 853 4315 πρὸς
882 4244 1033 4314 ἥλιον
1063 4244 1118 4296 δὲ
1156 4246 1466 4313 ἀνίσχοντα,
1502 4245 1562 4298 τὸ
1590 4247 1767 4315 τέρμα

184 4333 297 4402 εχει
359 4333 462 4403 τῆς
527 4333 817 4403 Ῥωμαίων
874 4337 1169 4406 ἡγεμονίας
1202 4337 1281 4406 ’ἡ
1348 4335 1457 4407 γὰρ
1505 4336 1765 4407 Ἀσσυρία

182 4425 510 4495 διαδέχεται,
550 4427 725 4498 πέρας
769 4422 902 4484 οὖσα
935 4429 1188 4499 ἑσπέριον
1226 4428 1323 4499 τῆς
1356 4430 1630 4499 Περσικῆς
1667 4428 1763 4498 βα-

185 4516 414 4578 σιλείας,
448 4518 513 4587 ἢν
542 4516 863 4589 Ἀδιαϐηνὴν
896 4520 945 4571 οί
979 4519 1117 4589 μετά
1142 4517 1311 4572 ταῦτα
1332 4519 1639 4589 ὠνόμασαν.
1678 4520 1765 4572 Ἐν

181 4604 361 4674 τούτῳ
396 4605 476 4675 τῷ
519 4605 662 4659 ἔθνει
708 4606 901 4661 πολλαὶ
931 4608 1028 4679 μὲν
1067 4608 1245 4674 πόλεις
1275 4609 1507 4678 μεγάλαι
1536 4610 1629 4663 καὶ
1665 4626 1763 4662 πο-

182 4695 550 4767 λυάνθρωποι,
614 4697 768 4769 χώρα
824 4698 881 4751 δὲ
936 4700 1231 4770 παμπόλλη
1296 4700 1393 4769 μὲν
1443 4702 1761 4772 οἰκουμένη,

183 4789 481 4860 παμπόλλη
507 4790 562 4842 δὲ
586 4790 841 4862 ἀοίκητός
871 4809 930 4845 τε
961 4794 1053 4847 καὶ
1087 4793 1309 4865 ἔρημος.
1344 4792 1557 4865 Ταύτης
1598 4795 1760 4864 ἐσχα-

2386 3589 2449 3643 ιι.
2481 3618 2550 3629 -
2577 3576 2963 3643 ιυιιΑΝυε.’

1946 3700 2219 3766 Julianus,
2259 3716 2421 3772 quem
2455 3699 2725 3772 indigena
2767 3700 3030 3763 Sabbam,
3068 3697 3212 3770 quod
3246 3714 3449 3755 nomen

1877 3812 2050 3851 senem
2082 3793 2269 3850 Graeca
2320 3794 2505 3865 lingua
2542 3793 2836 3863 signiﬁcat,
2872 3792 3101 3848 honoris
3139 3806 3309 3846 causa
3358 3806 3456 3847 co-

1875 3887 2292 3959 gnominabant,
2320 3885 2374 3941 in
2418 3885 2662 3956 regione,
2700 3899 2823 3955 qua:
2849 3884 2977 3939 olim
3002 3882 3409 3954 Parthyaaorum
3436 3922 3452 3947 ,

1879 3978 2094 4048 1120
2116 3993 2260 4045 nunc
2296 3977 2671 4032 Osroenorum
2704 3976 2932 4038 dicitur,
2964 3977 3331 4029 monasticum
3363 3983 3453 4028 tu-

1876 4071 2093 4139 gurium
2126 4068 2337 4123 deﬁxit.
2374 4066 2645 4137 Pertingit
2687 4072 2872 4120 autem
2905 4065 3058 4137 regio
3097 4064 3212 4131 illa,
3256 4079 3455 4119 versus

1874 4175 2132 4215 occasum
2197 4160 2443 4229 quidem,
2495 4159 2561 4213 ad
2597 4158 2773 4227 ripam
2824 4171 3002 4226 usque
3042 4155 3311 4219 fluminis,
3364 4154 3452 4210 cui

1875 4267 2075 4306 nomen
2112 4251 2423 4321 Euphrates
2455 4268 2467 4303 :
2500 4249 2566 4302 ad
2624 4249 2899 4303 orientem
2930 4261 3059 4301 vero
3090 4246 3283 4310 solem,
3304 4244 3454 4299 llmi-

1876 4351 1981 4396 tem
2031 4341 2193 4395 habet
2242 4338 2480 4393 Romani
2549 4337 2799 4409 imperii;
2860 4336 3063 4406 excipit
3103 4336 3251 4389 enim
3302 4334 3453 4388 illam

1871 4430 2117 4504 Assyria,
2168 4446 2289 4501 qua:
2318 4430 2525 4485 Persici
2564 4430 2718 4499 regni
2754 4429 3235 4517 occidentalisﬂest
3262 4427 3454 4481 termi-

1872 4542 1998 4587 nus,
2028 4541 2191 4594 quam
2219 4524 2428 4593 posteri
2473 4521 2810 4577 Adiabenem
2847 4514 3222 4592 appellarunt.
3262 4517 3319 4572 ln
3353 4519 3455 4572 hac
3512 4553 3518 4560 ο

1871 4624 2029 4686 gente
2056 4616 2240 4669 multae
2268 4616 2284 4634 ‘
2308 4613 2527 4683 quidem
2563 4623 2688 4667 sunt
2729 4612 2896 4667 urbes
2953 4626 3163 4681 magna:
3195 4618 3249 4664 et
3283 4624 3457 4680 popu-

1871 4709 2000 4764 losae
2036 4707 2325 4777 :regionis
2368 4714 2551 4759 autem
2595 4713 2782 4774 partes
2814 4703 3066 4773 plurimae
3106 4702 3305 4757 incolis
3348 4700 3457 4755 fre-

1869 4802 2120 4865 quentes,
2178 4794 2423 4864 plurimae
2466 4792 2697 4848 desertae
2724 4792 3037 4847 etincultaz.
3091 4790 3172 4844 Ad
3211 4799 3455 4846 extrema

182 4879 303 4931 τιὰν
356 4880 455 4949 τῆς
510 4881 716 4951 ἐρήμου
769 4881 1092 4935 καταλαϐὼν
1136 4886 1164 4936 ό
1203 4884 1342 4946 θεῖος
1394 4876 1547 4946 οὗτος
1600 4884 1757 4954 ἀνὴρ,

1873 4885 2033 4954 hujus
2065 4885 2379 4940 solitudinis
2410 4884 2492 4937 vir
2522 4883 2611 4937 hic
2643 4884 2864 4938 divinus
2901 4898 3026 4937 cum
3083 4882 3451 4953 pervenisset,

184 4971 280 5023 καὶ
320 4969 518 5041 ἄντρον
554 4972 730 5042 εὑρὼν
757 4972 818 5025 οὐ
856 4974 1258 5045 χειροποίητον,
1290 4976 1409 5028 οὐδὲ
1438 4973 1497 5028 εὖ
1536 4976 1628 5028 καὶ
1657 4994 1761 5028 κα-

180 5058 290 5123 λῶς
321 5061 707 5132 ὀρωρυγμένον
737 5080 751 5093 ι
780 5064 915 5117 ἀλλά
945 5064 1201 5136 βραχεῖάν
1235 5084 1355 5119 τινα
1379 5068 1587 5137 σκέπην
1622 5084 1765 5138 παρ·

185 5151 329 5220 ἐχειν
374 5153 678 5225 δυναμένην
730 5160 839 5220 τοῖς
872 5158 1235 5226 καταφεύγειν
1260 5157 1557 5221 ἐθέλουσιν,
1588 5160 1764 5211 ἀσπα-

186 5246 317 5308 σίως
364 5245 547 5315 ᾤκησε
575 5247 635 5299 τὸ
662 5249 882 5318 χωρίον,
913 5249 1021 5301 τῶν
1048 5249 1255 5320 χρυσίῳ
1283 5250 1377 5302 καὶ
1409 5248 1638 5320 ἀργύρῳ
1664 5268 1765 5303 κα-

184 5337 624 5407 ταλαμπομένων
679 5338 963 5408 βασιλείων
1007 5341 1241 5411 νομίζων
1289 5341 1757 5413 πολυτελέστερον.

198 5424 289 5479 Ἐν
336 5428 510 5497 τούτῳ
543 5430 753 5499 διῆγεν,
782 5432 929 5495 ἅπαξ
962 5433 1063 5501 τῆς
1108 5432 1397 5500 ἑϐδομάδος
1443 5433 1622 5486 σιτίων
1660 5452 1757 5503 με·

188 5518 569 5587 ταὶαμϐάνων.
603 5522 779 5577 Σιτίον
811 5523 866 5576 δὲ
892 5519 960 5594 ἦν
990 5524 1139 5594 αὐτῷ
1181 5526 1342 5595 ἄρτος
1369 5527 1397 5578 ό
1425 5525 1755 5595 κεγχριδίας,

262 5664 301 5691 ιι
330 5654 467 5711 Luc.
493 5673 569 5724 nr,
592 5659 643 5713 5.

1867 4990 2089 5032 antrum
2124 4987 2323 5030 nactus
2371 4990 2478 5030 non
2521 4991 2688 5029 manu
2729 4975 2961 5040 factum,
3014 4990 3191 5043 neque
3218 4974 3357 5028 bene
3388 4987 3453 5027 ac

1871 5069 2103 5140 pulchre
2142 5078 2492 5132 excavatum,
2533 5068 2628 5123 sed
2668 5068 2816 5137 quod
2850 5067 3281 5121 adventantibus
3331 5066 3449 5119 exi-

1863 5176 2028 5232 guum
2058 5168 2429 5230 tegumentum
2460 5160 2702 5229 praabere
2736 5169 2943 5229 posset,
3003 5159 3183 5213 locum
3216 5157 3452 5210 libenter

1867 5253 2220 5317 inbabitavit,
2259 5267 2395 5305 auro
2442 5262 2497 5305 et
2544 5261 2781 5321 argento
2826 5250 3172 5320 fulgentibus
3227 5248 3449 5318 palatiis

1870 5345 2400 5413 magnificentiorem
2432 5344 2779 5399 existimans.
2817 5344 2876 5397 In
2898 5344 3001 5396 hoc
3030 5342 3255 5414 degens,
3281 5339 3449 5394 semel

1868 5436 1921 5489 in
1949 5436 2285 5492 liebdomada
2310 5437 2491 5491 cibum
2510 5437 2791 5505 capiebat:
2817 5436 2977 5491 cibus
3003 5444 3181 5489 autem
3205 5442 3322 5488 erat
3348 5448 3445 5501 pa-

1866 5528 1953 5583 nis
1976 5530 2279 5596 miliaceus,
2306 5530 2461 5600 isque
2485 5527 2859 5594 furfuraceus,
2880 5538 2933 5583 et
2953 5528 3243 5583 obsonium
3276 5526 3447 5582 sales.

1463 5756 1695 5811 \‘Alll/E
1734 5758 2130 5815 LECTIONES.

263 5840 284 5874 ³
306 5840 505 5897 Σάϐαν.
542 5843 808 5901 llcrvclus
837 5854 983 5903 recte
1010 5865 1022 5912 ;
1050 5863 1323 5919 quaquam
1347 5858 1398 5905 et
1430 5850 1641 5915 Σάϐϐας
1676 5852 2018 5911 scribebatur
2056 5852 2198 5908 Hist.
2223 5854 2351 5909 εισι.
2378 5871 2456 5922 Ill,
2502 5857 2580 5909 l9.

2697 5856 2715 5884 ⁸
2755 5855 3003 5924 Πάρθων.
3042 5850 3265 5906 llervct.
