4206 6456
718 377 849 441 1307

1666 380 2153 441 THEODORETI
2197 381 2537 443 EPISCOPI
2577 383 2940 446 (ΗΒΕΝὸιὸ

3824 390 3963 457 1303

711 489 884 546 Pctus
937 506 1062 545 vero
1104 493 1767 559 suavissimus,nativum
1801 510 1956 565 aquze
1978 494 2242 551 ﬂuentum
2272 515 2284 550 :

2413 499 2483 550 :al.
2527 498 2691 562 αὐτὸς
2726 501 2980 571 πιτυρίας
3010 516 3024 530 ·
3055 499 3184 570 δψον
3212 501 3267 555 δὲ
3295 503 3343 555 οἱ
3378 501 3504 567 ἆλες
3531 520 3545 535 ι
3570 504 3722 574 πόμα
3755 506 3813 558 δὲ
3840 506 3966 572 ἥδι-

711 598 811 637 nec
843 592 1031 651 potum
1093 583 1240 638 hunc
1273 586 1526 641 satietate
1560 586 1912 651 metiebatur,
1952 588 2048 643 sed
2079 590 2286 656 sumpti

709 682 836 727 ante
874 675 981 728 cibi
1026 677 1357 731 necessitate
1389 676 1701 731 deﬁniebat.
1743 677 1963 733 Delicia:
1997 695 2160 749 porro
2188 682 2285 743 illi,

710 772 766 818 et
800 766 964 819 lauta:
999 775 1163 835 atque
1194 769 1435 837 epioara:
1484 769 1651 838 dapes
1680 779 1856 836 erant,
1900 772 2286 826 Davidicurum

712 857 1047 926 hymnorum
1094 858 1434 921 decantatio,
1471 870 1523 914 et
1553 861 1777 915 assidua
1810 878 1934 915 cum
1973 862 2079 916 Deo
2114 865 2287 917 collo-

710 950 864 1015 quia.
892 949 988 1004 llis
1026 950 1435 1018 inexplebiliter
1470 968 1596 1006 cum
1647 954 1945 1018 frueretur,
1980 956 2287 1010 satietatem

711 1054 908 1107 capere
934 1042 1173 1103 uolebat,
1207 1043 1302 1094 sed
1325 1058 1449 1095 eum
1484 1059 1697 1112 semper
1738 1044 2057 1112 impleretur
2079 1061 2292 1114 semper

712 1130 1030 1185 clamabat:
1078 1133 1292 1196 (Quam
1341 1133 1524 1187 dulcia
1581 1134 1832 1189 faucibus
1882 1137 2018 1190 meis
2073 1138 2291 1206 eloquia

711 1232 803 1276 tua
841 1225 853 1277 ι
892 1239 1057 1293 Super
1092 1227 1196 1277 mel
1239 1235 1291 1277 et
1318 1225 1499 1279 favum
1524 1227 1605 1280 ori
1635 1242 1757 1281 meo
1776 1238 1825 1280 υ.
1859 1247 1875 1279 ι
1908 1228 2131 1282 Beatum
2157 1246 2293 1299 quo-

710 1332 817 1383 que
850 1318 1012 1368 David
1041 1316 1253 1370 audivit
1278 1317 1552 1371 dicentem
1585 1337 1596 1371 :
1639 1317 1909 1371 «Judicia‘
1932 1321 2144 1373 Domini
2168 1336 2293 1375 vera

709 1407 1008 1475 justificata
1042 1409 1094 1462 in
1150 1410 1417 1477 idipsum,
1464 1410 1855 1464 desiderabilia
1893 1426 2062 1479 super
2093 1428 2287 1465 aurum

711 1514 765 1557 et
825 1503 1065 1572 lapidem
1106 1507 1404 1573 pretiosum
1458 1505 1715 1569 multum,
1752 1511 1803 1557 et
1845 1504 2097 1557 dulciora
2133 1520 2298 1574 super

714 1598 817 1649 mel
849 1606 901 1650 et
937 1596 1118 1649 favum
1151 1606 1190 1648 °.
1220 1616 1237 1646 ι
1278 1596 1500 1649 Αυίίἱνίι
1530 1597 1681 1649 ἰιΙιιιιι
1721 1611 1916 1650 rursus
1975 1597 2248 1651 dicentem
2281 1616 2292 1650 :

722 1706 741 1735 ο
772 1687 1053 1742 Delectare
1090 1688 1297 1755 1121
1354 1688 1407 1740 in
1450 1686 1706 1751 Domino,
1746 1694 1802 1740 et
1851 1687 2005 1741 dabit
2032 1688 2128 1741 tibi
2162 1689 2298 1757 peti-

714 1779 891 1831 tiones
925 1778 1112 1832 eordis
1144 1780 1220 1830 tui
1245 1790 1334 1844 9;»
1360 1786 1414 1831 et
1448 1778 1647 1832 iterum
1678 1797 1690 1830 :
1729 1799 1745 1830 ι
1770 1778 2008 1833 Laetetur
2030 1794 2125 1832 cor
2148 1795 2298 1849 quaa-

714 1872 955 1924 rentium
990 1869 1323 1922 Dominum!
1347 1886 1393 1933 ;›
1434 1878 1522 1924 et:
1562 1868 1840 1922 «Laetifiea
1886 1883 1982 1923 cor
2014 1886 2215 1935 meum,
2242 1881 2298 1925 ιιι
2332 1850 2374 1904 Β

714 1964 1122 2016 timeatnomen
1146 1970 1297 2015 tuum
1317 1972 1401 2026 ι·;›
1431 1972 1481 2015 et
1509 1978 1519 2012 :
1560 1981 1577 2012 ι
1601 1962 1827 2016 Gustate
1844 1962 2298 2031 etvidete.quam

714 2055 985 2123 benignus
1027 2055 1098 2109 sit
1141 2054 1441 2108 Dominuss
1470 2071 1517 2119 ς»
1552 2062 1639 2108 et:
1676 2072 1693 2104 ι
1728 2052 1916 2107 Sitivit
1971 2055 2150 2107 anima
2179 2071 2299 2110 mea

714 2144 784 2199 ad
838 2145 1004 2200 Deum
1042 2147 1239 2200 fortem
1264 2155 1317 2199 et
1336 2147 1516 2200 vivum
1544 2150 1559 2183 ε
1583 2164 1629 2212 ;ι
1666 2154 1718 2200 et
1752 2166 1765 2201 :
1815 2147 2296 2201 «Adbmsitanima

715 2251 838 2292 mea
868 2249 990 2307 post
1022 2246 1074 2291 te
1098 2251 1144 2292 ιι.
1174 2256 1191 2289 ι
1234 2239 1411 2307 Atque
1438 2238 1588 2292 illius
1609 2239 1702 2309 qui
1741 2239 1856 2293 haec
1887 2238 2026 2291 dixit
2055 2253 2295 2293 amorem

717 2328 773 2381 in
803 2342 862 2381 se
903 2329 1211 2382 transtulit.
1253 2328 1377 2383 ldco
1424 2328 1571 2382 enim
1613 2344 1848 2398 magnus
1899 2328 2069 2384 David
2098 2344 2303 2384 canens

718 2419 976 2483 docebat,
997 2426 1057 2471 ut
1083 2420 1289 2472 amoris
1309 2420 1479 2473 divini
1508 2421 1805 2488 participes
1831 2420 2133 2489 sociosque
2160 2422 2302 2474 mul-

719 2521 807 2565 tos
823 2510 1076 2566 efﬁceret.
1100 2509 1285 2581 Neque
1303 2527 1431 2565 vero
1448 2526 1541 2582 spe
1567 2512 1735 2566 falsus
1757 2512 1965 2575 est,sed
1984 2522 2038 2567 et
2055 2513 2301 2566 divinum

717 2603 867 2657 hunc
898 2604 1100 2667 virum,
1136 2614 1190 2658 et
1237 2605 1375 2658 alios
1428 2604 1866 2659 innumerabiles
1899 2606 2088 2659 divino
2120 2621 2307 2659 amore

719 2696 1014 2749 sauciavit.
1049 2694 1150 2748 Hic
1178 2697 1322 2749 enim
1377 2704 1531 2748 tanto
1566 2697 1776 2748 amoris
1816 2696 1940 2764 igne
1975 2694 2082 2750 fuit
2117 2697 2309 2750 incen-

720 2801 840 2846 sus,
874 2794 934 2839 ut
960 2785 1233 2841 desiderio
1263 2786 1726 2849 inebriaretur,et
1750 2795 2093 2839 terrenarum
2123 2801 2309 2839 rerum

720 2880 859 2933 nihil
892 2879 1124 2944 videret,
1160 2880 1339 2933 solum
1375 2878 1639 2933 dilectum
1695 2889 1748 2933 et
1781 2888 1949 2934 noctu
1998 2879 2301 2935 somnians.

721 2981 777 3026 et
813 2970 1085 3025 meditans
1119 2972 1377 3024 interdiu.

2391 606 2514 642 στον
2542 590 2602 643 τὸ
2628 590 2894 660 αὐτοφυὲς
2924 590 3033 643 τῶν
3083 591 3286 645 ὑδάτων
3312 596 3481 663 νᾶμα,
3511 595 3604 648 καὶ
3627 593 3787 647 τοῦτο
3813 596 3873 647 δὲ
3901 597 3964 648 οὐ

2388 681 2464 752 τῷ
2521 682 2667 753 κόρῳ
2708 683 3093 754 μετρούμενον,
3144 685 3278 739 ἀλλὰ
3316 690 3380 757 τῇ
3412 688 3573 757 χρείᾳ
3608 689 3707 757 τῆς
3751 705 3966 758 προκα-

2389 774 2751 844 ταϐληθείσης
2779 776 2982 845 τροφῆς
3011 776 3340 847 ὁριζόμενον.
3385 778 3577 849 Τρυφὴ
3610 778 3665 831 δὲ
3693 775 3760 849 ἦν
3791 778 3963 848 αὐτῷ,

2391 865 2486 917 καὶ
2535 864 2705 935 χλιδὴ,
2754 867 2847 917 καὶ
2880 866 3172 920 πανδαισία
3218 869 3552 938 παντοδαπὴ,
3588 871 3620 938 ὴ
3661 870 3756 920 τοῦ
3797 868 3969 921 Δαϐὶδ

2393 956 2654 1026 ὑμνῳδία,
2696 960 2787 1011 καὶ
2817 961 2847 1028 ἡ
2886 957 3139 1029 διηνεκὴς
3166 961 3299 1030 πρὸς
3342 960 3472 1012 Θεὸν
3501 960 3707 1029 ὁμιλία.
3744 960 3971 1012 Τούτων

2392 1049 2681 1117 ἀπλήστως
2726 1049 3033 1109 ἀπολαύων,
3086 1050 3246 1118 κόρον
3285 1049 3472 1101 λαϐεῖν
3508 1051 3607 1102 ούκ
3665 1050 3924 1101 ἐϐούλετο
3954 1066 3968 1077 ·

2394 1138 2508 1191 ἀλλ’
2542 1138 2626 1190 ἀεὶ
2660 1136 2757 1205 μὲν
2788 1138 3172 1208 ἐνεπίμπλατο,
3201 1140 3287 1191 ἀεὶ
3317 1140 3371 1191 δὲ
3396 1140 3547 1203 ἐϐόα,
3582 1159 3600 1190 ‹
3644 1140 3728 1201 Ὠς
3761 1140 3972 1207 γλυκέα

2392 1228 2470 1297 τῷ
2524 1228 2756 1298 λαρυγγί
2794 1245 2895 1297 μου
2940 1230 3010 1281 τὰ
3036 1230 3190 1297 λόγια
3223 1232 3354 1283 ceu!
3386 1232 3524 1300 ὑπὲρ
3564 1230 3685 1299 μέλι
3718 1231 3814 1283 καὶ
3854 1249 3965 1299 κη-

2398 1318 2509 1389 ρίον
2552 1318 2633 1387 τῷ
2684 1318 2909 1388 στόματί
2941 1337 3060 1389 μου.
3093 1322 3329 1374 Ἤκουσε
3376 1323 3431 1374 δὲ
3466 1324 3628 1375 πάλιν
3660 1323 3753 1375 τοῦ
3794 1339 3974 1392 μακα-

2399 1410 2514 1481 ρίου
2547 1409 2708 1462 Δαϐὶδ
2738 1410 3014 1487 λέγοντος·
3050 1431 3066 1462 ι
3102 1412 3181 1464 Τὰ
3207 1413 3447 1482 κρίματα
3475 1414 3679 1481 Κυρίου
3720 1412 3975 1481 ἀληθινὰ,

2397 1502 2787 1571 δεδικαιωμένα
2834 1504 2925 1555 ἐπὶ
2954 1503 3012 1554 τὸ
3058 1505 3207 1569 αύτδ,
3242 1504 3553 1575 ἐπιθυμητά
3588 1504 3729 1573 ὑπὲρ
3752 1504 3978 1573 χρυσίον

2399 1594 2492 1646 καὶ
2540 1592 2684 1645 λίθον
2728 1594 2906 1662 τίμιον
2952 1593 3138 1659 πολὺν,
3187 1596 3280 1647 καὶ
3322 1595 3632 1664 γλυκύτερα
3669 1596 3815 1662 ὑπὲρ
3854 1594 3981 1663 μέλι

2400 1686 2495 1738 καὶ
2521 1686 2743 1754 κηρίον,
2783 1703 2801 1736 ι
2832 1686 3103 1739 Ἤκουσεν
3120 1686 3283 1739 αὑτοῦ
3303 1687 3463 1739 πάλιν
3489 1688 3734 1756 λέγοντος
3765 1705 3777 1716 ·
3816 1706 3833 1738 ι
3862 1688 3982 1739 Κα-

2399 1776 2744 1846 τατρύφησον
2783 1775 2878 1829 τοῦ
2908 1777 3133 1847 Κυρίου,
3178 1780 3270 1830 καὶ
3319 1778 3433 1848 δῴη
3465 1795 3547 1831 σοι
3586 1778 3655 1830 τὰ
3696 1779 3984 1847 αἰτήματα

2406 1869 2507 1935 τῆς
2570 1867 2799 1938 καρδίας
2857 1884 2984 1921 σου·
3026 1887 3044 1919 ι
3092 1871 3187 1922 καὶ
3237 1866 3393 1932 αὖθις
3422 1909 3436 1934 ,
3475 1889 3493 1921 ι
3543 1869 3919 1941 Εὑφρανθήτω
3949 1871 3985 1938 ὴ

2410 1961 2609 2031 καρδία
2657 1959 2963 2030 ζητούντων
3010 1962 3100 2013 τὸν
3135 1962 3372 2033 Κύριον·
3408 1983 3425 2014 ι
3470 1966 3599 2024 καὶ,
3634 1981 3653 2013 ι
3693 1961 3987 2031 Εὖφρανον

2405 2053 2505 2120 τὴν
2560 2052 2790 2121 καρδίαν
2844 2071 2965 2122 μου,
2997 2054 3091 2106 τοῦ
3147 2054 3426 2122 φοϐεῖσθαι
3476 2054 3535 2107 τὸ
3577 2053 3749 2123 ὄνομα
3797 2070 3916 2107 σου.
3958 2072 3979 2107 ι

2408 2147 2518 2200 Καί
2552 2163 2563 2174 ’
2602 2165 2620 2196 ι
2657 2146 2927 2199 Γεύσασθε
2965 2148 3059 2200 καὶ
3104 2148 3240 2201 ἴδετε
3269 2148 3349 2201 ὅτι
3386 2148 3621 2220 χρηστὸς
3652 2151 3679 2201 ὁ
3706 2148 3937 2217 Κύριος.
3960 2166 3981 2199 ι

2406 2236 2553 2288 Καί·
2592 2255 2611 2287 ‹
2654 2237 2939 2308 Ἐδίψησεν
2975 2241 3007 2309 ἡ
3040 2238 3184 2308 ψυχή
3222 2259 3322 2311 μου
3343 2241 3479 2311 πρὸς
3502 2240 3654 2305 Θεὸν,
3687 2243 3779 2293 τὸν
3821 2244 3983 2311 ἰσχυ-

2412 2326 2502 2395 ρὸν
2560 2326 2651 2378 καὶ
2702 2327 2897 2391 ζῶντα.
2941 2348 2959 2380 ι
3006 2330 3161 2383 Καί·
3197 2348 3215 2380 ι
3268 2331 3563 2402 Ἐκολλήθη
3604 2336 3637 2402 ἡ
3693 2332 3840 2402 ψυχή
3881 2349 3987 2401 μου

2411 2418 2586 2470 ὀπίσω
2628 2434 2741 2473 σου.
2781 2439 2796 2470 ι
2835 2420 2945 2473 Καὶ
2990 2421 3290 2492 μετέθηκεν
3322 2424 3403 2485 είς
3440 2425 3630 2478 ἑαυτὸν
3666 2424 3760 2476 τοῦ
3804 2423 3990 2476 ταῦτα

2412 2513 2695 2583 εἰρηκότος
2740 2514 2833 2567 τὸν
2877 2516 3073 2586 ἔρωτα.
3108 2517 3309 2569 Τούτου
3337 2517 3446 2590 γὰρ
3486 2519 3645 2589 χάριν
3699 2520 3841 2572 αὐτὰ
3892 2518 3991 2571 καλ⁵

2411 2604 2577 2657 Δαϐὶδ
2610 2607 2637 2658 ὁ
2688 2606 2862 2675 μέγας
2898 2607 3037 2677 ᾄδων
3071 2608 3367 2673 ἐδίδασκεν,
3400 2609 3474 2673 ὡς
3517 2609 3583 2663 ἂν
3610 2610 3839 2672 πολλοὺς
3870 2628 3991 2661 κοι-

2414 2696 2612 2758 νωνοὺς
2662 2697 2757 2749 καὶ
2803 2698 3138 2767 συνεραστὰς
3168 2699 3263 2751 τοῦ
3297 2700 3433 2752 Θεοῦ
3460 2702 3844 2770 καταστήσειε.
3876 2701 3994 2753 Καὶ

2412 2788 2472 2840 ού
2507 2788 2771 2860 διήμαρτε
2821 2792 2919 2861 τῆς
2952 2792 3164 2855 ἐλπίδος
3195 2810 3206 2820 ·
3238 2793 3373 2846 ἀλλὰ
3419 2794 3511 2846 καὶ
3556 2794 3746 2848 τοῦτον
3781 2795 3875 2847 τὸν
3905 2794 3994 2846 θε-

2414 2882 2637 2935 σπέσιον
2691 2883 2879 2952 ἄνδρα,
2916 2885 3011 2937 καὶ
3056 2886 3283 2956 μυρίους
3314 2887 3531 2956 ἑτέρους
3563 2886 3640 2955 τῷ
3681 2885 3811 2955 θείῳ
3858 2900 3994 2937 κατ-

2415 2971 2655 3041 έτρωσεν
2686 2972 2870 3041 ἔρωτι.
2904 2975 3167 3028 Τοσοῦτον
3189 2977 3297 3045 γὰρ
3324 2968 3478 3039 οὗτος
3519 2976 3734 3040 ἐδέξατο
3766 2976 3998 3045 φίλτρου

721 3066 947 3137 πυρσὸν,
990 3066 1065 3126 ὡς
1106 3066 1324 3136 μεθύειν
1357 3067 1435 3137 τῷ
1488 3065 1657 3136 πόθῳ,
1694 3067 1789 3119 καὶ
1830 3065 1996 3135 μηδὲν
2045 3066 2179 3137 ὁρᾷν
2208 3064 2318 3118 τῶν
2356 3066 2582 3137 γηΐνων,
2646 3069 2805 3136 μόνον
2851 3069 2906 3122 δὲ
2953 3070 3044 3122 τὸν
3117 3070 3390 3142 ἐρώμενον
3434 3072 3524 3125 καὶ
3568 3072 3783 3144 νύκτωρ
3854 3072 4001 3125 ὀνει-

725 3160 996 3231 ροπολεῖν,
1038 3159 1131 3212 καὶ
1163 3159 1282 3228 μεθ’
1319 3158 1534 3231 ἡμέραν
1570 3160 1964 3229 φαντάζεσθαι.

798 3255 953 3309 Hanc
996 3272 1266 3310 summam
1300 3256 1421 3323 ejus
1471 3256 1873 3325 philosophiam
1916 3255 2097 3321 multi,
2140 3263 2251 3308 tum
2282 3269 2307 3307 ο

2490 3252 2705 3321 Ταύτην
2746 3251 2910 3305 αύτοῦ
2975 3251 3071 3319 τὴν
3105 3251 3279 3321 ἄκραν
3311 3252 3629 3321 φιλοσοφίαν
3680 3254 3869 3308 πολλοὶ
3902 3272 4003 3325 μεο

724 3349 945 3412 vicinis,
1004 3356 1119 3400 tum
1154 3362 1183 3401 e
1235 3348 1453 3417 longius
1514 3347 1748 3411 dissitis,
1800 3362 1924 3401 cum
1959 3347 2304 3401 audivissent

728 3447 746 3511 (
783 3442 925 3494 alata
949 3441 1091 3493 enim
1127 3437 1267 3491 fama
1296 3453 1424 3492 oras
1453 3452 1645 3492 omnes
1677 3448 1989 3506 pervaserat
2022 3439 2039 3507 )
2066 3479 2078 3500 ,
2119 3453 2312 3490 accur-

727 3534 945 3595 rebant,
982 3538 1205 3584 orantes
1230 3539 1288 3583 ut
1314 3531 1582 3599 palaestra:
1617 3530 1912 3599 participes
1960 3529 2172 3593 fierent,
2209 3530 2314 3582 sub

728 3638 904 3694 coque
936 3626 1236 3690 *ιιιιιιιιιςιιιι
1284 3623 1553 3692 gymnasii
1593 3623 1858 3689 magistro
1913 3629 1968 3674 et
2015 3619 2313 3690 pzedotriba

731 3716 786 3769 in
830 3721 1111 3783 posterum
1145 3713 1409 3767 viverent.
1469 3711 1587 3765 Non
1624 3714 1769 3766 enim
1829 3727 1957 3766 aves
2015 3713 2146 3766 sola:
2184 3728 2315 3765 eau-

732 3805 901 3857 tando
929 3819 1057 3857 aves
1094 3810 1383 3862 venantur.
1413 3811 1674 3870 cognatas
1717 3801 1783 3856 ad
1813 3818 1871 3857 se
1900 3810 2212 3867 cvocantes,
2264 3810 2318 3857 et

736 3895 1000 3963 subjectis
1034 3894 1244 3963 laqueis
1272 3893 1618 3962 implicantes
1659 3913 1670 3948 :
1718 3893 1813 3947 sed
1865 3894 2112 3948 homines
2153 3894 2314 3946 etiam

733 3995 947 4040 natura:
987 4002 1099 4039 sua:
1121 3986 1299 4038 socios
1327 3994 1569 4054 captant,
1594 3986 1685 4038 alii
1709 3986 1928 4054 quidem
1960 3990 2026 4038 ad
2063 3987 2315 4050 exitium,

735 4076 828 4130 alii
872 4090 998 4128 vero
1019 4073 1083 4126 ad
1147 4074 1400 4126 salutem.
1472 4073 1585 4128 lloc
1623 4075 1784 4127 modo
1822 4075 2136 4143 congregati
2169 4075 2317 4129 brevi

736 4168 924 4220 decem
959 4165 1129 4228 fuere,
1163 4165 1363 4219 dehinc
1387 4164 1554 4234 duplo
1581 4173 1633 4218 et
1655 4165 1818 4234 triplo
1852 4166 2059 4235 plures,
2095 4166 2222 4219 inde
2247 4166 2319 4219 ad

736 4257 1096 4311 centesimum
1137 4264 1329 4323 postea
1375 4272 1663 4310 numerum
1713 4271 2029 4325 pervenere,
2078 4265 2154 4319 et,
2209 4267 2318 4309 tam

743 4347 902 4401 multi
943 4363 1067 4401 cum
1090 4357 1299 4412 essent,
1322 4356 1480 4400 antro
1515 4348 1607 4401 illo
1634 4348 2075 4401 continebantur.
2119 4350 2159 4400 A
2192 4364 2321 4403 sene

739 4438 941 4507 quippe
975 4437 1278 4491 didicerant
1310 4453 1498 4492 curam
1520 4439 1768 4508 corporis
1794 4439 2314 4508 1122negligere.

741 4527 1116 4584 Vescebantur
1170 4540 1350 4582 autem
1398 4531 1501 4599 ipsi
1541 4546 1781 4599 quoque,
1844 4532 1990 4584 sicut
2043 4531 2318 4599 magister,

2419 3342 2742 3413 μαθηκότες,
2798 3343 2845 3394 οἱ
2917 3340 3015 3410 μὲν
3062 3343 3125 3394 ἐκ
3174 3342 3428 3408 γειτόνων
3477 3343 3793 3407 οἰκοῦντες,
3841 3349 3893 3397 οἱ
3945 3347 4002 3400 δὲ

2416 3436 2695 3505 πόρρωθεν
2726 3452 2739 3465 υ
2776 3434 3080 3503 ὑπόπτερος
3109 3434 3215 3504 γὰρ
3255 3437 3287 3503 ἡ
3321 3437 3473 3505 φήμη
3503 3435 3673 3488 διέθεε
3714 3436 3957 3490 πάντοσε
3988 3454 3999 3464 '

2415 3526 2648 3595 ἔδραμον
2713 3524 3045 3587 ἱκετεύοντες
3099 3525 3197 3595 τῆς
3252 3524 3588 3596 παλαίστρας
3640 3528 4002 3597 μεταλαχείν,

2417 3619 2508 3671 καὶ
2566 3618 2655 3669 ὑπ’
2694 3617 2839 3686 αὐτῷ
2883 3611 2994 3668 οἷον
3038 3633 3143 3667 τινι
3187 3618 3471 3688 γυμναστῇ
3518 3619 3611 3671 καὶ
3670 3619 4005 3694 παιδοτρίϐῃ

2417 3708 2476 3759 τὺ
2502 3706 2688 3758 λοιπὸν
2738 3704 3015 3774 βιοτεύειν.
3041 3705 3343 3777 Θηρεύουσι
3370 3707 3477 3777 γὰρ
3506 3707 3565 3759 ού
3595 3709 3754 3777 μόνον
3784 3708 4005 3779 δρνιθες

2418 3798 2633 3868 ὄρνιθας
2660 3797 2895 3867 ᾄδοντες,
2927 3796 3018 3850 καὶ
3037 3797 3171 3866 πρὸς
3190 3798 3413 3859 ἑαυτούς
3444 3799 3569 3860 τοὺς
3595 3801 3880 3867 ὁμογενεῖς
3906 3801 4003 3852 ὲκ-

2419 3888 2757 3957 καλούμενοι,
2777 3889 2867 3940 καὶ
2889 3890 3005 3951 ταῖς
3032 3887 3441 3959 περικειμέναις
3461 3888 3880 3960 περιπείροντες
3901 3892 4005 3945 πά-

2419 3998 2541 4048 γαις
2570 3998 2583 4009 ·
2621 3980 2755 4032 ἀλλὰ
2782 3987 2874 4032 καὶ
2899 3979 3172 4051 ἄνθρωποι
3224 3982 3352 4046 τοὺς
3383 3983 3661 4053 ὁμοφυεῖς.
3698 3986 3747 4036 oi
3789 3985 3891 4052 μὲν
3923 3987 4007 4048 εἰς

2420 4071 2619 4142 λώϐην,
2638 4073 2687 4123 οἱ
2713 4071 2769 4124 δὲ
2796 4073 2876 4134 εἰς
2910 4074 3184 4143 σωτηρίαν
3212 4075 3554 4145 ἀγρεύουσιν.
3574 4075 3727 4127 Ούτω
3748 4093 4004 4145 συναγει-

2425 4162 2639 4231 ρόμενοι
2670 4163 2799 4214 δέκα
2826 4163 2925 4231 μὲν
2952 4164 3162 4233 ταχέως
3188 4165 3453 4233 ἐγένοντο,
3476 4161 3595 4218 εἶτα
3610 4165 3884 4219 διπλάσιοι
3907 4169 4005 4221 καὶ

2420 4253 2725 4326 τριπλάσιοι
2751 4249 2870 4306 εἶτα
2898 4255 2987 4306 τὸν
3020 4256 3212 4307 ἑκατὸν
3250 4256 3573 4327 ἐπλήρωσαν
3602 4256 3859 4327 ἀριθμόν.
3888 4259 4009 4311 Καὶ

2420 4344 2705 4406 τοσούτους
2726 4345 2782 4396 δὲ
2816 4346 3141 4415 γενομένους
3185 4348 3359 4399 ἐκεῖνο
3405 4349 3465 4400 τὸ
3501 4347 3696 4419 ἄντρον
3748 4349 3999 4418 ἐδέχετο·

2421 4435 2620 4505 ἔμαθον
2662 4437 2769 4506 γὰρ
2812 4437 2963 4505 παρὰ
2998 4437 3092 4489 τοῦ
3129 4436 3433 4506 πρεσϐύτου
3468 4438 3569 4507 τῆς
3598 4438 3693 4491 τοῦ
3745 4439 4006 4508 σώματος

2424 4531 2744 4601 κατηγορεῖν
2771 4528 3088 4600 θεραπείας.
3125 4529 3428 4582 Ἐσιτούντο
3481 4530 3537 4582 δὲ
3587 4532 3679 4583 καὶ
3729 4531 3885 4584 αύτοὶ
3925 4532 4007 4601 τῷ

742 4621 1046 4674 hordeaceo
1070 4636 1207 4689 pane
1239 4622 1352 4675 sale
1379 4623 1617 4675 condito.
1650 4621 1919 4676 Successu
1952 4638 2080 4676 vero
2110 4631 2307 4692 tempo-

2424 4620 2743 4689 παιδοτρίϐῃ
2776 4620 3174 4690 παραπλησίως
3203 4621 3293 4672 τὸν
3342 4621 3668 4691 κεγχρυδίαν
3699 4622 3864 4691 ἄρτον
3889 4625 4004 4684 τοῖς

742 4709 821 4764 ris
849 4712 997 4763 olera
1022 4721 1213 4778 sponte
1239 4711 1521 4765 nascentia
1544 4712 1867 4781 colligentes
1888 4722 1941 4765 et
1974 4711 2161 4764 lictilia
2189 4728 2318 4766 vasa
2340 4735 2346 4741 -

746 4802 1066 4871 implentes,
1103 4804 1291 4857 muria:
1338 4813 1603 4873 quantum
1647 4805 1784 4859 satis
1818 4813 1936 4859 erat
1995 4804 2320 4871 miscebant,

747 4893 1036 4947 obsonium
1071 4895 1137 4948 iis
1167 4893 1408 4950 futurum
1429 4898 1521 4965 qui
1554 4912 1693 4967 opus
1724 4897 1987 4951 baberent
2012 4882 2317 4953 curatione.

749 4983 888 5038 lluic
918 4996 1097 5039 autem
1126 4988 1335 5041 olerum
1369 4991 1554 5058 generi
1606 4989 1828 5043 humida
1880 4989 2193 5043 habitacula
2233 4988 2320 5043 in-

752 5078 889 5130 festa
931 5087 1092 5131 sunt:
1123 5082 1288 5133 situm
1321 5082 1465 5134 enim
1508 5081 1584 5134 illi
1608 5092 1659 5135 et
1693 5079 2032 5149 putredinem
2062 5080 2323 5136 inducere

752 5170 949 5223 solent.
973 5170 1102 5236 Qua:
1146 5173 1296 5227 labes
1327 5173 1455 5228 huic
1486 5174 1717 5227 obsonio
1748 5188 1874 5225 cum
1911 5172 2205 5226 accidisset
2229 5174 2245 5241 (
2268 5175 2319 5226 in

752 5266 968 5312 aatrum
1011 5262 1156 5313 enim
1194 5261 1398 5316 multus
1452 5262 1696 5331 undique
1731 5261 1926 5313 humor
1956 5258 2265 5329 influebat)
2305 5301 2319 5324 ,

754 5357 1019 5417 rogarunt
1058 5366 1241 5404 senem
1281 5350 1553 5421 discipuli.
1594 5361 1651 5405 ut
1686 5352 1791 5406 sibi
1825 5364 2043 5420 parvam
2084 5349 2320 5419 aliquam

752 5439 1000 5492 cellulam
1025 5451 1308 5497 exstruere
1338 5444 1543 5507 liceret,
1564 5452 1767 5513 quanta
1792 5442 2074 5513 capiendis
2106 5442 2319 5496 obsonii

756 5530 917 5599 hujus
947 5534 1091 5589 vasis
1124 5534 1257 5589 satis
1278 5540 1447 5592 esset.
1499 5534 1591 5590 Ille
1642 5543 1822 5589 autem
1874 5538 2048 5605 primo
2103 5536 2320 5606 quidem

826 5724 851 5750 η
885 5714 1024 5768 ΡειιΙ.
1052 5731 1236 5777 cxvlu.
1272 5716 1390 5771 105.
1471 5724 1494 5754 θ
1525 5719 1669 5773 Psal.
1696 5735 1847 5782 xviii,
1880 5719 1930 5772 ιι.
1966 5719 2045 5770 Η).

759 5789 776 5817 ³
814 5784 956 5840 l’sal.
987 5802 1177 5854 XXXI",
1203 5788 1254 5841 9.
1335 5792 1353 5826 ‘
1388 5788 1533 5844 Psal.
1558 5806 1662 5855 XLI,
1693 5790 1743 5842 ὅ.
1824 5788 2013 5841 uP-.-a!.
2049 5789 2249 5851 LSll,9.

2127 5728 2151 5767 ε’
2178 5716 2317 5772 l’sal.
2358 5738 2542 5786 nam
2574 5721 2625 5775 ι.

2426 4709 2613 4763 ἃλασιν
2649 4711 2992 4779 ήδυνὸμενον.
3033 4710 3225 4780 Χρόνῳ
3266 4710 3322 4763 δὲ
3366 4709 3590 4781 ὕστερον
3625 4713 3719 4763 καὶ
3765 4712 3878 4764 τῶν
3904 4713 4006 4766 αύ-

2423 4800 2637 4868 τοφυῶν
2685 4800 2932 4872 λαχάνων
2975 4803 3345 4870 συλλέγοντες,
3388 4800 3506 4858 εἶτα
3554 4804 3833 4873 κεράμους
3902 4806 4007 4873 ὲμ-

2426 4890 2735 4961 φοροῦντες,
2762 4894 2856 4945 καὶ
2905 4893 3002 4962 τῆς
3048 4894 3228 4964 ἅλμης
3278 4895 3401 4947 ὅσον
3439 4894 3655 4965 ἀπόχρη
3689 4894 4003 4964 μιγνύντες,

2426 4976 2570 5050 εἶχον
2605 4980 2735 5049 ὄψον
2770 4984 2818 5034 oi
2866 4982 3161 5053 θεραπείας
3190 4984 3455 5055 δεόμενοι.
3494 4985 3680 5055 Τούτῳ
3704 4986 3763 5038 δὲ
3800 4986 3880 5056 τῷ
3906 4987 4007 5040 λα-

2428 5073 2574 5141 χάνῳ
2612 5072 2681 5123 τὰ
2726 5076 3074 5144 νενοτισμένα
3114 5074 3222 5128 τῶν
3268 5077 3584 5146 οἰκημάτων
3610 5076 3848 5145 πολέμια
3875 5095 3888 5108 ·
3911 5080 4005 5132 εὐ·

2431 5164 2576 5233 ρὼτα
2618 5163 2726 5234 γὰρ
2780 5164 2925 5235 αύτῴ
2974 5166 3067 5218 καὶ
3116 5167 3389 5235 σηπεδόνα
3448 5168 3689 5235 πέφυκεν
3722 5170 3993 5236 ἐμποιεῖν.

2428 5253 2630 5306 Τούτου
2685 5255 2975 5327 τοιγαροῦν
3034 5255 3127 5308 τοῦ
3179 5256 3384 5320 πάθους
3430 5256 3558 5328 περὶ
3608 5256 3725 5309 τοδε
3770 5257 3832 5309 τὸ
3872 5257 4005 5325 ὄψον

2428 5346 2793 5415 γεγενημένου
2822 5364 2836 5377 ·
2888 5347 3086 5418 πολλὴν
3135 5350 3240 5420 γὰρ
3303 5349 3637 5420 πανταχόθεν
3698 5349 3759 5401 τὸ
3806 5349 4004 5420 ἄντρον

2428 5438 2726 5509 εἰσεδέχετο
2766 5440 2863 5511 τὴν
2906 5442 3083 5494 νοτίδα
3113 5458 3125 5469 ⁸
3173 5442 3413 5499 ἱκέτευον
3457 5443 3549 5496 τὸν
3597 5440 3913 5515 πρεσϐύτην
3952 5445 4001 5495 el

2431 5536 2712 5603 θιασῶται,
2765 5539 3004 5593 οἰκίσκον
3047 5541 3167 5595 τινα
3205 5541 3410 5613 βραχύν
3464 5541 3646 5608 σφίσιν
3702 5540 4000 5609 ἐπιτρὲσζαι

2733 5733 2759 5772 'l
2794 5722 2937 5778 Psal.
2977 5740 3083 5789 Civ,
3140 5725 3189 5778 3.
3330 5732 3349 5759 ν
3387 5722 3529 5775 Psal.
3575 5735 3774 5781 ιιιχν,
3814 5718 3865 5780 ι,
3918 5715 3999 5767 fl.
