4206 6456
212 394 348 459 πλον

1430 398 1831 461 RELIGIOSA
1867 396 2247 460 HISTORIA.

3302 390 3444 459 1310

206 508 521 580 ἰεὶμασθαι,
587 512 698 575 τοῖς
751 511 903 565 τοῦδε
962 513 1055 567 τοῦ
1105 515 1237 584 ὄψον
1310 516 1634 587 ἀποχρῶντα
1680 517 1775 582 ἀγ·
1805 519 1833 576 Α

1919 529 1987 569 οη
2019 512 2292 583 acquievit
2342 509 2637 581 petitioni:
2693 507 2909 563 tandem
2969 519 3101 561 vero
3144 519 3445 574 persuasus

210 602 400 667 γεῐοις.
443 602 500 655 '0
528 602 585 655 δὲ
635 604 704 658 τά
748 604 846 673 μὲν
894 606 1084 676 πρῶτα
1123 607 1223 677 τὴν
1272 608 1483 678 αἴτησιν
1522 608 1620 659 οὐκ
1662 606 1776 660 ἑδέ-

210 704 337 756 χετο
368 705 382 717 ·
405 689 501 757 ὀψὲ
535 691 590 743 δέ
620 708 747 745 ποτε
780 694 1021 757 πεισθείς
1046 712 1058 725 ο
1101 696 1349 766 ἐδιδάχθη
1403 696 1510 765 γάρ
1541 696 1647 748 ὑπὸ
1681 694 1775 746 τοῦ

217 781 453 848 μεγάλου
481 783 714 846 Παύλου,
742 784 816 855 μὴ
841 790 908 839 τὰ
932 788 1125 840 ἑαυτοῦ
1160 787 1361 857 ζητεῖν.
1397 786 1529 841 ἀλλὰ
1558 791 1667 850 τοῖς
1693 804 1779 838 τα-

216 872 425 934 πεινοῖς
474 876 915 942 συναπάγεσθαι·
954 876 1120 929 ἐδίδου
1161 878 1258 945 μὲν
1304 877 1397 930 τοῦ
1423 879 1666 930 οἰκίσκου
1713 878 1779 929 τα

220 962 395 1031 μέτρα
430 962 634 1032 βραχέα
658 966 779 1019 τινὰ
814 967 909 1019 καὶ
940 969 1165 1041 σμικρὰ,
1196 970 1361 1039 ἀπῄει
1381 969 1436 1020 δὲ
1466 969 1656 1039 ττόρρω
1687 966 1779 1018 τοῦ

218 1052 439 1120 ἄντρου,
480 1054 577 1116 τὰς
630 1055 865 1126 συνήθας
909 1056 987 1126 τῷ
1014 1058 1132 1125 Θεῷ
1175 1059 1477 1128 προσοίσων
1528 1057 1781 1117 ἱκετείας.

218 1140 418 1193 Εἰώθει
446 1142 554 1212 γὰρ
583 1146 918 1214 πεντήκοντα
951 1147 1050 1213 μὲν
1081 1146 1340 1210 πολλάκις
1375 1148 1640 1209 σταδίους,
1671 1147 1783 1199 ἔστι

218 1231 267 1284 δ⁴
296 1233 387 1284 ὅτε
420 1235 512 1285 καὶ
555 1234 634 1297 δὶς
682 1236 970 1300 τοσούτους
1003 1237 1143 1291 κατὰ
1175 1240 1272 1308 τὴν
1300 1238 1501 1309 ἔρημον
1534 1236 1785 1307 βαδίζων,

222 1323 317 1374 καὶ
372 1323 551 1392 πάσης
580 1326 772 1378 ἑαυτὸν
809 1328 1159 1397 ἀνθρωπίνης
1209 1329 1493 1393 συνουσίας
1541 1329 1788 1400 χωρίζων

224 1413 319 1465 καὶ
353 1415 435 1476 εἰς
467 1416 654 1467 ἑαυτὸν
693 1416 879 1484 νεύων,
919 1418 1043 1471 καθ’
1088 1421 1277 1472 ἑαυτὸν
1304 1420 1511 1490 ὁμιλεῖν
1545 1421 1621 1490 τῷ
1650 1421 1787 1490 Θεῷ,

224 1501 320 1551 xai.
375 1502 438 1552 τὸ
488 1500 628 1555 θεῖον
679 1506 853 1557 έκεῖνο
900 1506 994 1557 καὶ
1047 1506 1283 1577 ἄρρητον
1330 1505 1791 1577 κατοπτρίζεσθαι

225 1590 448 1653 κάλλος.
484 1593 697 1661 Ταύτης
725 1592 1013 1664 λαϐόμενοι
1031 1599 1127 1665 τῆς
1157 1598 1353 1666 σχολῆς
1383 1599 1433 1649 οἱ
1462 1598 1559 1666 τῆς
1587 1599 1793 1651 ἐκείνου

228 1680 557 1749 κηδεμονίας
611 1684 923 1754 ἠξιωμένοι,
981 1691 1049 1757 τῇ
1102 1688 1201 1757 μὲν
1253 1690 1409 1760 χρείᾳ.
1456 1689 1793 1760 σύμμετρον,

233 1771 460 1838 μείζονα
500 1773 556 1825 δὲ
601 1775 632 1844 ἢ
664 1777 1043 1847 ἐπετάχθησαν
1084 1779 1176 1830 τὸν
1209 1780 1448 1832 οἰκίσκον
1492 1780 1794 1850 ὲδείμαντο.

1884 606 1957 675 (a
2000 620 2194 674 magno
2226 602 2370 658 cnim
2404 601 2572 655 Paulo
2600 598 2866 655 didicerat
2898 613 3008 652 non
3040 613 3136 653 sua
3178 610 3444 667 quaerere.

1884 694 1979 747 sed
2009 693 2421 747 accommodare
2465 705 2524 743 se
2556 688 2855 743 humilibus
2885 686 2953 756 '),
2985 687 3192 741 cellulae
3227 686 3455 740 brevem

1884 793 1939 838 et
1972 785 2224 853 exiguam
2266 795 2580 836 mensuram
2610 780 2797 845 dedit,
2836 778 3141 847 proculque
3181 778 3248 831 ab
3292 783 3460 828 antro

1885 876 2175 938 discessit,
2222 875 2412 929 solitas
2474 872 2584 925 Deo
2639 887 2828 941 preces
2879 870 3185 924 oblaturus.
3244 866 3452 920 Solitos

1887 968 2182 1029 enituerat,
2236 967 2300 1019 ad
2333 964 2730 1035 quinquaginta
2761 962 3038 1016 interdum
3076 960 3276 1022 stadia,
3314 973 3462 1011 non-—

1888 1072 2165 1126 nunquam
2209 1056 2275 1108 ad
2310 1056 2474 1125 duplo
2512 1056 2667 1124 plura
2709 1069 2805 1123 per
2839 1053 3111 1106 desertum
3144 1049 3451 1108 ambulans,

1889 1155 1943 1203 et
1975 1164 2032 1201 se
2051 1148 2118 1201 ab
2152 1150 2300 1201 omni
2326 1148 2557 1199 humana
2573 1142 2969 1199 consuetudine
2989 1156 3271 1210 separaris,
3294 1146 3461 1207 atque

1892 1242 1945 1295 in
1983 1240 2219 1309 seipsum
2254 1238 2495 1300 rediens,
2524 1237 2777 1306 privatim
2819 1235 3027 1289 versari
3060 1248 3181 1287 cum
3211 1232 3343 1296 Deo,
3395 1244 3459 1282 ac

1893 1331 2131 1383 divinam
2170 1329 2320 1382 illam
2360 1339 2415 1383 et
2454 1326 2765 1382 ineffabilcn
2811 1323 3273 1394 pulchritudinem
3332 1336 3460 1389 spe-

1896 1422 2089 1474 culari.
2122 1419 2236 1474 Hoc
2260 1420 2430 1473 otium
2460 1419 2602 1472 nacti
2633 1418 2755 1486 ejus
2785 1416 3058 1485 discipuli,
3093 1414 3213 1468 usui
3245 1410 3471 1480 quidenr

1897 1521 1951 1567 et
1993 1512 2301 1566 necessitati
2328 1517 2746 1578 congruentem,
2770 1509 2864 1563 sed
2901 1507 3106 1575 majore
3135 1519 3295 1574 quam
3324 1503 3461 1571 jussi

1902 1600 2115 1652 fuerant
2154 1613 2407 1653 mensura
2442 1597 2694 1651 cellulam
2720 1606 3067 1649 exstruxere.
3100 1592 3319 1647 Decimo
3342 1598 3467 1660 post

1901 1690 1990 1744 die
2027 1704 2300 1754 reversus,
2330 1688 2479 1740 velut
2522 1686 2698 1741 Moses
2751 1686 2974 1755 quidam
3002 1723 3017 1747 ,
3064 1684 3133 1738 de
3191 1690 3373 1736 monte
3415 1686 3477 1735 et

1904 1780 2369 1849 contemplatione
2417 1779 2509 1832 illa
2585 1776 2890 1843 ineffabili,
2964 1776 3227 1845 majorem
3306 1786 3469 1843 quam

244 1860 591 1916 Ἐπανελθὼν
634 1865 690 1918 δὲ
722 1868 858 1935 μετὰ
883 1868 1114 1937 δεκάτην
1146 1870 1377 1939 ἡμέραν,
1408 1868 1497 1923 οἷά
1531 1888 1613 1933 τις
1642 1872 1806 1924 Μωῦ-

1915 1874 2121 1926 volebat
2169 1879 2501 1925 structuram
2555 1867 2752 1921 factam
2811 1867 3160 1936 conspiciens
3197 1883 3209 1918 :
3247 1863 3469 1925 Vereor,

234 1953 337 2019 τῆς
374 1955 484 2005 ἀπὸ
517 1955 609 2009 τοῦ
654 1956 814 2026 ὅρους
849 1960 941 2013 καλ⁸
972 1961 1076 2028 τῆς
1108 1961 1386 2031 ἀφράστου
1426 1961 1677 2030 θεωρίας,
1709 1961 1802 2015 καὶ

233 2043 574 2113 θεασάμενος
622 2049 907 2120 μεέζοναῆ
949 2051 1200 2104 ἐϐούλετο
1245 2053 1342 2121 τὴν
1386 2054 1673 2125 οἰκοδομὴν
1710 2071 1804 2122 γε·

232 2136 546 2206 γενημένην
574 2155 586 2167 ·
625 2157 642 2189 ι
679 2139 924 2205 Δέδοικα,
968 2140 1093 2209 ἔφη,
1142 2135 1187 2193 ὦ
1216 2142 1429 2211 ἄνδρες.
1479 2142 1555 2211 μὴ
1598 2145 1667 2195 τά
1716 2145 1807 2196 ἐπὶ

232 2226 341 2295 γῆς
380 2227 698 2297 εὐρύνοντες
744 2231 1063 2300 καταγώγια
1117 2233 1503 2303 σμικρύνωμεν
1542 2235 1609 2288 τὰ
1644 2235 1809 2305 οὐρά-

233 2334 328 2371 νια
351 2335 368 2350 ο
391 2320 567 2372 καίτοι
590 2322 760 2374 ταῦτα
787 2324 887 2391 μέν
915 2326 1031 2376 ἐστι
1054 2323 1386 2393 πρόσκαιρα,
1417 2324 1510 2377 καὶ
1541 2326 1674 2395 πρὸς
1700 2327 1809 2378 ὀλί-

236 2421 336 2472 γον
382 2409 516 2477 ἡμῖν
561 2410 842 2479 ἐπιτήδεια
870 2427 883 2440 °
920 2414 1102 2465 ἐκεῖνα
1153 2412 1209 2465 δὲ
1251 2412 1466 2474 αἰώνια,
1505 2416 1600 2468 καὶ
1637 2414 1811 2485 πέρας

237 2494 428 2548 λαϐεῖν
455 2497 518 2549 ού
556 2497 847 2568 δυνάμενα.
887 2519 907 2552 ο
942 2502 1053 2553 Καὶ
1080 2499 1251 2553 ταῦτα
1282 2502 1380 2569 μὲν
1419 2500 1594 2568 ἔλεγε,
1627 2502 1694 2555 τά
1721 2520 1811 2555 τε-

238 2586 501 2657 λεώτεραυ
529 2588 619 2641 τὸν
663 2589 821 2659 χορὸν
861 2588 1215 2645 έκπαιδεύων.
1260 2590 1532 2661 Ἦνείχετο
1564 2592 1619 2645 δὲ
1643 2593 1810 2663 ὅμως,

238 2678 343 2746 τῆς
386 2679 751 2751 ἁποστολικῆς
792 2681 1104 2745 ἐπακούσας
1152 2680 1374 2750 φωνῆς-ο
1412 2700 1429 2733 ι
1464 2683 1538 2735 Οὐ
1572 2681 1719 2752 ζητῶ
1753 2683 1814 2737 τὺ

240 2772 481 2840 ἐμαυτοῦ
520 2771 816 2842 συμφέρον,
858 2772 994 2828 ἀλλὰ
1027 2771 1089 2825 τὸ
1127 2771 1234 2827 τῶν
1272 2772 1501 2837 πολλῶν,
1526 2772 1613 2826 ἵνα
1635 2774 1816 2827 σωθῶ-

244 2880 350 2917 σιν.
383 2883 403 2914 ι
453 2864 829 2931 Ἐξεπαίδευσε
870 2866 928 2918 δὲ
973 2866 1278 2928 κάκείνους,
1315 2866 1461 2918 ἔνδον
1506 2866 1602 2936 μὲν
1634 2866 1817 2937 κοινὴν

240 2954 323 3021 τῷ
366 2955 488 3022 Θεῷ
516 2956 616 3025 τὴν
661 2958 936 3027 ὑμνῳδίαν
980 2958 1331 3027 προσφέρειν,
1371 2959 1506 3027 μετὰ
1537 2958 1719 3029 δὲτὴν
1744 2960 1818 3013 ἓω

242 3044 350 3095 ἀνὰ
392 3044 486 3095 δύο
529 3045 667 3097 κατὰ
706 3046 803 3114 τὴν
834 3045 1037 3116 ἔρημον
1078 3045 1299 3111 ἐξιέναι,
1352 3048 1447 3099 καὶ
1480 3048 1571 3099 τὸν
1618 3049 1716 3117 μὲν
1749 3048 1818 3100 τὰ

244 3134 452 3202 γόνατα
475 3136 940 3204 κατακάμπτοντα
967 3138 1067 3206 τὴν
1093 3137 1448 3208 ὀφειλομένην
1474 3138 1553 3208 τῷ
1577 3140 1818 3211 Δεσπότῃ

243 3229 580 3299 προσφέρειν
629 3228 1021 3299 προσκύνησιν,
1056 3231 1146 3284 τὸν
1184 3231 1239 3284 δὲ
1264 3230 1409 3301 ᾅδειν
1455 3231 1662 3285 ἑστῶτα
1688 3232 1821 3301 ψαλ-

248 3322 388 3390 μοὺς
427 3321 746 3382 Δαυῑτικοὺς
794 3321 1202 3386 πεντεκαίδεκα,
1239 3318 1357 3375 εῐτα
1384 3323 1725 3375 ἐναλλάττειν
1758 3323 1819 3376 τὸ

246 3411 435 3480 ἔργον,
481 3409 575 3461 καὶ
619 3409 711 3461 τὸν
760 3409 858 3478 μὲν
906 3409 1264 3478 ἀνιστάμενον
1310 3409 1477 3479 ᾄδειν,
1522 3409 1611 3461 τὸν
1651 3410 1707 3461 δὲ
1739 3413 1821 3472 εἰς

245 3500 352 3569 γῆν
394 3499 814 3552 καιτακύπτοντα
849 3502 1173 3569 προσκυνεῖν
1208 3516 1221 3528 ·
1251 3501 1346 3554 καὶ
1391 3500 1547 3553 τοῦτο
1582 3500 1639 3566 ἐξ
1669 3502 1824 3554 ἑωθι-

247 3590 342 3643 νοῦ
372 3589 534 3659 μέχρι
570 3591 747 3659 δείλης
792 3591 949 3658 ὀψίας
985 3589 1254 3642 διετέλουν
1296 3590 1591 3653 ποιοῦντες.
1626 3591 1737 3660 Πρδ
1762 3591 1820 3643 δὲ

248 3681 403 3748 ἡλίου
439 3680 658 3749 δυσμῶν
701 3680 873 3750 βραχύ
901 3697 953 3733 τι
994 3680 1472 3750 διαναπαυόμενοι,
1518 3683 1598 3742 εἰς
1641 3682 1703 3733 τὸ
1731 3681 1825 3734 ἇν-

1907 1966 2102 2034 inquit,
2129 1964 2299 2025 oviri,
2327 1979 2413 2024 ne,
2435 1962 2562 2015 dum
2579 1970 2791 2016 terrena
2816 1960 3108 2013 dilatatnus
3134 1956 3469 2013 habitacula,

1907 2057 2215 2109 minuamus
2254 2054 2520 2114 caelestia,
2550 2062 2605 2106 et
2652 2059 2839 2106 tamen
2902 2049 3229 2118 temporaria
3260 2045 3479 2115 1123

1908 2154 2038 2199 sunt
2086 2146 2212 2210 ista,
2248 2159 2349 2198 nec
2390 2145 2481 2197 diu
2517 2143 2671 2198 nobis
2716 2144 2839 2197 usui
2880 2142 3101 2197 futura:
3161 2141 3253 2194 illa
3297 2151 3475 2192 autem

1907 2242 2133 2296 aeterna,
2196 2235 2517 2302 nullumque
2576 2232 2735 2287 finem
2798 2232 3066 2286 habitura.
3131 2230 3307 2299 Atque
3363 2228 3478 2282 haec

1911 2325 2130 2395 quidem
2179 2325 2338 2388 dixit,
2372 2325 2484 2377 ‘ad
2541 2324 2867 2394 perfectiora
2921 2322 3148 2377 chorum
3197 2319 3479 2385 erudiens,

1911 2417 2165 2470 toleravit
2219 2425 2400 2469 tamen
2431 2455 2446 2480 ,
2493 2429 2681 2468 vocem
2738 2414 3039 2469 exaudiens
3092 2412 3477 2483 apostolicam.

1917 2526 1938 2561 ι
1977 2507 2095 2562 Non
2131 2523 2314 2578 quam
2342 2506 2486 2577 quod
2521 2506 2651 2560 mihi
2687 2506 2815 2561 utile
2840 2516 2943 2571 est,
2980 2505 3074 2561 sed
3096 2504 3241 2573 quod
3268 2502 3479 2564 multis.

1914 2611 1974 2655 ut
2000 2600 2132 2655 salvi
2168 2600 2317 2653 fiant.
2364 2618 2381 2651 ι
2417 2597 2654 2653 Docebat
2684 2608 2867 2653 autem
2895 2598 3039 2663 illos,
3078 2598 3239 2663 intus.
3261 2594 3480 2667 quidem

1915 2704 2258 2745 communem
2294 2688 2401 2742 Deo
2431 2687 2786 2759 hymnodiam
2811 2688 3010 2743 offerre
3040 2706 3053 2741 :
3080 2694 3203 2756 post
3227 2698 3493 2740 auroram

1916 2795 2045 2838 vero
2088 2780 2247 2835 binos
2286 2782 2440 2835 exire
2482 2782 2535 2834 in
2568 2781 2946 2844 solitudinem,
2979 2788 3033 2833 et
3060 2794 3229 2831 unum
3258 2777 3481 2847 quidem

1917 2885 2093 2942 genua
2110 2870 2415 2924 ﬂectentem
2450 2870 2688 2923 debitam
2731 2868 2959 2922 Domino
2988 2869 3246 2923 exhibere
3281 2867 3482 2921 adora-

1919 2962 2141 3024 tionem,
2164 2961 2393 3014 alterum
2426 2976 2556 3014 vero
2602 2968 2839 3015 stantem
2888 2962 3125 3029 psalmos
3170 2958 3484 3028 quindecim

1921 3066 2114 3106 canere
2136 3050 2450 3105 Davidicos:
2477 3058 2592 3103 tum
2616 3050 2834 3115 deinde,
2863 3051 3049 3120 operis
3072 3049 3215 3103 facta
3236 3063 3484 3102 commu-

1925 3142 2151 3204 tatione,
2191 3143 2340 3194 illum
2369 3150 2683 3212 surgentem
2722 3156 2941 3206 canere,
2977 3144 3121 3196 hunc
3159 3156 3291 3195 vero
3333 3140 3484 3193 humi

1922 3232 2367 3303 procumbentem
2389 3233 2636 3288 adorare.
2683 3234 2860 3301 Atque
2886 3235 2991 3287 hoc
3022 3234 3100 3286 illi
3155 3230 3487 3299 crepusculo

1922 3323 2192 3376 matutino
2227 3325 2432 3387 exorsi,
2489 3324 2556 3377 ad
2606 3325 2984 3393 vespertinum
3036 3339 3209 3391 usque
3268 3323 3491 3378 assidue

1918 3412 2218 3467 faciebant.
2258 3412 2398 3468 Ante
2440 3428 2697 3467 occasum
2725 3431 2853 3468 vero
2893 3415 3025 3470 solis
3050 3415 3329 3483 paululum
3355 3413 3486 3483 qui-

1922 3513 2193 3567 escentes,
2238 3504 2363 3559 hinc
2394 3507 2487 3568 illi,
2523 3507 2675 3560 illinc
2726 3508 2842 3570 alii,
2893 3521 3083 3561 omnes
3136 3506 3377 3573 undique
3434 3505 3490 3558 in

1921 3604 2135 3648 antrum
2167 3598 2595 3662 conveniebant,
2626 3606 2679 3651 et
2704 3598 2936 3667 hymnos
2986 3597 3332 3667 vcspcrtinos
3394 3594 3494 3650 Do.

1928 3685 2078 3740 mino
2099 3687 2261 3741 simul
2293 3688 2611 3742 offerebant.

248 3792 377 3845 τρον
432 3766 575 3827 οὗτοι
626 3774 722 3844 μὲν
759 3773 931 3836 ἔνθεν,
975 3765 1122 3828 οὗτοι
1164 3773 1221 3826 δὲ
1260 3772 1489 3835 ἐκεῖθεν,
1524 3773 1724 3837 πάντες
1770 3774 1828 3829 δὲ
1866 3780 2204 3849 πανταχόθεν
2265 3780 2551 3851 συνῄεσαν,
2606 3779 2700 3832 καὶ
2729 3780 2830 3848 τὴν
2899 3778 3187 3850 έσπερινὴν
3224 3776 3495 3848 ὑμνῳδίαν

250 3865 396 3918 κατὰ
426 3866 619 3917 ταυτὸν
643 3864 720 3935 τῷ
751 3868 999 3937 Δεσπότῃ
1035 3865 1391 3936 προσέφερον.

324 3959 524 4012 Εἰώθει
559 3961 616 4012 δὲ
675 3961 769 4013 καὶ
803 3960 965 4022 αὐτὸς
1015 3961 1044 4013 ὁ
1088 3958 1399 4029 πρεσϐύτης
1445 3959 1539 4012 ἕνα
1569 3960 1688 4012 τινά
1718 3960 1830 4012 τῶν

250 4053 675 4121 ἑπισημοτέρων
710 4052 964 4104 κοινωνὸν
1012 4052 1109 4121 τῆς
1140 4052 1483 4121 λειτουργίας
1513 4051 1829 4121 λαμϐάνειν.

252 4144 459 4197 Εἵπετο
486 4142 542 4194 δὲ
572 4142 719 4213 αύτῷ
767 4143 1083 4212 συχνότερον
1110 4143 1250 4212 ἀνήρ
1282 4160 1385 4205 τις,
1444 4142 1504 4194 τὺ
1554 4143 1652 4213 μὲν
1685 4144 1833 4210 γένος

253 4237 497 4306 Πέρσης,
532 4234 592 4287 τὸ
636 4234 692 4287 δὲ
722 4230 859 4297 εἶδος
898 4234 1068 4304 μέγας
1113 4236 1206 4287 καὶ
1249 4233 1593 4302 ἁξιάγαστος,
1626 4235 1835 4305 θαυμα-

256 4328 527 4397 σιωτέραν
560 4327 615 4379 δὲ
647 4325 740 4379 τοῦ
780 4325 952 4387 εἴδους
981 4329 1077 4396 τὴν
1106 4325 1282 4395 ψυχὴν
1327 4327 1686 4396 κεκτημένος,
1734 4328 1833 4379 Ἰά-

254 4420 437 4481 κωϐος
465 4417 635 4487 ὄνομα
667 4416 903 4487 αὐτῷ,ὃς
939 4418 1033 4470 καὶ
1061 4417 1199 4486 μετὰ
1228 4419 1326 4485 τὴν
1350 4418 1557 4470 ἐκείνου
1580 4417 1833 4488 τελευτὴν

2004 3958 2426 4024 δοιεὺοιυαιιιεηι
2464 3960 2581 4030 ipse
2612 3973 2831 4030 quoque
2868 3973 3033 4015 senex
3064 3974 3234 4013 unum
3259 3958 3496 4028 aliquem

1930 4066 1995 4106 ex
2020 4054 2417 4123 insignioribus
2438 4052 2597 4107 oliicii
2625 4054 2835 4107 socium
2859 4066 3160 4106 assumere.
3210 4048 3488 4120 Sequeba-

1933 4151 2131 4213 tnrque
2163 4144 2312 4197 illum
2342 4145 2684 4215 frequentius
2711 4145 2793 4197 vir
2815 4143 3062 4213 quidam,
3084 4141 3251 4196 Persa
3277 4157 3497 4211 genere,

1934 4235 2105 4287 forma
2136 4234 2357 4304 quidem
2391 4251 2623 4304 magnus
2651 4244 2705 4289 et
2737 4233 3118 4298 admirandus,
3171 4231 3269 4287 sed
3324 4233 3500 4287 admi-

1939 4324 2194 4379 rabiliore
2223 4326 2403 4377 anima
2437 4326 2700 4394 praeditus
2731 4340 2893 4393 quam
2948 4324 3144 4385 forma,
3179 4324 3266 4378 cui
3302 4337 3500 4376 nomen

1936 4415 2198 4471 Jacobus.
2231 4414 2340 4480 Qui
2376 4415 2539 4469 etiam
2596 4426 2718 4485 post
2768 4416 2915 4469 illius
2952 4425 3177 4468 mortem
3239 4416 3293 4467 iu
3353 4415 3502 4466 omni

254 4513 315 4563 ὲν
352 4512 503 4580 πάσῃ
540 4512 636 4578 μὲν
665 4509 959 4579 διέλαμψεν
989 4511 1178 4579 ἀρετῇ,
1212 4510 1477 4579 ἐπίσημος
1507 4508 1563 4562 δὲ
1594 4518 1687 4561 και
1736 4526 1833 4561 πει

1940 4506 2139 4560 virtute
2160 4505 2538 4573 resplenduit:
2571 4506 2804 4574 insignis
2835 4512 3015 4557 autem
3046 4512 3098 4558 et
3124 4503 3355 4557 illustris
3377 4501 3501 4564 fuit,

258 4607 552 4678 ρέϐλεπτος
576 4602 666 4675 ἦν,
699 4607 759 4658 οὺ
781 4607 893 4668 τοῖς
922 4604 1109 4658 αὐτόθι
1156 4604 1354 4674 μόνοις,
1388 4602 1523 4655 ἀλλὰ
1575 4602 1670 4653 καὶ
1724 4604 1835 4664 τοίς

256 4703 318 4753 ἐν
352 4701 421 4768 τῇ
460 4698 631 4767 Συρίᾳ
670 4699 768 4766 τῆς
798 4698 1115 4767 φιλοσοφίας
1148 4696 1603 4769 φροντιστηρίοις,
1657 4696 1715 4746 ἐν
1756 4690 1836 4757 οἷς

256 4792 355 4845 καὶ
388 4789 641 4842 ἐτελεύτα
675 4788 895 4857 βιώσας,
934 4790 1007 4852 ὡς
1041 4789 1279 4857 λέγεται,
1307 4791 1540 4859 τέτταρα
1569 4786 1664 4840 καὶ
1696 4788 1838 4838 ἐκα-

255 4886 350 4935 τέιν
397 4882 514 4952 ἐτη.
564 4877 731 4943 Οὗτος
782 4880 857 4949 τῷ
895 4880 1115 4951 μεγάλῳ
1145 4880 1423 4951 πρεσϐύτῃ
1457 4880 1556 4949 τῆς
1608 4879 1698 4932 ἐπὶ
1739 4878 1838 4946 τὴν

258 4976 471 5046 ἔρημον
528 4974 862 5042 κοινωνήσας
907 4971 1048 5035 ὀδοῦ,
1081 4972 1361 5043 πόρρωθεν
1390 4972 1592 5024 εἵπετο.
1623 4970 1696 5023 Οὐ
1731 4972 1840 5039 γάρ

257 5069 349 5121 εἷα
400 5065 657 5129 πελάζειν
689 5068 717 5115 ὁ
748 5064 1087 5127 διδάσκαλος,
1124 5064 1209 5116 ἵνα
1240 5064 1311 5133 μὴ
1348 5064 1619 5134 πρόφασιν
1658 5062 1839 5124 αὐτοῖς

256 5158 426 5211 τοῦτο
470 5156 758 5221 διαλέξεως
807 5157 1050 5226 γένηται,
1085 5158 1118 5226 ἡ
1172 5156 1228 5209 δὲ
1268 5154 1499 5219 διάλεξις
1545 5154 1719 5224 κλέψῃ
1748 5153 1839 5205 τὸν

258 5251 393 5302 νοῦν
415 5250 514 5316 τῆς
547 5247 672 5316 περὶ
701 5248 792 5299 τοῦ
822 5245 955 5300 Θεοῦ
979 5247 1296 5314 φαντασίας.
1329 5246 1619 5313 Ἐπόμενος
1651 5245 1707 5297 δὲ
1740 5244 1842 5315 ὁρᾷ

258 5341 412 5393 κατὰ
441 5339 539 5408 τὴν
580 5338 696 5390 ὁδὸν
738 5338 1005 5407 δράκοντά
1034 5354 1156 5391 τινα
1187 5337 1518 5407 παμμεγέθη
1570 5335 1839 5405 κείμενον.

261 5432 407 5488 Εἶτα
439 5432 771 5501 θεασάμενος
803 5433 1071 5504 προϐῆναι
1122 5436 1216 5502 μὲν
1255 5433 1354 5484 οὐκ
1400 5430 1721 5502 ἐθάρρησεν,
1752 5430 1843 5480 έκ-

259 5527 449 5580 κλῖναι
473 5524 528 5577 δὲ
560 5524 818 5585 πολλάκις
853 5524 957 5577 ὑπὸ
1006 5526 1098 5577 τοῦ
1146 5525 1296 5585 δέους
1318 5523 1569 5592 θελήσας,
1601 5520 1843 5591 ἀνερρώ-

260 5620 372 5687 σθη
408 5617 570 5670 πάλιν
598 5616 687 5668 τὸν
709 5616 989 5686 λογισμόν.
1022 5618 1251 5669 Ἔπειτα
1278 5616 1475 5684 κύψας,
1514 5613 1606 5667 καὶ
1638 5611 1844 5681 ψηφὶδα

342 5809 369 5836 ν
410 5797 575 5855 Rom.
606 5815 698 5865 ιιι,
730 5798 813 5854 l6.
914 5798 987 5856 κΞ
1023 5795 1226 5861 Com,
1261 5797 1345 5850 55.

1943 4613 2048 4650 non
2088 4596 2140 4649 in
2178 4596 2286 4650 illis
2319 4596 2478 4649 modo
2512 4611 2633 4666 quae
2676 4597 2788 4650 illic
2818 4602 2995 4659 erant,
3024 4593 3119 4649 sed
3150 4596 3203 4647 in
3238 4594 3494 4648 iisetiam

1942 4703 2063 4757 qua:
2080 4687 2130 4739 in
2149 4686 2689 4755 Syria,pliilosopliize
2705 4687 3001 4756 gymnasiis
3018 4702 3113 4740 seu
3134 4685 3502 4748 monasteriis,

1946 4778 1999 4831 in
2028 4778 2225 4846 quibus
2242 4778 2407 4832 vitain
2426 4776 2581 4835 finiit.
2601 4792 2725 4830 cum
2753 4777 2978 4831 vixisset
2995 4792 3189 4838 annos,
3212 4785 3268 4829 ut
3288 4775 3491 4836 ferunt,

1945 4878 2161 4923 centum
2189 4877 2245 4923 et
2271 4876 2524 4936 quatuor.
2554 4866 2605 4921 ls
2622 4882 2747 4921 cum
2778 4882 2975 4936 magno
2999 4883 3128 4921 sene
3158 4867 3262 4920 iter
3296 4865 3506 4919 faciens

1945 4974 2042 5029 per
2097 4958 2390 5019 desertum,
2450 4956 2667 5012 eminus
2721 4958 3069 5025 sequebatur.
3130 4954 3249 5008 Non
3297 4954 3508 5008 sinebat

1945 5050 2090 5103 enim
2136 5050 2391 5117 magister
2430 5047 2583 5100 illum
2650 5048 2875 5115 propius
2927 5045 3213 5108 accedere,
3270 5060 3339 5099 ne
3398 5058 3508 5113 qua

1946 5150 2070 5206 inde
2092 5148 2430 5217 colloquendi
2446 5155 2592 5202 esset
2612 5147 2851 5210 occasio,
2868 5154 2922 5200 et
2948 5144 3163 5215 1124
3174 5144 3507 5212 colloquium

1946 5249 2180 5295 mentem
2209 5253 2237 5291 a
2266 5238 2354 5292 Dei
2387 5238 2848 5307 contemplatione
2863 5238 3222 5292 abstraheret.
3256 5235 3505 5303 Sequens

1946 5334 2130 5404 igitur,
2162 5332 2456 5385 draconem
2490 5330 2783 5383 maximum
2818 5328 3092 5396 conspicit
3126 5329 3180 5380 in
3203 5326 3313 5380 via.
3337 5322 3509 5389 Quem

1944 5426 2213 5494 jacentem
2266 5422 2686 5491 contemplans,
2741 5419 2996 5489 progredi
3069 5432 3177 5472 non
3232 5414 3510 5468 audebat:

1949 5514 2222 5568 declinare
2255 5520 2436 5565 autem
2476 5526 2584 5579 pm
2631 5518 2776 5566 metu
2842 5524 2968 5564 cum
3024 5509 3206 5573 vellet,
3266 5505 3509 5558 animum

1954 5617 2143 5657 rursus
2202 5601 2565 5655 confirmavit.
2649 5600 2849 5654 Deinde
2916 5598 3161 5667 lapillum
3217 5596 3513 5649 inclinatus
