4206 6456
779 381 907 444 1311

1796 381 2282 442 THEODORETI
2314 380 2653 442 EPISCOPI
2690 380 3055 442 CYRENSIS

3893 385 4034 451 1312

776 498 1068 566 arripiens,
1105 498 1158 551 in
1200 509 1436 566 eumque
1490 494 1821 565 conjiciens,
1859 496 2053 552 eodem
2091 498 2146 551 in
2204 504 2340 551 statu

2455 493 2654 562 λαϐὼν,
2703 495 2796 547 καὶ
2843 493 3048 565 ταύτην
3081 493 3391 561 ἀκοντίσας,
3444 494 3593 567 ἐώρα
3646 496 3737 551 τὸν
3763 497 4037 570 δράκοντα

776 601 995 641 manere
1022 585 1340 654 draconem,
1381 602 1483 643 nec
1502 600 1850 641 commovere
1885 602 1945 641 se
1972 601 2132 656 posse
2170 587 2349 639 anim-

772 677 1008 732 advertit
1049 697 1061 732 :
1095 694 1160 733 ex
1200 694 1311 748 quo
1347 688 1620 733 mortuum
1652 694 1777 733 esse
1828 678 2163 747 intelligens,
2198 679 2349 734 senis

770 785 911 839 opus
945 785 1068 825 esse
1113 781 1342 824 mortem
1379 771 1571 824 bellua!
1606 771 1908 825 arbitratus
1957 778 2063 825 est.
2112 769 2349 825 Peracto

770 861 991 925 itinere,
1022 862 1404 930 completoque
1437 860 1764 930 hymnorum
1798 859 2001 925 oﬂicio,
2045 874 2170 914 cum
2204 867 2345 913 teut-

768 963 874 1017 pus
914 950 1118 1019 quietis
1187 948 1521 1015 advenisset,
1581 958 1635 1003 et
1687 948 1889 1004 sedens
1944 964 2111 1003 senex
2167 949 2346 1018 ipsum

768 1040 933 1091 etiam
992 1040 1221 1093 modicae
1278 1039 1450 1109 quieti
1504 1052 1709 1107 corpus
1767 1038 1986 1091 tradere
2040 1037 2346 1105 iussisset,

768 1130 1007 1198 primum
1069 1130 1289 1199 quidem
1341 1130 1541 1184 tacitus
1596 1128 1841 1183 sedebat.
1884 1136 1901 1153 '
1960 1127 2165 1183 Deinde
2220 1144 2347 1184 cum

765 1236 932 1275 senex
954 1237 1264 1276 sermonem
1290 1221 1579 1293 quemdam
1599 1236 1832 1277 exorsus
1858 1229 2023 1287 esset,
2054 1228 2169 1274 tum
2195 1221 2345 1276 illum

764 1312 963 1367 leniter
996 1314 1290 1367 subridens
1337 1312 1579 1368 Jacobus
1624 1312 1859 1382 rogavit,
1917 1312 2025 1367 sibi
2089 1321 2149 1366 ut
2198 1312 2346 1382 quod

766 1402 1055 1471 ignorabat
1088 1405 1344 1474 aperiret.
1375 1404 1439 1458 Et
1474 1420 1597 1459 cum
1618 1405 1995 1474 interrogandi
2019 1406 2344 1475 potestatem

766 1494 1010 1559 fecisset,
1056 1513 1075 1546 ι
1120 1494 1266 1561 Vidi,
1294 1496 1495 1565 inquit,
1519 1495 1576 1548 in
1609 1497 1717 1559 via,
1742 1495 2015 1564 jacentem
2044 1495 2343 1547 maximum

764 1586 1081 1649 draconem,
1116 1600 1178 1639 ac
1201 1585 1674 1654 primumquidem
1722 1584 1877 1637 timui
1926 1585 2109 1637 vivum
2155 1584 2341 1638 existi-

762 1691 940 1730 mans.
976 1676 1043 1730 Ut
1070 1690 1197 1729 vero
1226 1688 1500 1729 mortuum
1534 1674 1921 1739 animadverti,
1962 1689 2191 1729 securus
2238 1676 2345 1729 iter

762 1780 884 1819 sum
949 1765 1255 1835 ingressus.
1294 1766 1390 1820 Dic
1437 1781 1567 1836 ergo
1601 1766 1758 1829 mibi,
1795 1774 1950 1836 pater
1977 1806 1992 1831 ,
2054 1769 2170 1833 ait,
2216 1769 2343 1839 quis

2452 586 2544 639 ἐπὶ
2580 587 2857 657 σχήματος
2892 586 3142 655 μένοντα,
3175 588 3268 640 καὶ
3320 586 3586 642 κινεῖσθαι
3643 591 3923 655 παντελῶς
3970 592 4032 645 οὖ

2446 676 2763 747 δυνάμενον.
2792 676 3000 738 Συνιεὶς
3021 675 3078 729 δὲ
3109 677 3185 738 ὡς
3205 677 3397 748 νεκρὸς
3419 678 3530 748 εἴη,
3564 677 3725 748 ἔργον
3758 674 4033 734 ὑπέλαϐεν

2449 763 2591 822 εἶναι
2621 767 2714 821 τοῦ
2749 766 3059 839 πρεσϐύτου
3090 768 3183 821 τοῦ
3209 768 3403 839 θηρίου
3430 770 3521 823 16v
3554 770 3802 826 θάνατον.
3838 773 3881 823 Τ
3884 772 3952 843 ὴν
3977 773 4034 824 δὲ

2448 861 2566 914 ὁδὸν
2600 861 2884 926 ἐξανύσας,
2926 861 3023 914 καὶ
3074 862 3172 931 τῆς
3220 861 3490 931 ὑμνῳδίας
3539 862 3639 932 τὴν
3690 864 4033 936 λειτουργίαν

2449 952 2851 1024 πεπληρωκὼς,
2874 954 2949 1017 ὡς
2984 955 3012 1006 6
3040 953 3138 1022 τῆς
3174 953 3492 1024 ἀναπαύλης
3523 949 3626 1025 ἧκε
3655 956 3865 1026 καιρὸς,
3895 957 4035 1007 καθ-

2452 1043 2575 1109 ίσας
2615 1047 2644 1098 6
2687 1044 3020 1115 πρεσϐύτης,
3058 1045 3152 1098 καὶ
3181 1045 3329 1115 αὑτῷ
3360 1050 3421 1098 16
3448 1046 3607 1114 σῶμα
3636 1047 4030 1117 προσαναπαύ-

2450 1153 2543 1190 σαι
2602 1136 2795 1207 μικρὸν
2853 1136 3236 1207 παρηγγύησε,
3272 1137 3334 1189 16
3379 1138 3478 1207 μὲν
3524 1138 3741 1208 πρῶτον
3786 1138 4032 1208 καθῆστο

2450 1230 2639 1299 σιγῶν.
2687 1230 2982 1301 Ἐπειδὴδέ
3014 1233 3044 1284 6
3094 1231 3409 1302 πρεσϐύτης
3433 1231 3576 1295 τινὸς
3612 1232 3789 1303 ἥψατο
3847 1233 4031 1286 διαλέ-

2451 1320 2609 1387 ξεως,
2651 1322 2792 1392 μετά
2824 1339 2968 1385 τινος
2996 1321 3351 1392 μειδιάματος
3383 1323 3657 1375 ἱκέτευσεν
3704 1325 3734 1375 6
3772 1324 4029 1387 Ἰάκωϐος

2447 1412 2607 1483 δῆλον
2640 1412 2791 1483 αύτῷ
2815 1413 3038 1484 ποιῆσαι
3063 1413 3125 1466 τὸ
3154 1414 3535 1483 ἀγνοούμενον.
3576 1414 3683 1467 Τοῦ
3708 1414 3766 1468 δὲ
3804 1416 4027 1485 ἔρεσθαι

2448 1502 2861 1574 ἐπιτρέψαντος·
2887 1522 2906 1555 ι
2946 1500 3119 1572 Εἶδον,
3161 1505 3288 1575 ἔφη,
3314 1506 3453 1559 κατὰ
3477 1505 3575 1577 τὴν
3606 1505 3724 1559 666v
3755 1507 4028 1576 δράκοντα

2451 1594 2710 1664 μέγιστον
2756 1595 3108 1665 ἐρριμμένον,
3164 1597 3350 1649 καὶτὸ
3402 1598 3498 1667 μὲν
3532 1598 3748 1669 πρῶτον
3803 1598 4028 1651 ἐδεδίειν

2448 1686 2549 1756 ζῇν
2585 1685 2776 1741 τοῦτον
2800 1686 3220 1758 ὑπολαμϐάνων·
3260 1690 3445 1758 ἐπειδὴ
3478 1690 3535 1742 δὲ
3564 1689 3836 1744 τεθνεῶτα
3863 1689 4026 1743 ἐθεα-

2451 1777 2652 1847 σάμην,
2679 1774 2961 1847 θαρρήσας
2982 1779 3081 1846 τὴν
3112 1778 3337 1849 πορείαν
3366 1781 3712 1850 ἐποιησάμην
3730 1796 3743 1808 ·
3776 1780 3897 1833 εἱπέ
3936 1798 4027 1849 μοι

762 1856 909 1909 hunc
942 1856 1216 1911 interfecit
1242 1855 1264 1909 ?
1290 1864 1345 1908 tu
1372 1856 1517 1910 enim
1547 1856 1911 1925 praecedebas,
1946 1857 2132 1911 nullus
2161 1865 2340 1911 autem

2448 1869 2649 1931 τοίνυν,
2674 1859 2720 1919 ὦ
2751 1866 2955 1938 Πάτερ,
2979 1868 3061 1930 τίς
3086 1866 3273 1921 τοῦτον
3300 1870 3586 1923 ἀπέκτεινε
3611 1887 3625 1935 ;
3658 1870 3721 1922 σὺ
3750 1871 3860 1941 γάρ
3886 1870 4026 1940 ἡγοῦ

762 1950 905 2003 alius
932 1948 1036 2002 hac
1086 1949 1369 2018 praiteriit.
1412 1966 1429 1999 ι
1470 1947 1607 2003 Tum
1642 1964 1833 2014 senex,
1871 1968 1889 2001 ι
1923 1949 2113 2015 Cessa,
2138 1951 2338 2021 inquit,

761 2041 891 2095 talia
942 2041 1325 2110 perscrutari,
1389 2055 1509 2108 qua:
1582 2042 1993 2097 sciscitantibus
2048 2041 2340 2097 utilitatem

760 2132 956 2188 all’erre
990 2134 1195 2187 nullam
1226 2142 1473 2201 possunt.
1515 2152 1533 2184 ι
1561 2132 1666 2189 Sed
1690 2135 2126 2191 iustabatnihilo
2153 2136 2340 2191 secius

760 2228 1117 2283 admirandus
1156 2226 1423 2289 Iacobus,
1464 2243 1652 2281 verum
1702 2229 1845 2282 scire
1895 2228 2238 2284 desiderans.
2274 2229 2339 2283 Et

758 2336 928 2377 senex
962 2321 1055 2375 diu
1084 2320 1311 2389 quidem
1345 2321 1529 2375 celare
1563 2329 1794 2376 conatus
1820 2362 1835 2386 ,
1904 2306 2337 2377 diutius‘autem

756 2413 997 2466 amicum
1018 2412 1143 2483 angi
1176 2427 1285 2465 non
1320 2410 1531 2467 ferens:
1573 2432 1592 2464 ι
1636 2412 1775 2483 Ego,
1828 2415 2028 2484 inquit,
2088 2415 2136 2470 si
2196 2416 2340 2470 scire

758 2520 909 2571 aves,
941 2506 1040 2559 tibi
1069 2504 1284 2559 dicam:
1325 2504 1425 2559 sed
1466 2512 1588 2561 veto
1621 2521 1691 2560 ne
1743 2507 1892 2576 quod
1944 2506 2125 2562 dicam
2166 2522 2232 2561 ex
2287 2516 2339 2561 te

758 2608 901 2663 :alius
940 2622 1027 2662 me
1060 2608 1184 2662 vivo
1225 2608 1519 2678 quisquam
1579 2608 1821 2663 resciat:
1859 2609 2042 2664 celare
2098 2624 2338 2680 namque

756 2701 887 2754 talia
918 2701 1198 2764 convenit,
1249 2714 1371 2769 qua:
1433 2702 1801 2771 arrogantiam
1835 2715 1978 2770 saepe
2024 2716 2088 2756 ac
2134 2701 2336 2758 fastum

755 2791 1003 2845 excitant
1033 2808 1046 2843 :
1071 2805 1195 2843 cum
1214 2804 1345 2844 vero
1378 2790 1507 2843 hinc
1533 2805 1846 2855 excessero,
1881 2800 1938 2845 et
1963 2791 2034 2846 ab
2068 2792 2338 2861 eiusmodi

759 2882 971 2951 1125
1006 2882 1514 2951 perturbationibus
1545 2882 1809 2936 liberatus
1833 2881 2012 2948 fuero,
2032 2898 2143 2937 non
2172 2898 2339 2953 repu-

755 2989 865 3040 gno
892 2974 1023 3041 quin
1054 2973 1230 3036 dicas,
1260 2973 1568 3043 divinaeque
1589 2976 1780 3044 gratia:
1807 2958 2063 3032 virtutem
2089 2990 2336 3032 enarres.

756 3064 909 3119 Scito
935 3079 1085 3135 ergo,
1117 3065 1194 3118 ait
1222 3079 1450 3134 magnus
1484 3063 1757 3132 Julianus,
1813 3066 2049 3121 belluam
2084 3066 2233 3121 illam
2278 3066 2336 3123 in

753 3172 841 3211 .vue
870 3155 1058 3211 eadem
1095 3158 1149 3210 in
1201 3157 1284 3210 via
1343 3157 1594 3221 irruisse,
1630 3172 1802 3227 osque
1836 3159 1903 3212 ad
1955 3158 2331 3214 devorandum

2444 1962 2542 2031 τῆς
2594 1962 2737 2015 ὁδοῦ·
2765 1962 2956 2032 ἔτερος
2985 1961 3042 2013 δὲ
3083 1961 3259 2023 οὐδεὶς
3301 1962 3506 2032 ταύτην
3538 1962 3865 2033 διελήλυθεν.
3904 1981 3923 2015 ι
3971 1964 4028 2017 ’0

2440 2053 2498 2106 δὲ
2544 2053 2857 2124 πρεσϐύτης
2887 2069 2900 2085 ·
2938 2072 2956 2104 ι
2995 2052 3229 2114 Παῦσαι,
3275 2052 3400 2124 ἔφη,
3456 2053 3934 2124 πολυπραγμονῶν
3959 2055 4030 2107 τὰ

2440 2144 2685 2208 τοιαῦτα,
2720 2144 2910 2215 φέρειν
2942 2144 3129 2215 ὄνησιν
3161 2148 3273 2208 τοῖς
3305 2146 3608 2215 χρωμένοις
3646 2145 3905 2211 οὐδεμίαν
3934 2146 4027 2199 δυ-

2442 2233 2669 2303 νάμενα.
2710 2252 2729 2285 ι
2782 2232 2920 2285 ’Δλλ’
2951 2232 3101 2285 οὐδὲν
3128 2226 3287 2303 ἧττον
3348 2236 3375 2286 6
3425 2234 3729 2305 θαυμάσιος
3770 2236 4029 2295 Ἰάκωϐος

2439 2324 2714 2389 ἐπέκειτο,
2747 2323 2937 2395 μαθεῖν
2959 2324 3189 2394 τάληθὲς
3232 2326 3539 2396 ἐφιέμενος.
3576 2327 3637 2379 'U
3678 2326 3735 2380 δέ
3783 2326 4029 2398 πρεσϐύο

2440 2432 2558 2486 της,
2611 2419 2875 2486 κρύπτειν
2915 2416 3013 2485 μὲν
3059 2417 3154 2468 ἐπὶ
3206 2416 3338 2469 πολὺ
3386 2416 3745 2487 πειρώμενος,
3780 2419 3943 2486 ἀνιᾷν
3969 2419 4029 2473 6'5

2439 2509 2531 2560 16v
2563 2507 2801 2578 ἐραστὴν
2834 2507 2928 2559 ἐπὶ
2984 2506 3165 2559 πλεῖον
3217 2508 3317 2561 οὑκ
3368 2508 3735 2578 ἀνασχόμενος
3763 2524 3780 2541 ·
3820 2528 3840 2560 ι
3884 2510 4026 2577 Ἐγὼ

2442 2616 2546 2661 σοι,
2573 2599 2699 2669 ἔφη,
2736 2598 2867 2671 ἐρῶ,
2903 2600 2951 2651 εἱ
2981 2601 3171 2669 μαθεῖν
3195 2601 3406 2667 ἐφίεσαι
3440 2616 3453 2630 ·
3485 2601 3791 2670 παρεγγυῶ
3821 2602 3881 2655 δὲ
3918 2620 4028 2675 μη-

2439 2690 2565 2745 δένα
2594 2691 2780 2761 ἓτερον
2810 2691 2945 2760 ἐμοῦ
3001 2690 3204 2754 ζῶντος
3231 2692 3557 2763 ποιήσασθαι
3590 2691 3684 2744 τοῦ
3716 2692 4030 2762 ῥηθησομέ-

2440 2799 2532 2837 νου
2554 2783 2863 2852 συνίστορα·
2886 2782 3149 2853 κρύπτειν
3177 2782 3287 2853 γὰρ
3316 2783 3384 2836 τά
3415 2770 3592 2836 τοιάδε
3620 2786 3914 2854 προσήκει,
3949 2787 4028 2848 εἱς

2440 2874 2760 2938 ἀλαζονείαν
2787 2875 2881 2927 καὶ
2900 2874 3067 2943 τῦφον
3096 2875 3353 2937 πολλάκις
3382 2876 3694 2946 ἐγείροντα·
3730 2876 3800 2947 ἢν
3823 2876 3883 2929 δὲ
3917 2875 4031 2943 ἐγὼ

2440 2964 2655 3018 ἐνθένδε
2698 2964 2941 3028 ἀπέλθω,
2976 2963 3069 3017 καὶ
3115 2965 3223 3018 τῶν
3271 2966 3489 3019 τοιῶνδε
3523 2967 3711 3020 παθῶν
3738 2962 4030 3038 ἐλεύθερος

2438 3058 2706 3127 γένωμαι,
2756 3057 2934 3125 λέγειν
2978 3058 3039 3110 ού
3090 3056 3303 3120 κωλύω,
3336 3058 3558 3127 καὶτῆς
3607 3058 3758 3119 θείας
3805 3060 4031 3129 χάριτος

2440 3146 2743 3215 διηγεῖσθαι
2768 3148 2867 3219 τὴν
2896 3147 3145 3218 δύναμιν.
3176 3144 3248 3201 Εὖ
3280 3148 3389 3201 ῐσθι
3417 3150 3617 3213 τοίνυν,
3649 3150 3752 3220 ἔφη
3788 3152 3817 3203 6
3855 3152 4030 3219 μέγας

754 3249 1102 3319 patefecisse.
1135 3248 1204 3302 At
1241 3264 1342 3319 ego
1374 3249 1465 3304 Dei
1501 3218 1697 3305 nomen
1713 3218 2025 3320 appellans,
2050 3251 2335 3321 digitoque

2453 3239 2759 3303 Ἰουλιανὸς,
2802 3218 2878 3302 ῶς
2907 3239 3174 3309 βαδίζοντί
3212 3258 3301 3309 μοι
3356 3241 3496 3295 κατὰ
3538 3242 3637 3310 τὴν
3921 3242 4031 3313 θὴρ

752 3347 1019 3406 tropaeum
1042 3338 1223 3393 crucis
1246 3337 1567 3403 ostendens,
1608 3347 1663 3393 et
1712 3354 1929 3395 omnem
1980 3348 2183 3396 metum
2236 3357 2335 3397 ex-

752 3432 928 3496 cussi,
959 3438 1014 3485 et
1053 3430 1289 3485 belluam
1319 3431 1593 3499 extemplo
1626 3441 1980 3488 corruentem
2006 3434 2137 3499 vidi,
2185 3450 2336 3489 com-

753 3521 1018 3590 munique
1072 3519 1293 3574 laudato
1347 3519 1661 3586 Servatore,
1725 3522 1941 3589 perrexi
2012 3523 2263 3578 ulterius.
2308 3539 2328 3575 ι

756 3613 849 3667 Sic
872 3614 1021 3667 [inita
1046 3612 1385 3673 narratione,
1424 3612 1489 3666 ad
1523 3620 1741 3666 antrum
1773 3614 2051 3681 profectus
2080 3626 2181 3670 est.

2442 3335 2647 3397 ἐκεῖνος
2667 3331 2848 3403 ἐπῄει,
2866 3333 2959 3385 καὶ
2986 3332 3049 3385 16
3072 3332 3246 3403 στόμα
3274 3332 3515 3402 ἀνεώγνυ
3537 3338 3828 3387 καταπιεῖν
3865 3336 4031 3404 ἐφιέ-

2444 3442 2622 3498 μενος.
2657 3424 2797 3493 Ἐγὼ
2817 3424 2875 3478 δέ
2898 3428 2962 3495 τῇ
2988 3424 3081 3477 τοῦ
3105 3424 3241 3478 Θεοῦ
3275 3427 3622 3498 προσηγορία
3656 3428 4028 3497 χρησάμενος,

2439 3518 2537 3571 καὶ
2564 3517 2642 3587 τῷ
2660 3515 2906 3585 δακτύλῳ
2931 3516 2990 3568 τὸ
3017 3514 3111 3567 τοῦ
3147 3515 3385 3586 σταυροῦ
3415 3516 3677 3586 τρόπαιον
3708 3517 4025 3581 ὑποδείξας,

2440 3611 2588 3665 ἅπαν
2641 3608 2739 3679 μὲν
2788 3608 2903 3670 δέος
2937 3607 3341 3677 ἁπεσεισάμην,
3389 3608 3553 3661 πεσὸν
3614 3608 3671 3661 δέ
3719 3608 3783 3660 16
3833 3607 4029 3679 θηρίον

754 3702 1069 3775 παραυτίκα
1111 3704 1189 3767 είς
1229 3697 1340 3771 γῆν
1366 3703 1699 3772 ἐθεασάμην,
1744 3705 1837 3757 καὶ
1878 3705 1970 3759 τὸν
2008 3707 2186 3759 κοινὸν
2225 3704 2544 3774 ἀνυμνήσας
2596 3700 2826 3769 Σωτῆρα
2859 3700 2956 3770 τὴν
2995 3699 3089 3751 ἐπὶ
3117 3700 3177 3754 16
3239 3699 3428 3771 πρόσω
3481 3699 3703 3770 πορείαν
3753 3701 4031 3771 ἐποιησά-

757 3807 885 3865 μην.
914 3813 932 3845 ι
957 3795 1114 3850 Οῦτω
1146 3798 1207 3849 τὸ
1233 3797 1474 3866 διήγημα
1506 3799 1885 3869 συμπεράνας,
1903 3800 2142 3865 ἀναστάς
2167 3801 2345 3871 εἴχετο
2374 3798 2474 3868 τῆς
2507 3797 2599 3849 ἐπὶ
2628 3796 2687 3849 16
2710 3794 2905 3863 ἄντρον
2934 3793 3081 3847 ὁδοῦ.

829 3886 985 3941 Alias
1015 3888 1237 3956 quidam
1262 3887 1605 3951 adolescens,
1638 3890 1805 3943 nobili
1836 3891 1953 3946 loco
1980 3902 2161 3957 natus,
2197 3893 2337 3947 mol-

2521 3886 2743 3939 ’Δλλοτε
2774 3886 2830 3939 δέ
2860 3886 3168 3957 μειράκιον,
3191 3883 3251 3951 ἐξ
3271 3882 3511 3951 εὐγενῶν
3542 3882 3877 3953 βλαστῆσαν,
3907 3903 4040 3956 τρυ-

753 3975 989 4047 literque
1017 3980 1312 4041 educatus,
1346 3979 1515 4034 animi
1545 3981 1885 4038 alacritatem
1912 4000 2108 4055 gerens
2130 3985 2340 4043 viribus

2447 3977 2633 4048 φηλῶς
2676 3978 2732 4030 δὲ
2782 3976 3181 4048 τεθραμμένον,
3223 3975 3502 4048 προθυμίᾳ
3554 3976 3610 4029 δὲ
3665 3976 3878 4046 μείζονι
3927 3978 4030 4047 τῆς

752 4068 1043 4137 majorem,
1084 4069 1338 4138 precibus
1377 4084 1407 4123 a
1441 4085 1576 4126 sene
1617 4071 1921 4137 contendit,
1976 4073 2082 4127 sibi
2116 4083 2173 4128 ut
2209 4088 2336 4127 cum

2445 4070 2727 4139 δυνάμεως
2754 4068 3115 4140 κεχρημένον,
3158 4067 3399 4120 ἱκέτευσε
3440 4066 3532 4121 16v
3582 4066 3898 4138 πρεσϐύτην
3923 4069 4026 4137 τῆς

755 4160 874 4229 ipso
904 4161 1113 4215 deserti
1146 4161 1647 4231 peregrinationem
1694 4163 1849 4219 obire
1892 4162 2101 4229 liceret,
2132 4181 2241 4219 non
2272 4165 2339 4220 il-

2450 4161 2537 4219 ἐπὶ
2584 4161 2682 4232 τὴν
2738 4160 2940 4230 έρημον
2962 4158 3110 4229 αὺτῷ
3162 4157 3489 4227 κοινωνῆσαι
3539 4159 3787 4229 πορείας,
3820 4161 3883 4211 ού
3920 4163 4023 4231 τῆς

753 4250 862 4305 lam
891 4268 1261 4316 communem,
1291 4268 1454 4324 quam
1489 4270 1682 4309 omnes
1707 4255 1921 4310 inibant
1944 4256 2209 4325 quotidie,
2238 4256 2334 4311 sed

2446 4254 2630 4324 κοινῆς
2659 4252 2861 4322 ταύτης
2895 4251 2999 4305 ὑπὸ
3029 4250 3246 4303 πάντων
3277 4249 3397 4304 καθ’
3423 4248 3661 4318 ἐκάστην
3690 4249 4025 4319 όδευομένης

760 4342 1162 4411 longissimam,
1194 4359 1312 4411 quae
1337 4358 1483 4413 saepe
1516 4344 1581 4398 ad
1616 4352 1846 4413 septem,
1883 4359 2026 4414 saepe
2051 4344 2120 4399 ad
2145 4345 2331 4399 decem

2442 4342 2673 4412 ἡμέραν,
2705 4340 2839 4394 ἀλλά
2892 4340 2993 4409 τῆς
3041 4339 3414 4409 μακροτάτης,
3458 4338 3555 4392 καὶ
3610 4337 3869 4401 πολλάκις
3926 4340 4025 4407 μὲν

753 4448 973 4501 quoque
1006 4432 1218 4487 dierum
1269 4435 1372 4489 iter
1422 4436 1850 4503 producebatur.
1896 4435 1946 4491 ls
1993 4444 2174 4492 autem
2216 4446 2335 4491 erat

2441 4433 2647 4504 ἡμέρας
2683 4432 2843 4496 ἐπτὰ,
2870 4431 3131 4493 πολλάκις
3159 4430 3215 4483 δέ
3244 4433 3337 4482 καὶ
3366 4429 3499 4482 δέκα
3531 4428 3870 4498 κατεχούσης
3895 4431 4027 4482 c1110-

757 4521 1162 4577 celeberrimus
1212 4524 1486 4579 Asterius.
1519 4523 1691 4590 Quem
1722 4539 1846 4579 cum
1902 4524 2124 4581 divinus
2169 4542 2338 4582 senex

2441 4525 2657 4595 δημίας.
2697 4522 2971 4593 Ἀστέριος
3003 4518 3148 4592 δὲῆν
3177 4513 3332 4584 οὗτος
3362 4523 3390 4573 6
3421 4519 3877 4588 πολυθρύλ).ητος.
3914 4520 4023 4573 Τοῦ

753 4612 1156 4681 prohiberet,et
1184 4616 1339 4684 aquis
1355 4631 1545 4670 carere
1559 4617 1911 4671 solitudinem
1948 4625 2221 4681 moneret,
2251 4618 2325 4670 in-

2441 4616 2494 4668 δὲ
2524 4614 2811 4667 θεσπεσίου
2870 4613 3177 4683 πρεσϐύτου
3207 4613 3301 4665 τὸν
3332 4612 3452 4665 νέον
3481 4610 3894 4673 διακωλύοντος,
3929 4612 4024 4663 καὶ

752 4703 934 4756 stabat
977 4703 1315 4768 adolescens,
1346 4705 1647 4759 obsecrans
1680 4713 1739 4757 ut
1770 4705 1872 4758 hoc
1903 4706 1953 4759 ei
1981 4704 2184 4759 donum
2209 4721 2339 4759 cou-

2441 4707 2536 4774 τῆς
2570 4707 2779 4777 ἐρήμου
2813 4705 2873 4757 16
2915 4705 3140 4773 ἄνυδρον
3167 4704 3438 4771 λέγοντος,
3475 4702 3724 4756 ἐπέκειτο
3770 4702 4023 4772 λιπαρῶν

751 4794 989 4847 cederet.
1024 4793 1210 4848 Victus
1240 4812 1369 4865 ergo
1407 4798 1661 4865 precibus
1683 4796 1851 4849 cessit
1896 4812 2062 4851 senex
2096 4815 2109 4850 :
2145 4807 2199 4851 et
2248 4798 2340 4851 ille

759 4884 1115 4952 sequebatur,
1149 4886 1327 4953 primo
1361 4887 1583 4955 quidem
1617 4886 1912 4941 alacriter:
1948 4886 2043 4941 sed
2078 4894 2202 4956 post
2229 4889 2339 4956 pri-

755 4989 905 5027 mum
936 4985 987 5029 et
1018 4977 1251 5030 alterum
1282 4992 1345 5031 ac
1379 4980 1604 5032 tertium
1659 4978 1804 5033 diem
1861 4978 2134 5048 elapsum,
2168 4981 2337 5036 radiis

755 5064 887 5119 solis
925 5065 1125 5121 ardens
1175 5068 1379 5138 (aestas
1414 5071 1563 5123 enim
1603 5080 1745 5135 erat,
1787 5079 1840 5123 et
1887 5072 2105 5141 vigente
2139 5079 2330 5125 aestate

755 5156 971 5209 ﬂamma
999 5158 1131 5213 solis
1147 5168 1229 5214 est
1251 5160 1582 5230 ardentior),
1618 5164 1709 5217 siti
1738 5173 2003 5232 perpetuo
2027 5164 2332 5220 laborabat.

754 5244 858 5299 "Et
885 5248 1148 5318 principio
1178 5250 1423 5319 quidem,
1457 5269 1668 5307 memor
1694 5269 1883 5308 eorum
1910 5271 2033 5324 qua:
2066 5258 2330 5327 magister

756 5334 1104 5404 praedixerat,
1140 5342 1394 5395 morbum
1422 5344 1637 5410 aperire
1667 5358 1774 5398 non
1806 5345 2062 5399 audebat.
2092 5345 2331 5402 Tandem

757 5440 886 5479 vero
912 5428 1113 5495 victus,
1139 5445 1201 5484 ac
1235 5433 1393 5501 plane
1414 5433 1695 5501 deﬁciens,
1730 5451 1916 5491 senem
1948 5440 2126 5494 oravit
2154 5448 2213 5494 ut
2244 5441 2330 5496 sui

757 5517 1127 5574 misereretur.
1168 5521 1304 5576 Tum
1334 5524 1443 5587 ille,
1468 5540 1735 5581 revocans
1763 5528 1819 5582 in
1850 5530 2164 5584 memoriam
2191 5547 2314 5600 qua:

757 5623 1173 5677 pimmonuerat,
1201 5613 1367 5683 jussit
1391 5631 1515 5672 eum
1564 5620 1778 5691 1126
1802 5626 1996 5677 reverti
2027 5640 2040 5678 :
2078 5624 2171 5678 scd
2194 5640 2318 5679 cum

756 5700 965 5755 diceret
991 5704 1335 5771 adolescens,
1387 5723 1447 5765 se
1484 5725 1583 5764 nec
1608 5711 1746 5764 viam
1781 5718 1926 5767 scire
1958 5729 2078 5783 quae
2111 5715 2176 5767 :ul
2214 5730 2314 5768 an-

758 5795 901 5841 trum
938 5789 1119 5857 ducat,
1172 5810 1291 5859 nec,
1335 5797 1379 5853 si
1436 5798 1621 5863 sciret,
1663 5800 1741 5854 ire
1776 5817 1938 5869 posse
1976 5805 2183 5857 viribus
2228 5804 2316 5858 siti

2435 4798 2465 4849 6
2494 4798 2611 4859 νέος
2645 4797 2850 4866 ταύτης
2901 4795 3202 4849 ἀπολαῦσαι
3228 4795 3328 4863 τῆς
3379 4795 3609 4865 δωρεᾶς.
3648 4794 3930 4861 Ἠττηθεὶς
3964 4792 4021 4846 δὲ

2436 4890 2556 4950 ταῖς
2582 4888 2813 4950 ἱκεσίαις
2847 4886 3109 4938 ἐνέδωκεν
3143 4888 3172 4938 6
3202 4884 3538 4954 πρεσϐύτης·
3586 4886 3615 4936 6
3644 4882 3699 4935 δέ
3724 4882 4016 4951 ἠκολούθει

2438 4979 2505 5033 τὰ
2534 4979 2632 5050 μὲν
2664 4980 2857 5051 πρῶτα
2886 4977 3182 5048 προθύμως
3215 4994 3227 5006 ·
3253 4976 3479 5048 πρώτης
3503 4976 3560 5028 δέ
3610 4975 3699 5027 καὶ
3748 4974 4016 5045 δευτέρας

2437 5070 2533 5121 καὶ
2597 5068 2787 5140 τρίτης
2843 5067 3156 5137 διελθούσης
3209 5068 3442 5137 ἡμέρας,
3490 5066 3595 5119 ὑπὸ
3644 5066 3740 5136 τῆς
3783 5066 4020 5135 ἡλιακῆς

2434 5161 2650 5223 ἀκτῖνος
2671 5159 3021 5230 φλεγόμενος·
3051 5157 3207 5230 θέρος
3238 5160 3345 5229 γὰρ
3361 5156 3449 5229 ἦν,
3467 5157 3805 5227 ἀκμάζοντος
3835 5158 3894 5211 δέ
3922 5157 4016 5210 τοῦ

2434 5251 2625 5321 θέρους
2673 5250 3034 5321 σφοδροτέραν
3067 5249 3340 5319 δήπουθεν
3373 5249 3621 5318 ἐπιφέρει
3666 5246 3764 5316 τὴν
3814 5247 4012 5316 φλόγα·

2433 5342 2573 5411 δίψει
2600 5343 2824 5395 διετέλει
2854 5342 3201 5412 τρυχόμενος.
3231 5340 3338 5393 Καὶ
3369 5340 3430 5391 16
3456 5339 3552 5409 μὲν
3583 5338 3800 5409 πρῶτον
3833 5341 4015 5407 ἀπαγ-

2433 5435 2641 5503 γέλλειν
2674 5433 2733 5486 16
2766 5432 2937 5496 πάθος
2958 5434 3243 5503 ᾐσχύνετο,
3274 5430 3387 5489 ,τῶν
3430 5432 3533 5484 ὑπὸ
3565 5431 3656 5483 τοῦ
3686 5428 4014 5485 διδασκάλου

2434 5522 2853 5595 προρρηθέντων
2878 5523 2957 5586 εἰς
2993 5522 3213 5592 μνήμην
3240 5521 3555 5591 ἐρχόμενος·
3583 5520 3894 5591 ἡττώμενος
3931 5519 4011 5583 δὲ,

2434 5618 2526 5667 καὶ
2578 5614 2905 5685 λειποθυμίᾳ.
2954 5614 3340 5683 κατεχόμενος,
3377 5614 3641 5681 οἰκτείραι
3700 5612 3863 5664 αὐτὸν
3923 5612 4013 5664 τον

2434 5708 2745 5778 πρεσϐύτην
2793 5708 3051 5759 ἱκέτευεν·
3077 5707 3105 5757 6
3129 5705 3207 5769 δὲ,
3252 5705 3359 5757 τῶν
3383 5706 3738 5775 προρρήσεων
3768 5704 4014 5772 ἀναμνή-

2433 5820 2551 5866 σας,
2592 5799 2809 5855 ἀπιέναι
2840 5799 2999 5854 πάλιν
3038 5797 3276 5851 ἐκέλευε.
3334 5797 3439 5850 Τοῦ
3497 5797 3553 5850 δὲ
3581 5796 3700 5849 νέου
3734 5796 3871 5865 μήτε
3908 5797 4013 5863 τὴν
