4206 6456
231 402 367 468 1313

1449 410 1854 471 RELIGIOSA
1892 410 2274 473 HISTORIA.

3360 412 3492 479 131i

224 515 347 566 ὁδὸν
373 514 469 583 τὴν
498 514 589 567 ἐπὶ
610 516 670 567 τὸ
690 514 885 584 ἃντρον
908 514 1180 585 φέρουσαν
1200 516 1515 570 ἐπίστασθαι
1534 518 1794 585 λέγοντος,

1909 520 2275 589 consumptis,
2310 517 2684 575 adolescentis
2736 520 2909 575 vicem
2963 521 3267 578 miseratus
3300 525 3381 576 vir
3406 525 3484 578 di-

229 608 369 674 μήτε
411 608 460 658 εἰ
504 605 763 675 γινώσκοι
793 606 1051 659 δύνασθαι
1095 607 1450 671 ἀναϐαδίσαι,
1490 610 1588 677 τῆς
1624 610 1804 681 ίσχύος

226 695 332 748 ὑπὸ
372 695 467 749 τοῦ
494 695 679 767 δίψους
716 696 1141 768 δαπανηθείσης,
1186 700 1460 769 οἰκτείρας
1487 703 1515 753 6
1544 701 1683 764 θεῖος
1708 702 1801 755 ἀν·

223 788 447 858 θρωπος
473 788 569 842 τοῦ
606 790 820 843 νεανίου
858 790 918 843 τὸ
972 789 1162 854 πάθος,
1206 793 1296 844 καὶ
1321 794 1386 862 τῇ
1426 792 1518 845 τοῦ
1553 793 1805 862 σώματος

223 881 484 952 ἀσθενείᾳ
517 881 847 952 συγγνώμην
896 882 1218 952 ἀπονείμας,
1283 883 1566 945 κλίναςτά
1602 886 1804 951 γόνατα

220 974 315 1026 τὸν
339 974 619 1044 Δεσπότην
644 974 876 1037 ἱκέτευε,
932 975 1162 1045 δάκρυσι
1189 974 1245 1027 δέ
1277 974 1499 1045 θερμοῖς
1521 975 1581 1028 τὸ
1612 976 1804 1045 ἐδαφος

223 1064 442 1136 ἐϐρεχε,
478 1066 574 1119 καὶ
625 1067 789 1136 πόρον
847 1066 1119 1137 σωτηρίας
1174 1067 1427 1139 ἐπεζήτει
1457 1067 1533 1136 τῷ
1571 1068 1696 1135 νέῳ.
1747 1067 1804 1119 Ὀ

221 1156 279 1208 δέ
301 1157 475 1210 ποιῶν
504 1158 563 1210 τὺ
595 1157 806 1226 θέλημα
840 1158 947 1210 τῶν
980 1158 1329 1227 φοϐουμένων
1383 1158 1563 1222 αὐτὸν,
1590 1157 1804 1227 καὶτῆς

219 1249 464 1318 δεήσεως
482 1250 665 1303 αὐτῶν
709 1250 1033 1315 είσακούων,
1062 1250 1162 1322 τὴν
1186 1250 1295 1303 τῶν
1331 1251 1583 1321 δακρύων
1615 1249 1805 1303 λιϐάδα

218 1340 319 1409 τῆς
352 1343 555 1405 κόνεως
612 1341 897 1413 ἁψαμένην
950 1343 1132 1414 πηγὴν
1174 1342 1382 1395 ὑδάτων
1422 1343 1805 1413 ἀπέφηνε,καὶ

218 1430 367 1483 οὕτω
396 1432 491 1485 τοῦ
523 1434 763 1502 νάματος
788 1434 1170 1504 ἐμφορηθέντα
1200 1434 1293 1487 τὸν
1317 1436 1435 1488 νέον
1458 1436 1618 1499 εὐθὺς
1643 1438 1801 1490 ἀπιέ‹

217 1537 308 1573 ναι
344 1521 701 1594 προσέταξεν.
752 1522 888 1575 Ἡδὲ
920 1526 1071 1593 πηγὴ
1101 1523 1337 1594 διέμεινε
1366 1525 1527 1596 μέχρι
1559 1526 1652 1579 καὶ
1686 1525 1799 1592 νῦν,

216 1614 283 1681 τῇ
303 1612 577 1682 Μωσαῖκῇ
604 1612 698 1665 τοῦ
727 1613 1015 1667 θεσπεσίου
1044 1614 1300 1686 γέροντος
1340 1619 1622 1687 προσευχῇ
1663 1635 1802 1690 μαρ-

214 1700 483 1769 τυροῦσα.
512 1702 779 1773 Καθάπερ
806 1704 914 1775 γὰρ
949 1706 1157 1769 ἐκεῖνος
1184 1706 1350 1760 πάλαι
1380 1708 1511 1761 ποτὲ
1528 1711 1592 1778 τῇ
1621 1710 1803 1781 ῥάϐδῳ

214 1793 316 1863 τὴν
339 1794 549 1865 πέτραν
591 1795 806 1867 ἐκείνην
858 1797 955 1866 τὴν
980 1798 1175 1865 ἀγονον
1228 1798 1459 1869 πλήξας,
1501 1800 1800 1855 κατέκλυσε

215 1885 567 1953 ποταμιαίων
599 1886 805 1940 ὑδάτων
848 1891 1053 1955 γοναῖς,
1087 1889 1174 1942 ἵνα
1220 1890 1318 1954 τὰς
1357 1891 1557 1955 πολλὰς
1586 1892 1801 1956 ἐκείνας

214 1975 467 2044 χιλιάδας
499 1977 738 2047 διψώσας
784 1978 1065 2050 κορέσειεν
1092 1998 1105 2012 ·
1156 1980 1327 2047 οὕτως
1366 1977 1521 2046 οὗτος
1568 1985 1597 2037 6
1637 1975 1798 2050 θεῖος,

211 2064 313 2136 τὴν
368 2066 676 2139 ξηροτάτην
738 2070 956 2141 ἐκείνην
1006 2070 1232 2143 ψάμμον
1273 2073 1651 2144 καταρδεύσας
1687 2077 1800 2140 τοῖς

211 2157 477 2227 δάκρυσι,
524 2160 777 2229 πηγαίων
830 2162 1086 2232 ναμάτων
1136 2164 1354 2217 εἵλκυσε
1401 2166 1666 2236 ῥεύματα,
1700 2168 1799 2239 οὐχ

210 2249 301 2303 τνα
336 2250 553 2304 πολλῶν
602 2254 897 2324 μυριάδων,
919 2254 1033 2307 ἀλλ’
1059 2254 1144 2309 ἵνα
1178 2255 1294 2319 ἐνὸς
1318 2257 1605 2327 μειρακίου
1633 2258 1797 2329 θερα-

209 2342 394 2414 πεύσῃ
424 2342 484 2395 τὸ
514 2343 682 2412 δίψος.
725 2344 863 2398 Ὑπὸ
907 2345 963 2399 δὲ
1006 2345 1155 2411 θείας
1197 2348 1417 2418 χάριτος
1467 2348 1565 2419 τὴν
1619 2350 1798 2421 ψυχὴν

210 2432 608 2504 φωτιζόμενος,
661 2435 760 2506 τὴν
826 2436 1089 2507 ἐσομένην
1156 2436 1233 2508 τῷ
1308 2439 1410 2507 νέῳ
1484 2440 1797 2510 τελειότητα

210 2524 470 2595 προεώρα
533 2526 675 2595 μάλα
727 2527 935 2594 σαφῶς.
984 2522 1152 2592 Οὗτος
1203 2531 1310 2598 γὰρ
1339 2532 1552 2600 χρόνοις
1582 2532 1795 2595 πολλοῖς

210 2614 443 2686 ὕστερον
471 2617 577 2669 ὑπὸ
610 2618 712 2688 τῆς
764 2619 913 2682 θείας
948 2620 1170 2689 χάριτος
1216 2620 1597 2691 προσκληθεὶς,
1622 2622 1696 2686 ὡς
1728 2624 1795 2677 ἂν

209 2707 309 2759 καὶ
338 2708 561 2778 ἐτέρους
611 2708 838 2771 πολλοὺς
871 2711 949 2772 είς
984 2712 1084 2780 τὴν
1126 2711 1293 2781 αὐτὴν
1331 2712 1793 2783 παιδοτριϐήσειεν

208 2798 439 2869 ἀρετὴν,
464 2800 523 2851 ἐν
544 2802 655 2863 τοῖς
684 2801 810 2869 περὶ
843 2800 942 2871 τὴν
971 2802 1227 2871 Γίνδαρον
1267 2803 1507 2872 χωρίοις,
1540 2804 1701 2875 κώμη
1735 2804 1791 2859 δὲ

207 2887 353 2959 αὕτη
390 2890 620 2961 μεγίστη
650 2891 823 2945 τελεῖν
858 2892 961 2945 ὑπὸ
982 2892 1078 2963 τὴν
1107 2893 1436 2963 Ἀντιόχειαν
1463 2896 1789 2967 τεταγμένη,

204 2979 310 3050 τὴν
341 2981 650 3051 ἀσκητικὴν
702 2981 1042 3052 παλαίστραν
1103 2983 1363 3052 ἐπήξατο.
1418 2985 1525 3037 Καὶ
1563 2985 1790 3049 πολλοὺς

209 3071 314 3139 μὲν
358 3072 455 3125 καὶ
506 3071 696 3135 ἄλλους
734 3072 1051 3142 φιλοσοφίας
1111 3072 1246 3143 πρὸς
1298 3075 1488 3128 ἐαυτὸν
1535 3076 1783 3130 εἵλκυσεν

204 3161 475 3232 ἀθλητὰς,
502 3163 716 3215 εἵλκυσε
765 3164 820 3217 δὲ
877 3164 973 3216 καὶ
1023 3165 1114 3216 τὸν
1149 3164 1322 3234 μέγαν
1378 3167 1652 3232 ’Δκάκιον,
1699 3168 1790 3223 τὸν

205 3249 356 3302 πάνυ
382 3249 550 3316 λέγω,
585 3250 677 3303 τὸν
722 3250 1155 3320 πολυθρύλλητον
1179 3269 1191 3282 ⁸
1224 3253 1283 3317 ὃς
1317 3254 1575 3325 διέπρεψε
1610 3257 1707 3326 μὲν
1737 3260 1793 3311 ἐν

209 3342 481 3410 μοναχικῇ
544 3339 807 3412 πολιτείᾳ,
866 3341 1127 3413 λαμπράς
1176 3342 1231 3394 δέ
1282 3344 1382 3407 τὰς
1424 3346 1647 3409 ἀκτῖνας
1696 3349 1794 3418 τῆς

205 3423 416 3501 ἀρετῆς
443 3430 767 3501 ἐξέπεμψεν,
797 3433 1212 3504 ἀρχιερωσύνης
1239 3435 1525 3502 ἀξιωθεὶς,
1557 3439 1651 3492 καὶ
1694 3439 1793 3510 τὴν

206 3519 442 3589 Βέροιαν
468 3522 775 3591 ποιμαίνειν
809 3522 1009 3592 λαχών.
1058 3524 1230 3577 Ὀκτὼ
1258 3526 1314 3579 δὲ
1340 3527 1432 3579 καὶ
1457 3532 1795 3601 πεντήκοντα

206 3613 307 3684 ἐτη
324 3613 426 3683 τῆς
450 3614 649 3683 ἀγέλης
672 3614 767 3685 τὴν
792 3616 1083 3685 ἠγεμονίαν
1110 3618 1490 3689 ἐγχειρισθεὶς,
1517 3620 1615 3673 οὐκ
1647 3623 1794 3676 εἴασε

210 3707 313 3775 μὲν
369 3710 471 3778 τῆς
522 3706 829 3777 ἀσκητικῆς
882 3708 1154 3774 πολιτείας
1205 3710 1266 3762 τὺ
1299 3705 1458 3777 εἶδος,
1492 3714 1794 3784 ἀσκητικὴν

204 3799 264 3852 δὲ
289 3799 387 3853 καὶ
420 3798 703 3870 πολιτικὴν
732 3801 994 3870 ἐκέρασεν
1032 3802 1233 3873 ἀρετήν
1254 3820 1266 3829 ·
1310 3805 1405 3857 καὶ
1440 3804 1537 3874 τῆς
1573 3806 1670 3875 μὲν
1694 3807 1793 3875 τὴν

206 3889 519 3960 ἀκρίϐειαν,
544 3892 644 3959 τῆς
687 3892 744 3944 δὲ
795 3892 893 3961 τὴν
919 3893 1231 3963 οἰκονομίαν
1283 3894 1483 3959 λαϐὼν,
1530 3897 1609 3959 είς
1648 3896 1793 3950 ἓντά

204 3981 473 4035 διεστῶτα
509 3983 836 4051 συνήγαγεν.
882 3983 1045 4037 Ἀλλά
1098 3984 1301 4055 ταύτης
1334 3987 1433 4055 τῆς
1471 3987 1675 4056 ἀρετῆς
1698 3988 1792 4039 καὶ

206 4072 508 4143 θηρευτὴς,
540 4075 635 4125 καὶ
688 4074 1040 4144 παιδοτρίϐης
1082 4076 1356 4145 Ἀστέριος
1409 4078 1616 4139 ἐκεῖνος
1666 4078 1790 4144 ἐγέ-

206 4181 353 4226 νετο,
387 4164 445 4228 ὃς
476 4163 618 4217 οὕτω
660 4163 860 4235 θερμὸς
909 4166 1004 4218 τοῦ
1064 4166 1302 4235 μεγάλου
1356 4167 1661 4237 πρεσϐύτου
1711 4167 1794 4221 δι-

212 4255 436 4324 έμεινεν
473 4255 730 4326 ἐραστὴς,
764 4254 839 4318 ώς
857 4256 1113 4319 πολλάκις
1145 4257 1240 4327 μὲν
1270 4257 1364 4309 καὶ
1392 4258 1472 4320 δὶς
1496 4257 1589 4310 τοῦ
1619 4258 1789 4322 ἔτους,

214 4347 474 4409 πολλάκις
496 4348 553 4399 δέ
584 4349 723 4417 τρὶς,
758 4348 856 4417 τὴν
896 4349 1030 4418 πρὸς
1080 4348 1241 4401 αὐτὸν
1273 4349 1582 4419 ἀποδημίαν
1612 4352 1791 4403 ποιεῖ-

209 4438 361 4493 σθαι.
403 4437 819 4508 Ἀφικνούμενος
847 4438 903 4491 δὲ
961 4439 1179 4509 ἰσχάδας
1229 4439 1409 4493 είώθει
1442 4443 1551 4504 τοῖς
1594 4441 1793 4494 θιασώ-

1916 608 2101 670 vinus,
2135 616 2187 661 et
2219 606 2582 660 imbecillitati
2614 610 2864 677 corporis
2900 610 3216 679 ignoscens,
3252 612 3486 681 genibus

1910 696 2066 752 ﬂexis
2126 698 2413 751 Dominum
2454 699 2651 761 oravit,
2713 701 3003 769 solumque
3052 703 3370 758 calentibus
3408 704 3489 758 la-

1906 792 2107 861 cryntis
2171 791 2437 860 irrigavit,
2497 792 2639 844 viam
2697 793 2891 847 salutis
2953 796 3246 863 exquirens
3307 796 3491 850 adole-

1907 881 2105 933 scenti.
2138 879 2242 944 Qui
2292 887 2472 933 autem
2511 879 2641 933 facil.
2670 881 3006 935 voluntatem
3067 884 3373 938 timentium
3407 884 3489 951 ip-

1907 982 2050 1033 sum,
2076 982 2379 1036 eorumque
2405 970 2710 1023 orationem
2738 970 2986 1033 exaudit,
3019 972 3196 1027 stillas
3221 974 3489 1043 lacrymac

1908 1074 2026 1112 rum
2090 1059 2156 1112 ad
2239 1062 2515 1129 pulverem
2588 1064 2788 1117 etiusas
2840 1065 2892 1116 in
2965 1063 3168 1118 fontem
3219 1079 3484 1133 aquarum

1908 1153 2183 1205 convertit
2223 1172 2233 1206 :
2275 1162 2328 1206 et
2359 1154 2443 1207 sic
2493 1153 2698 1208 ﬂuento
2740 1157 3004 1223 repletum
3052 1156 3486 1219 adolescentem,

1906 1244 2161 1312 protinus
2196 1245 2345 1301 abire
2377 1248 2579 1315 jussit:
2607 1258 2899 1317 manetque
2937 1247 3060 1303 fons
3084 1250 3136 1302 in
3160 1250 3483 1304 hodiernum

1908 1350 2084 1403 usque
2126 1335 2292 1402 diem,
2328 1336 2581 1392 Mosaicze
2612 1340 2781 1392 divini
2814 1340 2964 1393 senis
2995 1341 3266 1394 orationis
3297 1340 3481 1395 ferens

1906 1428 2305 1482 testimonium.
2335 1428 2807 1492 Quemadmodum
2856 1432 3002 1485 enim
3040 1431 3129 1485 ille
3165 1432 3314 1495 olim,
3357 1447 3482 1485 cum

1905 1516 2146 1571 sterilem
2206 1524 2415 1586 petram
2468 1518 2620 1586 virga
2682 1520 3073 1587 percussisset,
3136 1520 3484 1575 exundantes

1905 1622 2077 1677 aquas
2100 1608 2390 1663 fluviatiles
2424 1609 2638 1675 elicuit,
2679 1617 2737 1663 ut
2778 1610 2953 1663 multa
2988 1610 3274 1663 hominum
3311 1612 3481 1664 millia

1906 1698 1997 1750 siti
2052 1697 2302 1751 confecta
2340 1699 2573 1752 satiaret
2606 1717 2617 1750 :
2655 1700 2725 1752 ita
2761 1698 2849 1753 Inc
2905 1699 3274 1753 aridissimam
3327 1701 3480 1753 illam

1906 1804 2129 1844 arenam
2164 1791 2404 1861 irrigans
2434 1791 2715 1861 lacrymis,
2751 1790 2881 1845 fecit
2911 1800 2970 1845 ut
3016 1791 3243 1845 fot.:.na
3284 1800 3482 1847 .lucuta

1835 1852 1876 1911 Β
1907 1889 2250 1944 emanarent,
2309 1896 2420 1934 non
2480 1891 2537 1936 ιιι
2584 1884 2880 1935 multarum
2920 1883 3256 1953 myriadttm,
3297 1885 3387 1938 sed
3424 1893 3482 1937 nt

1906 1973 2070 2027 unius
2119 1971 2491 2028 adolescentis
2530 1974 2623 2027 siti
2664 1974 3001 2029 mederetur.
3055 1974 3238 2029 Mente
3273 1977 3417 2030 enim
3450 1992 3481 2029 a

1901 2064 2086 2119 divina
2143 2066 2317 2135 gratia
2368 2066 2730 2129 illuminatus,
2801 2066 3045 2120 futuram
3110 2067 3481 2122 adolescentis

1900 2157 2291 2226 perfectionem
2312 2166 2495 2227 aperte
2512 2157 2864 2226 praevidebat.
2892 2155 2992 2212 Hic
3013 2159 3286 2228 siquidem
3315 2160 3480 2229 longo

1901 2253 2025 2315 post
2058 2254 2328 2316 tempore,
2360 2246 2541 2301 divina
2566 2247 2839 2317 impulsus
2865 2252 3061 2320 gratia,
3082 2260 3139 2304 ut
3165 2252 3303 2305 alios
3340 2268 3481 2321 quo-

1900 2355 2007 2408 que
2055 2340 2257 2395 multos
2281 2343 2345 2394 ad
2378 2342 2624 2396 eamdem
2652 2343 2910 2397 virtutem
2933 2356 3230 2411 exerceret,
3259 2346 3314 2401 in
3344 2348 3480 2404 locis

1896 2428 2136 2487 Gindaro
2156 2432 2492 2504 vieinis(qui
2526 2434 2677 2489 vicus
2698 2444 2782 2490 est
2801 2437 3071 2491 maximus
3102 2440 3207 2493 sub
3236 2440 3472 2495 Antioc-

1896 2524 1986 2578 hia
2008 2525 2369 2595 constitutus)
2401 2528 2715 2596 palaestram
2748 2528 2867 2583 ﬁxit
2893 2533 3251 2585 monasticam
3274 2540 3328 2586 et
3350 2548 3475 2587 cutn

1894 2618 2032 2672 alios
2060 2618 2260 2672 multos
2286 2620 2353 2671 ad
2393 2634 2453 2674 se
2506 2622 2671 2673 traxit
2700 2620 2929 2674 athletas
2958 2622 3331 2691 pltilOSOf-Itiﬁ',
3363 2632 3478 2678 tum

1895 2723 2147 2776 magnum
2163 2718 2377 2778 quoque
2392 2712 2551 2766 traxit
2570 2713 3475 2783 Acacium,summum,inquam.“-

1892 2797 2002 2849 lnm
2018 2809 2070 2851 ct
2087 2796 2224 2851 fama
2251 2800 2643 2865 clarissimum,
2657 2801 2750 2870 qui
2768 2810 2820 2855 et
2835 2803 2938 2856 vita
2955 2805 3305 2872 monastical
3319 2805 3476 2873 127

1894 2888 2175 2954 cxcelluit,
2202 2898 2255 2944 et
2274 2892 2589 2959 splendidos
2608 2893 2828 2949 virtutis
2844 2893 3024 2948 radios
3041 2895 3219 2948 emisit
3233 2896 3476 2964 pontifex

1891 2989 2134 3044 creatus,
2161 2989 2213 3035 et
2238 2981 2524 3036 Berhteam
2556 2984 2891 3052 pascendam
2918 2987 3168 3040 sortitus.
3194 2984 3477 3055 Quinqua-

1891 3069 2040 3137 ginta
2058 3080 2235 3124 autem
2262 3078 2315 3125 et
2338 3078 2461 3125 octo
2490 3088 2581 3141 per
2613 3087 2790 3127 annos
2813 3074 2993 3142 gregis
3026 3088 3215 3128 curam
3249 3090 3470 3143 gerens,

1897 3161 2212 3215 monasticae
2240 3162 2362 3216 vitae
2396 3162 2629 3217 formam
2674 3180 2784 3217 non
2812 3165 3058 3233 reliquit,
3082 3164 3176 3219 sed
3202 3169 3471 3220 monasti-

1897 3264 2015 3302 cam
2053 3251 2379 3322 civilemque
2411 3255 2667 3308 virtutem
2693 3255 2854 3310 simul
2885 3256 3230 3325 temperavit,
3259 3257 3475 3312 etillius

1894 3341 2110 3409 quidem
2138 3352 2384 3397 exactam
2405 3359 2627 3399 sumens
2646 3344 3069 3414 perfectionem,
3098 3347 3262 3415 hujus
3289 3358 3470 3403 autem

1893 3431 2362 3501 dispensationem
2420 3450 2482 3489 ea
2517 3437 2569 3488 in
2627 3452 2799 3489 unum
2836 3452 2956 3506 qua:
3005 3449 3163 3493 erant
3191 3439 3472 3507 disjuncta

1893 3524 2201 3592 conjunxit.
2239 3523 2507 3579 Carterum
2559 3527 2722 3597 hujus
2783 3528 3002 3582 virtutis
3052 3538 3106 3583 et
3139 3538 3386 3595 venator,
3416 3540 3473 3586 et

1896 3616 2159 3686 magister
2218 3614 2319 3669 fuit
2377 3616 2647 3683 Asterius,
2686 3618 2781 3687 qui
2838 3620 3019 3689 magni
3079 3620 3227 3675 illius
3263 3624 3463 3678 'senis

1896 3716 2050 3761 tanto
2074 3722 2292 3776 semper
2321 3722 2510 3763 amore
2538 3710 2851 3770 tenebatur,
2879 3718 2937 3763 ut
2967 3710 3033 3765 ad
3058 3726 3182 3766 eum
3207 3727 3350 3781 saepe
3380 3713 3466 3767 bis

1892 3797 1947 3851 in
2000 3811 2167 3862 anno,
2199 3812 2343 3866 sape
2378 3806 2461 3851 ter
2506 3799 2668 3853 etiam
2703 3799 3185 3869 proficisceretur.
3226 3800 3467 3855 Veniens

1892 3899 2071 3943 autem
2128 3890 2340 3943 solebat
2375 3890 2587 3944 caricas
2639 3889 2834 3945 afferre
2890 3891 3194 3955 sodalibus,
3228 3894 3331 3945 tria
3378 3894 3464 3947 vel

1891 3990 2127 4049 quatuor
2180 3996 2423 4035 onerans
2467 3982 2715 4050 jumenta
2748 4000 2760 4037 :
2791 3982 2934 4039 duos
2980 3998 3111 4039 vero
3150 3985 3454 4040 medimnos

1891 4072 2007 4125 seni
2041 4079 2154 4125 toto
2185 4087 2329 4127 anno
2379 4072 2709 4129 sulIecturos
2755 4076 3045 4144 colligens,
3082 4075 3134 4130 id
3177 4090 3320 4131 onus
3351 4078 3466 4146 ipse

1893 4164 2136 4219 humeris
2184 4165 2301 4219 suis
2351 4166 2684 4234 imponebat,
2737 4165 3050 4235 jumentum
3101 4184 3160 4223 se
3202 4170 3464 4239 magistro

1892 4272 1992 4311 suo
2024 4258 2309 4312 exhibens.
2339 4257 2705 4324 Portabatque
2739 4260 2793 4313 id
2819 4274 2965 4314 onus
3000 4275 3110 4314 non
3144 4260 3337 4315 decem
3368 4262 3455 4315 vel

1890 4350 2082 4420 viginti
2114 4348 2422 4403 stadiorum
2479 4352 2683 4419 spatio,
2724 4353 2822 4407 sed
2859 4360 2974 4406 toto
3005 4362 3215 4422 septem
3252 4354 3463 4420 dierum

1891 4440 2102 4494 itinere.
2138 4439 2308 4505 Quem
2342 4455 2466 4493 cum
2508 4442 2804 4511 aliquando
2841 4444 3151 4498 caricarum
3185 4444 3463 4498 sarcinam

202 4550 327 4594 ταις
350 4530 600 4603 κομίζειν
632 4532 864 4603 τρισὶνῆ
895 4533 1149 4603 τέτταρσι
1178 4534 1439 4597 ἐπιτιθεὶς
1469 4536 1687 4604 κτήνεσι
1714 4535 1782 4587 τὰ

1896 4531 2138 4587 humeris
2173 4540 2475 4601 gestantem
2526 4548 2692 4588 senex
2743 4533 2993 4593 vidisset,
3029 4548 3172 4603 aegre
3192 4532 3246 4587 id
3279 4532 3463 4587 ferens

202 4622 429 4693 φορτία.
454 4623 559 4674 Δύο
585 4622 642 4674 δὲ
673 4622 963 4692 μεδίμνους
1011 4622 1302 4691 συλλέγων,
1339 4622 1414 4687 ὡς
1455 4623 1541 4676 διά
1588 4624 1789 4687 παντὸς

200 4715 300 4767 τοῦ
366 4712 520 4777 ἔτους
575 4711 927 4783 ἀποχρῶντας
980 4712 1055 4784 τῷ
1102 4715 1337 4783 γέροντι,
1402 4719 1515 4779 τοῖς
1569 4717 1787 4781 οἰκείοις

210 4810 381 4876 ὤμοις
414 4803 654 4857 ἐπετίθει
696 4806 755 4857 τὸ
781 4805 1023 4858 τοιοῦτον
1071 4807 1309 4876 φορτίον,
1363 4808 1557 4878 κτῆνος
1598 4809 1787 4861 ἐαυτὸν

204 4897 299 4949 τοῦ
332 4896 653 4949 διδασκάλου
684 4897 1022 4968 ποιούμενος.
1046 4898 1156 4951 Καὶ
1182 4898 1340 4951 τοῦτο
1373 4899 1553 4970 φέρων
1574 4901 1635 4952 τὸ
1656 4917 1787 4972 φορ-

199 4990 318 5042 τίον
360 4988 628 5053 ἐϐάδιζεν,
661 4989 719 5041 ού
750 4988 879 5041 δέκα
914 4988 1218 5060 σταδίουςῆ
1255 4989 1480 5054 εἴκοσιν,
1498 4990 1615 5041 ἀλλ’
1650 4992 1788 5045 ἐπτά

198 5077 432 5149 ἡμερῶν
480 5077 719 5143 ἐξανύων
764 5076 1009 5147 πορείαν.
1066 5078 1177 5130 Καί
1212 5095 1343 5131 ποτε
1388 5078 1722 5147 θεασάμενος
1759 5081 1789 5132 6

202 5168 523 5241 πρεσϐύτης
552 5170 638 5222 ἐπ’
677 5170 841 5239 ιὀμων
887 5170 1048 5224 αὐτὸν
1076 5170 1311 5240 φέροντα
1339 5170 1398 5223 τὸ
1426 5169 1531 5223 τῶν
1558 5170 1788 5240 ἰσχάδων

201 5261 450 5331 φορτίον,
506 5259 837 5330 δυσχεράνας
894 5260 998 5330 ἔφη
1041 5261 1113 5331 μὴ
1148 5260 1476 5331 ποιήσασθαι
1502 5260 1568 5313 ἂν
1615 5262 1788 5316 ταῦτα

197 5355 437 5426 τροφήν.
474 5355 549 5406 Ού
573 5353 680 5423 γὰρ
710 5353 916 5406 δίκαιον
947 5355 1154 5406 ἐκεῖνον
1187 5353 1283 5422 μὲν
1304 5354 1558 5407 τοσοῦτον
1589 5354 1788 5423 ὑπομέ-

200 5463 317 5499 νειν
376 5444 564 5507 κόπον,
616 5445 777 5498 αὑτὸν
832 5445 887 5497 δὲ
938 5447 1050 5506 τοῖς
1109 5443 1326 5515 ἱδρῶσιν
1376 5446 1648 5516 ἐντρυφᾷν
1674 5448 1787 5509 τοῖς

201 5536 440 5588 ἐκείνου.
474 5535 579 5587 Τοῦ
638 5535 693 5587 δὲ
748 5535 1193 5604 ἀπομοσαμένον,
1253 5535 1325 5597 ώς
1362 5536 1461 5587 οὐκ
1489 5536 1787 5601 ἀπαλλάξει

198 5628 299 5680 τοῦ
332 5626 560 5695 φορτίου
611 5626 733 5689 τοὺς
782 5625 988 5695 ὤμους,
1034 5628 1081 5678 εί
1130 5626 1205 5694 μὴ
1239 5625 1727 5697 συνομολογήσειεν
1758 5629 1787 5682 6

201 5716 520 5787 πρεσϐύτης
546 5716 949 5788 μεταλήψεσθαι
978 5717 1077 5788 τῆς
1127 5716 1480 5787 κομισθείσης
1528 5716 1779 5788 τροφῆςι

210 5828 228 5860 ι
264 5810 504 5877 [lonia-io,
536 5807 719 5876 ἔλεγεν
756 5810 784 5860 6
830 5808 1027 5877 γέρων,
1078 5808 1137 5861 τὸ
1198 5807 1582 5877 κελευόμενον,
1621 5806 1781 5878 μόνον

1890 4638 2115 4677 esurnm
2139 4636 2198 4677 se
2236 4624 2474 4693 negavit.
2499 4621 2609 4678 Nec
2650 4625 2797 4679 enim
2852 4624 3068 4694 justum
3100 4640 3241 4688 esse,
3280 4633 3337 4678 ut
3371 4626 3465 4679 ille

1891 4723 2102 4769 tantum
2153 4715 2365 4771 subiret
2405 4715 2671 4780 laborem,
2720 4718 2840 4785 ipse
2893 4731 3021 4771 vero
3052 4716 3287 4771 delicate
3342 4717 3464 4785 ejus

1890 4808 2172 4862 laboribus
2190 4806 2485 4862 frueretur.
2520 4808 2625 4862 Sed
2652 4823 2777 4861 cum
2810 4808 3055 4877 jurasset
3090 4807 3200 4869 ille,
3239 4823 3299 4861 se
3322 4822 3463 4862 onus

1890 4899 1958 4952 ab
1987 4898 2235 4952 humeris
2282 4914 2391 4952 non
2453 4897 2855 4968 depositurum,
2904 4897 3011 4953 nisi
3046 4897 3210 4949 allato
3244 4897 3368 4950 cibo
3402 4912 3463 4950 se

1890 5005 2114 5045 usurum
2146 5005 2312 5045 senex
2338 4990 2691 5044 confirmaret
2725 5008 2777 5042 ει
2810 4988 3050 5055 Faciam,
3074 4991 3249 5057 inquit
3274 5004 3460 5050 senex,

1889 5082 2032 5151 quod
2079 5083 2326 5149 jubetur,
2359 5091 2415 5135 tu
2442 5082 2603 5137 modo
2635 5096 2853 5137 saccum
2875 5080 3149 5149 extemplo
3177 5079 3405 5149 depone.
3436 5099 3457 5132 ι

1890 5170 2023 5224 Nam
2054 5171 2108 5225 in
2150 5170 2254 5226 hoc
2301 5187 2521 5242 quoque
2576 5171 2893 5223 imitabatur
2950 5172 3187 5239 primum
3240 5181 3460 5238 aposto-

1890 5263 2092 5324 lorum,
2121 5260 2214 5329 qui
2242 5274 2365 5314 cum
2394 5260 2558 5328 pedes
2591 5258 2713 5327 ejus
2742 5259 2927 5311 lavare
2974 5256 3237 5310 Dominus
3279 5256 3459 5316 vellet,

1890 5354 2123 5423 primum
2162 5356 2459 5416 recusavit,
2491 5368 2821 5423 magnopere
2847 5351 3125 5405 aﬂirmans
3150 5342 3342 5404 id'non
3378 5348 3459 5401 fu-

1891 5455 2114 5509 turum;
2145 5446 2238 5499 ubi
2292 5461 2421 5500 vero
2475 5446 2687 5499 audivit
2722 5443 3154 5499 abscindendum
3202 5457 3260 5496 se
3294 5456 3321 5493 a
3351 5440 3457 5491 Do-

1888 5536 2021 5590 mini
2049 5538 2460 5601 communione,
2507 5538 2722 5606 1128
2749 5537 2853 5591 nisi
2889 5536 3249 5604 permitteret,
3284 5534 3455 5616 oravit

1889 5636 1950 5682 ut
1976 5637 2029 5682 et
2077 5644 2274 5683 manus
2304 5645 2427 5683 cum
2465 5630 2695 5698 pedibus
2742 5638 2793 5681 et
2827 5638 2991 5696 caput
3042 5628 3269 5679 lavaret.
3302 5622 3374 5675 lta
3405 5634 3459 5676 et

1889 5734 2120 5788 magnus
2144 5718 2408 5784 Joannes,
2439 5721 2634 5787 jussus
2676 5722 2883 5789 tingere
2916 5717 3279 5781 Servatoretn,
3306 5713 3456 5783 prin-

1895 5807 2039 5878 cipio
2070 5809 2289 5879 quidem
2324 5820 2378 5866 et
2430 5825 2649 5865 servum
2684 5824 2741 5867 se
2775 5807 3068 5865 confessus
3118 5814 3224 5872 est,
3259 5815 3311 5860 et
3352 5803 3455 5857 Do-
