4206 6456
222 416 356 482 131Ἱ

1434 416 1836 479 RELIGIOSA
1872 412 2252 476 HISTORIA.

3320 410 3453 478 1318

206 531 348 595 ἒχων
370 542 384 555 ⁶
420 520 656 592 θυμηδία
694 522 800 594 γάρ
835 523 1220 594 γεγανωμένον
1266 523 1477 577 ἐδείκνυ
1524 525 1585 577 τὸ
1619 524 1770 596 πρὸσ·

1891 521 2205 576 exhibebat.
2272 518 2686 574 Admirantibus
2744 528 2921 576 autem
2980 520 3048 575 iis
3087 520 3178 591 qui
3230 521 3458 577 aderant

202 633 372 669 ωπον.
403 613 809 682 Θαυμασάντων
841 614 893 666 δὲ
927 614 1034 667 τῶν
1083 614 1345 668 συνόντων
1379 615 1439 668 τὺ
1468 615 1652 669 καινὸν
1678 616 1773 669 τοῦ

202 707 474 773 θεάματος
496 723 508 735 ·
535 704 855 775 σκυθρωπὸς
879 705 987 775 γὰρ
1006 705 1091 758 ἀεὶ
1113 707 1455 776 φαινόμενος,
1476 707 1779 777 τηνικαῦτα

204 795 430 865 μειδιῶν
478 796 720 865 ἑωρᾶτο’
776 797 867 847 καὶ
923 798 1021 865 τὴν
1080 797 1259 850 αἰτίαν
1311 798 1728 869 πυνθανομένων
1762 816 1775 830 ·

208 905 226 935 ι
268 885 382 954 Τῆς
425 886 784 953 εὐφροσύνης,
828 885 954 955 ἔφη,
985 881 1028 939 ὦ
1078 886 1290 957 ἄνδρες,
1321 888 1415 941 καὶ
1456 888 1721 957 θυμηδίας
1751 892 1780 943 ό

208 978 393 1045 παρὼν
426 978 616 1047 καιρός
658 994 670 1008 ·
705 978 980 1031 πέπαυται
1016 982 1124 1047 γὰρ
1175 982 1203 1031 ό
1245 980 1443 1052 ἀσεϐὴς
1485 981 1625 1034 κατά
1680 981 1777 1052 τὴν

209 1068 438 1120 Ἡσαΐου
476 1069 681 1138 φωνὴν,
716 1069 808 1122 καὶ
844 1069 1012 1123 ἔδωκε
1045 1071 1199 1134 δίκας
1252 1072 1360 1123 τῶν
1413 1072 1777 1142 τολμημάτων

198 1158 396 1224 ἀξίας·
426 1160 521 1212 καὶ
573 1158 713 1211 κατὰ
765 1159 859 1213 τοῦ
922 1162 1283 1229 πεποιηκότος
1338 1163 1431 1215 καὶ
1479 1164 1777 1227 σεσωκότος

196 1251 547 1320 τυραννήσας
575 1250 730 1314 Θεοῦ,
758 1251 861 1303 ὑπὸ
890 1251 1069 1317 δεξιᾶς
1117 1254 1359 1323 ὑπηκόου
1402 1254 1650 1308 δέδεκται
1678 1254 1777 1325 τὴν

194 1341 416 1393 δικαίαν
468 1344 686 1412 σφαγήν
708 1358 721 1370 ’
752 1342 839 1394 διὰ
867 1343 1024 1396 τοῦτο
1060 1345 1350 1415 γάννυμαι,
1383 1348 1481 1409 τὰς
1506 1348 1595 1399 ὑπ’
1632 1348 1777 1401 ὲκεί-

195 1449 286 1484 νου
311 1432 716 1502 πολεμηθείσας
768 1434 1099 1503 Ἐκκλησίας
1130 1436 1447 1506 γαυριῶσας
1480 1437 1771 1507 θεώμενος,

194 1525 289 1576 καὶ
326 1524 539 1594 βλέπων
562 1525 652 1578 τὸν
698 1526 974 1597 ἀλιτήριον
1004 1528 1107 1580 ὑπὸ
1137 1529 1242 1581 τῶν
1268 1529 1357 1581 ὑπ’
1397 1529 1561 1583 αὑτοῦ
1597 1548 1773 1600 τιμω-

193 1617 375 1684 μένων
401 1616 669 1685 δαιμόνων
706 1619 961 1687 οὐδεμιᾶς
1005 1620 1324 1689 ἐπικουρίας
1374 1622 1715 1691 ἐπιτυχόντα.
1749 1640 1767 1671 ι

202 1708 329 1760 Ἐπὶ
360 1710 461 1778 μὲν
483 1704 573 1762 οὖν
602 1710 700 1779 τῆς
726 1710 818 1762 τοῦ
870 1710 1160 1773 δυσσεϐοῦς
1189 1711 1379 1764 τούτου
1419 1714 1632 1781 σφαγῆς
1657 1730 1770 1767 τοι-

189 1799 361 1868 αύτης
394 1801 672 1854 ἀπέλαυσε
699 1802 796 1870 τῆς
826 1801 1206 1871 προγνώσεως.
1238 1804 1393 1857 Ἐπεὶ
1426 1804 1483 1857 δὲ
1512 1807 1602 1856 καὶ
1627 1805 1770 1857 Οὐά-

1883 630 2082 668 novum
2116 614 2513 683 spectaculum,
2548 615 2693 683 quod
2740 616 2832 684 qui
2858 613 3003 669 tristi
3040 628 3256 682 semper
3293 630 3452 683 aspe-

1883 713 1971 760 ctu
2012 704 2317 770 videbatur,
2351 716 2484 758 tunc
2515 705 2799 759 subridere
2828 712 3171 765 cerneretur,
3200 718 3456 764 causam-

1881 812 1989 867 que
2024 798 2389 867 rogantibus:
2418 817 2434 847 ι
2457 796 2700 857 Lzetitite,
2737 797 2938 863 inquit,
2977 812 3010 849 o
3042 798 3169 856 viri,
3214 812 3457 865 praesens

1880 896 2099 957 tempus
2137 896 2241 953 est,
2282 895 2337 942 et
2387 890 2592 958 gaudii.
2647 887 2899 942 Cessavit
2943 888 3088 940 enim
3140 888 3361 957 impius,
3397 896 3459 939 ut

1882 981 1957 1033 ait
1994 981 2188 1047 Isaias,
2222 992 2273 1035 et
2307 982 2597 1033 audacium
2632 981 2846 1050 1130
2895 981 3236 1049 inceptorum
3288 980 3456 1033 meri-

1881 1082 1963 1125 tas
1995 1088 2185 1141 pmnas
2217 1073 2368 1126 dedit
2400 1081 2488 1125 :et
2521 1074 2613 1140 qui
2666 1070 3013 1141 tyrannidem
3068 1071 3121 1123 in
3156 1069 3325 1125 Deum
3369 1070 3453 1123 fa-

1881 1167 2117 1217 etorem‘
2149 1173 2205 1218 et
2264 1162 2608 1218 Servatorem
2664 1166 2950 1229 exercuit,
2993 1164 3062 1217 ab
3115 1164 3458 1229 obsequente

1879 1255 2100 1309 dextera
2130 1257 2255 1323 jure
2282 1270 2455 1308 caesus
2484 1264 2585 1308 est.
2624 1254 2752 1309 Ideo
2779 1254 2953 1317 ltetor,
2986 1252 3282 1312 Eeclesias,
3317 1266 3454 1321 quas

1881 1347 1970 1401 ille
1995 1347 2363 1416 oppugnabat,
2405 1347 2746 1400 exsultantes
2784 1346 2998 1404 videns,
3031 1352 3086 1398 et
3118 1346 3452 1397 sceleratum

1880 1452 2117 1491 cernens
2156 1453 2183 1489 a
2217 1435 2582 1501 daemonibus,
2610 1452 2748 1505 quos
2805 1437 3047 1497 colebat,
3078 1436 3211 1488 nihil
3259 1435 3452 1488 auxilii

1879 1539 2307 1585 consecutum.»
2370 1528 2441 1582 De
2494 1530 2659 1599 hujus
2712 1544 2845 1598 ergo
2893 1530 3043 1598 impii
3093 1529 3239 1581 ett-de
3291 1528 3452 1582 talem

1880 1622 2071 1676 habuit
2100 1622 2528 1691 prrescientiam.
2563 1621 2699 1673 Cum
2738 1620 2935 1674 Valens
2968 1628 3174 1682 autem,
3203 1619 3294 1688 qui
3328 1627 3452 1689 post

1876 1714 2027 1765 illum
2089 1713 2330 1767 habenas
2384 1710 2615 1764 Romani
2679 1713 2853 1764 tenuit
2918 1710 3173 1779 imperii,
3240 1710 3450 1777 ahjecta

1875 1805 2320 1873 evangelicorum
2363 1802 2678 1871 dogmatum
2724 1801 2979 1864 veritate,
3016 1802 3205 1854 Ariani
3242 1800 3450 1854 erroris

188 1891 311 1961 λης,
338 1895 366 1944 ό
395 1894 511 1961 μετ’
558 1894 765 1945 ἐκεῖνον
804 1893 904 1955 τὰς
953 1892 1105 1962 ἡνίας
1152 1895 1250 1963 τῆς
1289 1896 1605 1966 Ῥωμαῖκῆς
1639 1898 1770 1965 ἡγε-

1879 1896 2243 1965 imposturam
2314 1895 2689 1963 suscepisset,
2747 1901 2879 1947 tunc
2940 1892 3121 1959 major
3177 1892 3451 1945 adversus

191 1982 389 2043 μονίας
427 1982 740 2054 δεξάμενος,
770 1984 881 2034 τῶν
927 1983 1299 2051 εὐαγγελικῶν
1324 1984 1610 2054 δογμάτων
1643 2002 1776 2054 προ-

187 2076 213 2128 ἐ
222 2092 386 2144 μενος
410 2075 510 2145 τὴν
534 2074 813 2144 ἀλήθειαν,
833 2075 933 2144 τῆς
959 2075 1172 2147 Ἀρείου
1199 2074 1407 2144 πλάνης
1438 2076 1535 2147 τὴν
1560 2076 1775 2147 ἀπάτην

188 2166 431 2230 ἐδέξατο,
456 2166 759 2236 τηνικαῦτα
800 2167 1001 2237 μείζων
1028 2168 1061 2236 ή
1086 2166 1221 2237 (an;
1253 2167 1397 2221 κατά
1423 2168 1520 2237 τῆς
1548 2167 1775 2238 Ἐκκλη-

189 2257 313 2319 σίας
368 2256 653 2326 ἠγείρετο,
698 2257 805 2310 τῶν
870 2257 967 2328 μὲν
1025 2258 1381 2329 κυϐερνητῶν
1436 2258 1773 2329 πανταχόθεν

187 2348 567 2419 ἐλαυνομένων
591 2391 605 2412 ,
635 2351 1078 2403 καταποντιστῶν
1099 2351 1153 2403 δέ
1181 2368 1342 2404 τινων
1372 2351 1464 2403 καὶ
1492 2352 1765 2419 πολεμίων

186 2437 686 2508 ἀντεισαγομὲνων.
716 2440 824 2491 Καὶ
859 2440 945 2493 ἵνα
967 2441 1044 2511 μὴ
1094 2442 1274 2493 πᾶσαν
1314 2441 1527 2512 εκείνην
1571 2440 1769 2511 διηγῶ-

186 2548 291 2601 μαι
331 2532 425 2583 ὲπὶ
476 2530 568 2585 τοῦ
614 2532 880 2604 παρόντος
936 2534 1035 2604 τὴν
1087 2532 1422 2603 τραγῳδίαν,
1470 2533 1636 2586 τᾶλλα
1676 2535 1771 2589 νῦν

1876 1987 2178 2042 Ecclesiam
2215 1999 2403 2041 coorta
2435 1994 2518 2040 est
2549 1986 2791 2054 procella
2814 2025 2829 2047 ,
2874 2000 3000 2038 cum
3053 1983 3450 2053 gubernatores

1879 2080 2231 2149 undiquaque
2269 2079 2635 2146 pellerentur,
2666 2087 2714 2132 et
2753 2076 3040 2147 praedones
3069 2082 3234 2143 atque
3265 2074 3448 2128 hostes

1876 2174 1929 2226 in
1958 2188 2145 2227 eorum
2186 2172 2366 2223 locum
2413 2169 2812 2225 sulliccrentur.
2849 2170 2927 2224 Ac
2968 2185 3036 2223 ne
3085 2177 3254 2221 totam
3304 2168 3450 2219 illam

1875 2265 1930 2317 in
1982 2261 2270 2330 pra-sentin
2323 2260 2642 2328 tragoediam
2703 2272 3024 2329 persequar,
3067 2258 3189 2311 aliis
3229 2264 3453 2326 praeter-

1874 2354 2081 2415 missis,
2108 2369 2273 2406 unum
2308 2360 2518 2406 tantum
2544 2352 3013 2415 commemorabo,
3056 2349 3199 2418 quod
3247 2348 3447 2400 floret;-

1875 2454 1983 2500 tem
2045 2447 2095 2498 in
2150 2446 2254 2499 hoc
2304 2461 2435 2501 sene
2491 2445 2662 2500 divini
2718 2444 2954 2515 Spiritus
2993 2444 3226 2514 gratiam
3266 2452 3454 2511 aperte

1879 2538 2303 2591 demonstravit.

187 2627 523 2694 καταλείψω,
568 2627 687 2691 ἐνὸς
724 2628 779 2681 δὲ
828 2629 990 2698 μόνου
1043 2628 1511 2701 μνησθήσομαι,δ
1541 2629 1639 2699 τὴν
1697 2631 2036 2685 ἐπανθοῦσαν
2075 2632 2210 2701 τῷδε
2260 2632 2339 2702 τῷ
2405 2631 2685 2704 πρεσϐύτῃ
2751 2631 2844 2686 τοῦ
2920 2630 3064 2685 θείου
3139 2630 3454 2702 Πνεύματος

180 2719 347 2788 χάριν
376 2719 620 2790 ἐναργῶς
657 2720 947 2787 ὑπέδειξεν.

274 2816 596 2884 Ἐξελήλατο
632 2817 729 2886 μὲν
776 2818 885 2871 ἀπὸ
931 2819 1030 2887 τῆς
1057 2820 1374 2889 Ἀντιοχέων
1408 2821 1436 2872 ὁ
1466 2821 1634 2890 μέγας
1663 2821 1772 2873 Με-

187 2903 390 2967 λέτιος,
420 2906 446 2956 ὁ
478 2905 679 2976 ταύτην
709 2907 813 2959 ὑπὸ
855 2907 949 2961 τοῦ
985 2908 1092 2962 τῶν
1120 2910 1256 2963 ὅλων
1294 2910 1428 2963 Θεοῦ
1461 2910 1769 2979 ποιμαίνειν

190 2998 624 3066 πεπιστευμένος
649 3014 663 3028 ο
692 2998 1010 3068 ἐξελήλαντο
1039 3000 1096 3052 δὲ
1129 3000 1235 3052 τῶν
1258 3000 1416 3054 θείων
1444 3002 1579 3053 νεῶν
1616 3001 1665 3052 οἱ
1694 3001 1771 3062 είς

186 3087 281 3138 τὸν
315 3087 457 3157 ίερδν
485 3088 690 3158 κλῆρον
715 3089 996 3155 τελοῦντες
1020 3090 1258 3154 ἅπαντες
1295 3094 1393 3145 σὺν
1421 3091 1499 3162 τῷ
1528 3091 1771 3163 ὁμογνώ-

1948 2815 2170 2885 Ejectus
2204 2832 2267 2871 ex
2321 2815 2667 2869 Antiochena
2693 2813 2939 2869 Ecclesia
2988 2814 3164 2869 fuerat
3222 2828 3451 2883 magnus

1873 2905 2145 2967 Meletius,
2177 2908 2263 2959 cui
2292 2907 2435 2959 Deus
2478 2906 2863 2960 universorum
2913 2905 3241 2974 pascendam
3303 2904 3449 2958 illam

1873 3000 2224 3053 commiserat
2249 3038 2263 3059 ,
2302 2998 2574 3066 cjcctique
2614 3013 2677 3051 ex
2723 2996 2932 3050 divinis
2971 2995 3189 3064 templis
3234 2994 3451 3049 fuerant

1870 3104 1996 3144 cum
2040 3092 2241 3159 populo
2284 3092 2395 3144 illis
2423 3091 2806 3144 consentiente
2856 3088 3044 3142 clerici
3075 3102 3303 3151 omnes,
3355 3088 3448 3156 qui

189 3195 316 3246 μονι
365 3177 500 3247 λαῷ.
549 3180 597 3231 οί
632 3181 729 3249 τὴν
784 3182 911 3250 μίαν
942 3183 1042 3251 τῆς
1093 3184 1320 3253 Τριάδος
1372 3185 1521 3247 θείας
1576 3185 1764 3236 οὐσίαν

1872 3179 2163 3235 Trinitatis
2215 3181 2454 3234 divinam
2514 3195 2676 3233 unam
2736 3178 2990 3231 colebant
3029 3177 3351 3232 essentiam.
3384 3175 3449 3230 Et

188 3268 602 3338 πρεσϐεύοντες.
639 3272 747 3324 Καὶ
782 3272 877 3327 νῦν
922 3275 1020 3342 μὲν
1052 3275 1150 3344 τὴν
1180 3274 1454 3345 ὑπώρειαν
1481 3275 1761 3344 καταλαμ-

184 3359 469 3422 ϐάνοντες,
518 3363 633 3414 ἐκεῖ
678 3364 775 3426 τὰς
827 3364 976 3439 ἱερὰς
1018 3367 1231 3419 ἐποίουν
1271 3367 1520 3430 συνόδους
1546 3384 1560 3397 ·
1589 3367 1683 3419 νῦν
1707 3367 1765 3419 δὲ

186 3454 282 3506 τοῦ
316 3454 563 3524 ποταμοῦ
588 3457 687 3525 τὴν
709 3457 873 3527 ὄχθην
910 3459 1197 3528 εὖκτήριον
1227 3458 1507 3512 ἐποιοῦντο
1530 3460 1729 3530 χωρίον
1747 3475 1759 3487 ο

186 3544 381 3597 ἄλλοτε
402 3545 457 3597 δὲ
512 3546 571 3598 τὸ
625 3548 920 3617 πολεμικὸν
953 3551 1273 3617 γυμνάσιον,
1308 3550 1368 3602 τὸ
1404 3550 1508 3620 πρὸ
1537 3551 1635 3619 τῆς
1673 3549 1762 3619 βο-

185 3637 341 3709 ρείου
377 3638 723 3708 διακείμενον
754 3637 946 3710 πύλης.
978 3642 1053 3693 Οὐ
1085 3642 1193 3711 γὰρ
1228 3639 1354 3693 εἴων
1381 3644 1428 3695 οἱ
1464 3638 1763 3711 πολεμοῦν-

185 3746 278 3793 τες
311 3730 397 3798 ἐφ’
421 3730 537 3793 ἑνὸς
570 3730 813 3794 ἱδρῦσθαι
840 3732 1038 3802 χωρίου
1072 3733 1197 3794 τοὺς
1230 3732 1493 3793 εὐσεϐεῖς.
1539 3732 1764 3803 Ἑθρύλ-

186 3817 363 3891 λησαν
424 3820 481 3871 δὲ
543 3819 636 3873 τοῦ
694 3820 922 3888 ψεύδους
974 3822 1026 3873 ot
1085 3820 1382 3891 τρόφιμοι,
1434 3821 1529 3873 καὶ
1578 3822 1765 3890 φήμην

183 3909 246 3960 ὲν
282 3909 469 3978 ἐκείνῃ
501 3911 567 3979 τῇ
620 3910 771 3962 πόὶαι
833 3911 1201 3981 κατέσπειραν
1226 3951 1240 3975 ,
1271 3911 1344 3972 ὡς
1385 3910 1479 3963 τοῦ
1526 3912 1763 3981 μεγάλου

186 3998 506 4063 Ἰουλιανοῦ,
540 3999 695 4053 τοῦδε
726 4000 820 4054 τοῦ
866 4002 1190 4072 πρεσϐύτου,
1228 4004 1390 4072 φημὶ,
1414 4002 1520 4055 τῶν
1549 4001 1640 4054 ὑπ’
1668 4003 1761 4055 at)-

186 4089 298 4143 τῶν
341 4088 798 4159 θρησκευομένων
841 4093 1129 4162 δογμάτων
1156 4094 1252 4163 τὴν
1278 4095 1559 4147 κοινωνίαν
1590 4096 1766 4147 ἀσπα-

187 4176 634 4248 ζομένου.Τοῦτο
670 4180 907 4250 μάλιστα
945 4184 1070 4252 ἠνία
1097 4184 1223 4245 τοὺς
1248 4184 1512 4246 εὐσεϐεῖς,
1548 4183 1621 4254 μὴ
1642 4185 1767 4247 τοὺς

188 4266 587 4339 εὐηθεστὲρους
616 4272 709 4323 καί
730 4272 1163 4343 ἁπλοῖκωτέρους
1187 4274 1523 4342 φενακίσασα
1545 4278 1577 4345 ἡ
1612 4276 1764 4346 φήμη

187 4357 300 4418 τοῖς
331 4354 443 4409 τῶν
472 4358 765 4427 αἱρετικῶν
820 4362 1087 4433 περιϐάλῃ
1128 4362 1384 4426 δικτύοις.
1434 4363 1570 4415 Ἀλλ’
1596 4365 1643 4415 οἰ
1677 4364 1764 4416 θε-

189 4445 407 4503 σπέσιοι
448 4448 540 4499 καὶ
571 4449 833 4520 μακάριοι
876 4451 1086 4522 ἄνδρες,
1129 4454 1421 4516 Φλαϐιανὸς
1452 4456 1544 4507 καὶ
1573 4454 1766 4507 Διόδωο

1867 3286 2014 3328 nunc
2037 3271 2262 3342 quidem
2302 3271 2368 3324 ad
2403 3271 2604 3324 montis
2639 3270 2747 3323 ima
2789 3270 3095 3333 venientes,
3134 3284 3326 3324 sacros
3369 3270 3445 3323 ibi

1867 3372 2167 3420 conventus
2195 3362 2557 3417 celebrabant
2590 3378 2603 3415 :
2634 3376 2780 3414 nunc
2814 3370 2997 3415 autem
3026 3361 3078 3413 in
3108 3362 3224 3429 ripa
3260 3360 3445 3413 flumi-

1866 3461 1950 3513 nis
1988 3459 2300 3513 statuebant
2346 3456 2641 3510 oratorium
2672 3472 2685 3508 :
2716 3469 3104 3523 nonnunquam
3161 3455 3324 3508 etiam
3387 3455 3445 3509 in

1863 3550 2061 3605 bellico
2115 3548 2402 3619 gymnasio
2467 3545 2612 3615 quod
2675 3545 2840 3599 situm
2897 3556 2981 3600 est
3038 3554 3165 3599 ante
3227 3555 3441 3613 portam

1865 3640 2370 3712 septentrionalem.
2427 3637 2545 3692 Non
2599 3638 2743 3691 enim
2807 3636 3195 3706 permittebant
3251 3635 3440 3688 hostes

1867 3748 1973 3786 uno
2024 3732 2076 3784 in
2124 3730 2248 3783 loco
2323 3730 2444 3797 pios
2504 3727 2836 3782 consistere.
2909 3724 3196 3780 Jactarant
3261 3733 3440 3777 autem

1866 3821 2072 3875 alumni
2102 3819 2397 3881 mendacii,
2429 3825 2484 3873 et
2510 3832 2785 3872 rumorem
2824 3817 2878 3870 iu
2911 3817 3004 3870 illa
3035 3816 3254 3870 civitate
3285 3830 3444 3884 spar-

1865 3918 2084 3966 serant:
2114 3911 2270 3978 quasi
2304 3924 2533 3978 magnus
2555 3906 2955 3973 Julianus,hic,
2983 3908 3225 3976 inquam,
3254 3921 3440 3968 senex,

1869 3999 2075 4069 1131
2111 4000 2428 4067 dogmatum
2455 4012 2577 4067 qute
2616 3996 2719 4065 ipsi
2748 3996 3120 4064 sequebantur
3150 3997 3444 4063 amplecte-

1865 4101 2018 4146 retur
2047 4107 2221 4145 comm
2233 4092 2509 4143 unionem.
2535 4088 2665 4154 Quae
2683 4104 2767 4144 res
2783 4090 2901 4159 pios
2927 4089 3159 4142 maxime
3181 4088 3435 4158 angebat,

1866 4199 1934 4237 ne
1966 4182 2110 4236 fama
2141 4182 2255 4236 hare
2311 4181 2562 4236 rudiores
2597 4179 2739 4233 forte
2790 4194 2852 4233 ac
2887 4180 3256 4250 simpliciores
3293 4180 3441 4232 deci-

1867 4276 2023 4341 piens
2075 4273 2459 4327 limreticorum
2502 4272 2622 4325 illos
2678 4272 2891 4340 laqueis
2952 4272 3281 4338 implicaret.
3333 4268 3440 4324 Sed

1866 4365 2035 4418 divini
2058 4365 2310 4432 beatique
2335 4364 2455 4426 viri,
2482 4363 2778 4437 Flavianus
2800 4372 2855 4416 et
2886 4361 3185 4425 Diodorus,
3222 4366 3442 4434 presby-

1870 4462 2045 4507 teratu
2100 4454 2278 4507 ornati
2335 4452 2516 4516 ambo,
2569 4453 2948 4523 religiosoque
2997 4454 3199 4521 p0pu|o
3248 4455 3438 4520 praesi-

192 4552 307 4609 ρος,
342 4538 656 4609 ἱερουργίας
677 4540 992 4610 ἠξιωμένοι,
1019 4544 1111 4595 καὶ
1141 4544 1234 4596 τοῦ
1267 4544 1412 4613 ἱεροῦ
1447 4544 1574 4597 λαοῦ
1606 4562 1770 4614 προσ-

1874 4546 2088 4605 dentes,
2114 4555 2165 4599 et
2200 4545 2530 4613 Aphraatcs,
2573 4545 2732 4612 cujus
2782 4546 2946 4597 vitam
3000 4544 3150 4597 vobis
3207 4546 3440 4599 seorsim

188 4626 533 4691 τατεύοντες,
567 4631 660 4682 καὶ
704 4631 1040 4703 Ἀφραάτης,
1071 4630 1131 4689 οὗ
1172 4636 1262 4688 τὸν
1308 4636 1416 4705 βίον
1462 4637 1623 4690 αὑτὸν
1654 4638 1776 4691 καθ’

190 4719 387 4774 ἑαυτὸν
428 4721 557 4790 ὑμῖν
602 4723 698 4776 σὺν
747 4724 866 4794 Θεῷ
900 4726 1066 4793 φάναι
1126 4729 1438 4798 προσθήσω,
1466 4729 1555 4781 τὸν
1606 4730 1776 4799 μέγαν

191 4814 401 4865 ἐκεῖνον
421 4811 677 4866 Ἀκάκιον
698 4815 996 4881 πείθουσιν,
1013 4813 1071 4871 οὗ
1094 4818 1194 4889 ἤδη
1225 4818 1322 4890 τὴν
1354 4821 1573 4890 μνήμην
1591 4822 1776 4889 ἐποιη-

194 4898 445 4971 σάμεθα,
488 4901 672 4955 λαϐεῖν
722 4904 820 4975 μὲν
862 4905 960 4975 τῆς
989 4907 1107 4959 ὀδοῦ
1146 4909 1397 4962 κοινωνὸν
1442 4910 1531 4962 τὸν
1578 4908 1773 4962 ἑαυτοῦ

194 4992 294 5059 μὲν
329 4991 669 5059 διδάσκαλον,
704 4996 858 5049 τοῦδε
890 4998 945 5050 δὲ
977 4999 1069 5051 τοῦ
1100 4999 1256 5068 ἁγίου
1293 5001 1542 5070 γέροντος
1577 5019 1765 5071 φοιτη-

189 5080 313 5152 τὴν,
333 5083 612 5153 Ἀστέριον
649 5087 852 5139 ἐκεῖνον
885 5089 975 5140 τὸν
1003 5090 1164 5155 πάνυ,
1191 5091 1417 5162 δραμεῖν
1451 5092 1505 5144 δὲ
1552 5094 1685 5161 πρὸς
1711 5093 1770 5144 τὸ

193 5171 376 5225 κοινὸν
408 5172 506 5241 τῆς
537 5174 863 5246 Ἐκκλησίας
914 5180 1193 5250 ἀγλάϊσμα
1212 5222 1227 5246 ,
1257 5182 1357 5248 τῆς
1411 5182 1770 5253 εὐαγγελικῆς

191 5260 543 5327 διδασκαλίας
575 5266 634 5318 τὸ
664 5266 913 5339 ἔρεισμα,
945 5272 1038 5323 καὶ
1091 5274 1276 5324 πεῖσαι
1315 5274 1629 5326 καταλιπεῖν
1674 5276 1770 5344 μὲν

192 5352 293 5421 τὴν
321 5354 381 5404 ὲν
411 5356 477 5424 τῇ
509 5355 699 5427 ἐρήμῳ
742 5358 1055 5431 διατριϐὴν,
1087 5362 1374 5429 ἀφικέσθαι
1425 5365 1479 5417 δὲ
1526 5366 1604 5427 είς
1653 5368 1772 5419 επι-

195 5444 425 5517 κουρίαν
478 5447 756 5517 μυριάδων
784 5450 1053 5504 τοσούτων
1086 5452 1175 5504 ὑπ’
1207 5453 1481 5524 ἐξαπάτης
1536 5456 1770 5509 ἀπολλυ-

269 5631 295 5673 1
328 5620 435 5676 Isa.
474 5639 561 5677 xw
619 5625 675 5679 5.

1881 4637 1988 4688 Deo
2048 4637 2211 4689 dante
2272 4636 2546 4704 adjiciam,
2616 4650 2812 4703 magno
2872 4635 2948 4687 illi
3001 4636 3232 4697 Acacio,
3285 4636 3440 4703 cujus

1877 4727 2203 4781 mentionem
2234 4727 2344 4794 jam
2378 4725 2639 4787 fecimus.
2676 4725 3006 4793 persuadent
3045 4734 3103 4778 ut
3145 4726 3241 4779 viae
3270 4726 3441 4779 comi-

1875 4827 1982 4872 tem
2015 4819 2271 4886 accipiat,
2304 4833 2464 4874 suum
2497 4816 2718 4883 quidem
2754 4816 3095 4885 magistrum,
3131 4817 3222 4870 sed
3263 4817 3438 4871 sancti

1873 4911 2022 4965 senis
2055 4910 2413 4979 discipulum,
2452 4909 2721 4976 iusignetu
2752 4908 3053 4971 Asterium,
3109 4906 3440 4977 fcstinetque

1870 4998 1937 5052 ad
1991 5013 2334 5052 communem
2399 4997 2617 5066 pietatis
2669 4996 3060 5065 splendorem,
3115 4998 3441 5065 evangelica»

1868 5089 2135 5143 doctrina:
2174 5090 2638 5149 sustentaculum,
2661 5089 2821 5156 eique
2859 5086 3208 5157 persuadeat,
3239 5095 3317 5148 ut,
3349 5103 3438 5142 so-

1868 5180 2118 5234 litudinis
2144 5180 2481 5234 habitatione
2508 5180 2723 5242 relicta,
2759 5178 2937 5231 veniat
2961 5220 2974 5243 ,
3009 5176 3251 5245 feratque
3280 5177 3438 5231 auxi-

1870 5272 2001 5324 lium
2044 5278 2123 5324 tot
2176 5272 2421 5325 millibus
2473 5269 2694 5324 fraude'
2740 5270 3019 5333 euntibus,
3069 5279 3123 5322 et
3171 5269 3437 5325 adventus

1868 5364 1954 5418 sui
1983 5379 2105 5417 rore
2155 5362 2426 5417 flammam
2476 5362 2793 5431 exstinguat
2849 5361 3127 5413 Ariauam.
3181 5359 3438 5413 Accurrit

1870 5455 2090 5510 divinus
2123 5454 2382 5518 Aeacius,
2416 5462 2469 5507 et
2496 5461 2735 5522 sumpto,
2764 5461 2824 5505 ut
2861 5452 3050 5521 jussus
3071 5459 3210 5515 erat,
3240 5466 3439 5520 magno

1504 5713 1741 5770 VARIE
1781 5715 2179 5772 LECTIONES.

268 5805 287 5837 ³
318 5805 545 5859 Brevius
577 5806 692 5861 [nec
723 5814 905 5860 narrat
928 5804 1122 5860 Noster
1147 5808 1291 5861 Hist.
1319 5808 1441 5862 εστι.
1470 5823 1540 5877 tv,
1580 5807 1669 5861 9i.
