4206 6456
786 426 926 495 1319

1770 428 2249 489 ’llIEODORETl
2282 427 2615 491 EPISCOPI
2650 431 3011 493 CYRENSIS

3894 445 4033 506 1320

784 539 1022 604 Asterio,
1055 536 1122 592 ad
1160 536 1456 591 maximum
1490 537 1746 593 Ecclesia:
1788 540 1970 592 lumen
2005 554 2063 593 se
2090 538 2347 605 contulit,

2456 542 2630 609 μένων
2653 583 2666 604 ,
2700 544 2820 600 καὶ.
2848 543 2945 614 τὴν
2973 543 3186 613 Ἀρείου
3234 546 3565 601 κατασϐέσαι
3611 550 3786 618 φλόγα
3832 555 3900 622 τῇ
3932 552 4034 619 τῆς

785 637 839 684 et
866 646 988 683 cum
1017 644 1139 684 eum
1164 630 1491 684 salutasset:
1523 648 1540 681 ι
1569 629 1663 683 Dic
1695 630 1846 697 tnihi,
1881 630 2082 701 inquit,
2110 645 2141 684 o
2172 638 2345 699 pater,

783 735 1021 790 quanam
1056 720 1122 773 de
1160 734 1326 774 causa
1358 726 1532 774 totum
1565 721 1709 775 hunc
1734 721 1975 775 laborem
2019 730 2127 775 tam
2176 722 2348 776 liben-

783 818 866 864 ter
894 811 1137 865 tuleras?
1166 830 1183 861 ι
1213 811 1309 865 Illo
1333 820 1512 866 autem
1540 812 1594 865 itt
1623 812 1735 865 haec
1762 804 1922 866 verba
1945 812 2307 883 respondente
2332 829 2345 863 :

788 902 961 957 «Mihi
996 912 1049 958 et
1102 919 1354 973 corpore,
1418 914 1473 959 et
1522 905 1737 963 anima,
1780 906 2017 973 vitaque,
2063 917 2117 959 ct
2185 905 2346 960 rebus

781 996 1039 1051 omnibus
1082 997 1378 1066 pretiosior
1413 1008 1497 1048 est
1530 995 1622 1049 Dei
1667 1000 1848 1050 cultus
1876 1015 1889 1050 :
1915 1011 2085 1050 conor
2142 1005 2347 1061 autem,
2384 990 2387 993 ’

780 1087 958 1154 quoad
1002 1088 1120 1156 ejus
1153 1102 1183 1139 a
1216 1102 1302 1140 me
1329 1086 1444 1140 ﬁeri
1475 1095 1676 1156 potest,
1708 1088 1969 1141 mundum
2029 1087 2104 1140 illi
2152 1087 2349 1141 olferre

780 1177 1170 1243 ministerium,
1201 1176 1360 1246 eique
1401 1187 1678 1247 perpetuo.
1718 1182 1951 1247 placere.
1985 1197 2003 1230 ι
2024 1210 2091 1219 -
2115 1197 2133 1230 ι
2163 1178 2348 1234 Ratio-

780 1282 902 1320 nem
936 1266 1052 1329 tibi,
1093 1268 1168 1320 ait
1196 1268 1455 1331 Aeacius,
1488 1284 1778 1337 exponam,
1808 1286 1915 1338 qua
1948 1270 2025 1324 illi
2056 1271 2346 1341 plusquam

779 1372 927 1409 nunc
977 1357 1211 1411 servias.
1253 1357 1417 1426 quue
1460 1373 1560 1428 ego
1602 1375 1709 1413 non
1756 1361 1871 1413 sola
1930 1362 2349 1416 ratiocinatione

777 1448 998 1513 ductus,
1041 1450 1137 1503 sed
1200 1452 1373 1519 ipsius
1413 1451 1703 1521 disciplina
1756 1452 1986 1507 edoctus
2037 1454 2342 1539 ostendam.

779 1539 911 1593 Nam
966 1556 1088 1594 cum
1150 1540 1369 1594 Petrum
1428 1542 1728 1611 aliquando
1789 1545 2213 1612 interrogasset,
2277 1558 2346 1597 an

776 1644 899 1682 eum
938 1631 1056 1699 plus
1088 1633 1299 1685 caeteris
1332 1641 1561 1695 amaret,
1603 1633 1979 1703 audiissetque
2006 1635 2059 1711 id
2094 1634 2237 1703 quod
2263 1636 2346 1689 vel

778 1729 904 1775 ante
933 1720 1075 1775 Petri
1110 1736 1292 1776 vocem
1326 1723 1536 1793 1132
1571 1724 1792 1784 sciebat,
1823 1742 1841 1774 ι
1875 1725 2120 1789 Domine,
2151 1734 2207 1778 tu
2238 1728 2348 1782 seis

776 1828 802 1860 π
838 1810 982 1878 quod
1026 1825 1201 1864 autem
1240 1820 1324 1876 te;
1353 1830 1370 1861 ι
1402 1811 1639 1865 ostendit
1667 1814 1714 1867 ei
1738 1813 1999 1883 quidnam
2026 1830 2192 1883 agens
2221 1832 2344 1870 eum

2457 629 2692 697 ἀφίξεως
2721 632 2915 702 δρόσῳ.
2954 634 3225 702 Ἕδραμεν
3261 638 3289 689 6
3318 636 3459 699 θεῖος
3497 638 3773 701 ’Λκάκιος,
3800 640 3897 692 καὶ
3941 641 4033 692 τὸν

2460 719 2631 788 μέγαν
2650 722 2922 792 Ἀστέριον
2952 723 3027 786 ὼς
3052 726 3393 798 προσετάχθη
3425 727 3625 792 λαϐὼν,
3645 729 3872 798 ἀφίκετο
3895 729 4033 799 πρὸς

2455 809 2545 860 τῗιν
2581 810 2833 879 μέγιστον
2881 814 2979 882 τῆς
3008 815 3338 884 Ἐκκλησίας
3395 818 3681 888 φωστῆρα,
3712 822 3807 873 καὶ
3851 822 4033 873 ἀσπα-

2458 905 2710 974 σάμενος,
2751 924 2767 956 ι
2808 908 2939 962 Εἰπέ
2996 926 3106 979 μοι,
3158 908 3283 981 ἔφη,
3339 905 3383 964 ὦ
3442 912 3642 981 Πάτερ.
3674 913 3819 974 τίνος
3864 914 4031 965 ἕνεκα

2456 995 2641 1050 τοῦτον
2663 998 2872 1050 ἅπαντα
2919 999 3010 1052 τὸν
3042 1002 3200 1054 πόνον
3254 1002 3372 1071 μεθ’
3410 1003 3602 1072 ἡδονῆς
3642 1005 3967 1073 ύπομένεις;
4008 1025 4026 1057 ι

2457 1088 2562 1140 Τοῦ
2594 1089 2650 1142 δὲ
2686 1090 3144 1160 ἀποκριναμένου,
3173 1094 3247 1155 ὡς
3282 1113 3299 1145 ι
3338 1096 3448 1147 Καὶ
3492 1094 3765 1165 σώματος,
3804 1098 3899 1149 καὶ
3929 1097 4033 1163 qm-

2454 1178 2573 1247 χῆς,
2599 1180 2691 1231 καὶ
2722 1178 2885 1248 ζωῆς,
2910 1181 3004 1233 καὶ
3054 1182 3147 1234 τοῦ
3186 1180 3299 1251 βίου
3344 1184 3539 1247 παντὸς
3576 1186 3607 1253 ἠ
3638 1187 3731 1236 τοῦ
3774 1185 3911 1238 Θεοῦ
3941 1202 4029 1253 μοι

2454 1266 2719 1338 θεραπεία
2759 1272 3099 1341 τιμιωτέρα,
3144 1274 3237 1326 καὶ
3289 1276 3565 1344 πειρῶμαι
3619 1276 3741 1328 ὅσον
3792 1276 4031 1343 δύναμαι

2454 1356 2700 1426 καθαρὰν
2732 1358 2879 1429 αύτῷ
2932 1360 3102 1429 ῥύπου
3142 1362 3241 1432 τὴν
3283 1363 3621 1432 λειτουργίαν
3675 1365 4028 1433 προσᾳέρειν,

2454 1449 2548 1501 καὶ
2616 1450 2701 1502 διὰ
2773 1451 2988 1505 πάντων
3041 1454 3313 1523 ἀρέσκειν.
3361 1484 3431 1494 -
3476 1454 3859 1524 ’Υποδείκνυμί
3924 1471 4028 1515 σοι,

2452 1540 2480 1590 6
2522 1540 2773 1604 Ἀκάκιος
2826 1544 2964 1611 ἒση,
2997 1546 3214 1613 τρόπον,
3243 1546 3308 1598 δι’
3356 1541 3416 1599 οὗ
3456 1546 3617 1598 πλέον
3650 1546 3682 1614 ἢ
3736 1547 3829 1598 νῦν
3861 1546 4030 1598 αὐτὸν

2454 1630 2829 1701 θεραπεύσεις,
2862 1632 3134 1686 καὶτοῦτο
3162 1634 3289 1702 ἐρῶ,
3322 1637 3380 1687 ού
3416 1635 3660 1705 λογισμῷ
3695 1636 3842 1704 μόνῳ
3879 1634 4028 1704 χρώ-

2456 1738 2654 1789 μενος,
2689 1721 2823 1774 ἀλλὰ
2886 1724 2982 1791 τῆς
3040 1723 3203 1776 αὑτοῦ
3262 1720 3608 1787 διδασκαλίας
3666 1723 4027 1793 μεμαθηκώς.

2464 1812 2752 1881 Ἐρόμενος
2782 1813 2891 1883 γάρ
2923 1831 3047 1866 ποτε
3073 1815 3164 1867 τὸν
3194 1816 3421 1884 Πέτρον,
3455 1817 3503 1867 εί
3542 1814 3701 1868 πλέον
3730 1814 3896 1868 αὑτὸν
3919 1813 4029 1866 τῶν

776 1902 980 1955 coleret
1033 1902 1335 1983 impensius
1368 1920 1380 1957 :
1410 1922 1428 1954 ι
1456 1902 1511 1956 Si
1560 1918 1714 1959 amas
1768 1920 1873 1970 me,
1929 1906 2149 1974 inquit,
2183 1921 2347 1976 pasce

2447 1878 2623 1956 ἄλλων
2671 1878 2833 1968 φιλεί,
2862 1878 2962 1956 καὶ
3016 1902 3199 1971 μαθὼν
3247 1903 3275 1956 δ
3309 1878 3581 1973 ηπίστατο
3630 1904 3725 1957 καὶ
3774 1902 3882 1973 πρὸ
3926 1906 4028 1974 τῆς

782 2012 800 2042 ι
835 2008 967 2047 oves
997 2010 1164 2058 meas,
1204 2002 1259 2047 et
1293 2009 1456 2064 pasce
1484 2009 1652 2063 agnos
1692 2011 1843 2050 meos
1868 2006 1913 2051 ι.
1943 2017 1961 2049 ι
1994 1997 2107 2052 Hoc
2129 2015 2347 2071 quoque

776 2085 896 2147 tibi,
926 2100 957 2135 ο
990 2094 1160 2152 pater,
1193 2084 1501 2140 faciendum
1541 2096 1646 2142 est.
1690 2088 1997 2143 Periculum
2031 2094 2175 2145 enim
2226 2101 2344 2157 cst,

777 2189 843 2226 ne
865 2190 993 2229 oves
1015 2190 1043 2227 a
1070 2176 1210 2243 lupis
1232 2174 1564 2231 devorentur
1601 2196 1612 2233 :
1650 2178 1749 2233 has
1782 2190 1959 2234 autem
1992 2183 2144 2236 valde
2176 2193 2343 2245 amat,

774 2267 865 2332 qui
902 2279 930 2317 a
964 2274 1015 2319 te
1048 2268 1202 2320 valde
1236 2278 1467 2335 amatur,
1500 2278 1553 2322 et
1586 2271 1887 2324 amantium
1924 2276 2207 2342 proprium
2260 2284 2343 2331 est

774 2359 862 2409 illa
898 2357 1098 2423 facere,
1131 2373 1252 2428 quae
1286 2374 1411 2413 cum
1456 2361 1587 2415 ﬁunt
1615 2402 1630 2425 ,
1662 2364 1742 2417 eis
1773 2364 1867 2433 qtti
1911 2356 2163 2419 amantur
2192 2375 2345 2438 grata

773 2458 921 2502 sunt.
960 2448 1022 2501 Et
1062 2450 1271 2521 alioqui
1308 2454 1609 2522 perieulum
1653 2462 1735 2510 est
1769 2471 1874 2509 non
1915 2472 2167 2525 parvum,
2202 2460 2342 2514 mttl-

772 2549 1064 2611 torumque
1102 2554 1154 2596 et
1193 2560 1511 2609 magnorum
1568 2548 1798 2603 istorum
1850 2550 2110 2605 sudorum
2184 2552 2347 2608 detri-

775 2628 1041 2698 mentum,
1083 2636 1127 2689 si
1160 2636 1443 2691 veritatem
1472 2641 1712 2707 graviter
1736 2652 2100 2711 oppugnatam
2127 2647 2345 2701 silentio

772 2728 927 2794 prodi
972 2727 1203 2794 patiare,
1255 2728 1485 2798 ejusque
1548 2739 1850 2787 sectatores
1883 2736 2028 2805 capi,
2071 2746 2232 2806 atque
2278 2740 2344 2794 ad

772 2832 867 2871 eos
890 2819 1184 2886 capiendos
1216 2819 1293 2872 ttti
1335 2821 1575 2875 nominis
1606 2837 1783 2877 escam
1824 2828 2041 2893 apponi.
2080 2826 2155 2881 Te
2176 2830 2346 2899 siqui-

770 2906 894 2960 dem
944 2908 1241 2977 impietatis
1302 2926 1415 2964 suze
1477 2914 1686 2967 sociutn
1744 2915 1941 2971 habere
2000 2934 2059 2973 se
2111 2921 2347 2976 inaniter

767 2998 983 3067 jactant
1018 2999 1281 3067 praesides
1313 3003 1528 3056 Ariatne
1563 3004 2005 3064 abominationis.
2041 3028 2058 3060 ι
2096 3010 2195 3067 His
2245 3028 2345 3067 au-

770 3091 922 3151 ditis,
961 3104 1127 3144 senex
1185 3092 1427 3160 quietem
1470 3095 1656 3147 statim
1688 3096 1756 3149 ad
1803 3106 2019 3168 tempus
2048 3104 2346 3172 valereju-

2449 1990 2655 2060 Πέτρου
2704 1989 2921 2059 φωνῆς·
2957 2010 2974 2041 ι
3017 1992 3088 2045 Σὺ
3121 1992 3228 2061 γὰρ
3280 1987 3443 2056 οῒδας,
3491 1991 3647 2061 φησὶ,
3702 1991 3876 2061 Κύριε
3903 2033 3918 2057 ,
3944 1993 4027 2045 δτι

2449 2082 2587 2151 φιλῶ
2618 2100 2699 2146 σε,
2733 2101 2751 2133 ›
2804 2082 3078 2147 ὑπέδειξεν
3122 2084 3267 2154 αὐτῷ
3303 2085 3355 2136 τί
3399 2085 3603 2155 δράσας
3660 2084 3825 2136 πλέον
3861 2082 4027 2135 αὐτὸν

2450 2172 2841 2244 θεραπεύσειεν
2869 2192 2883 2207 ·
2929 2193 2947 2226 ι
2984 2176 3047 2229 Et
3081 2175 3190 2245 γὰρ
3225 2176 3397 2244 φιλεῖς
3430 2193 3517 2247 με,
3562 2178 3694 2245 φησὶ
3716 2218 3729 2237 ,
3767 2176 4026 2244 ποίμαινε

2447 2266 2516 2320 τά
2542 2266 2788 2337 πρόϐατά
2833 2285 2960 2339 μου,
3009 2269 3101 2321 καὶ
3137 2268 3296 2337 βόσκε
3338 2286 3438 2338 μου
3474 2268 3543 2321 τὰ
3592 2268 3774 2338 ἀρνία.
3802 2288 3821 2321 ι
3855 2266 4027 2321 Τοῦτο

2449 2360 2544 2412 καλ⁵
2566 2360 2669 2425 σοὶ,
2689 2354 2734 2413 ὦ
2760 2361 2963 2431 Πάτερ,
2987 2361 3239 2431 ποιητέον
3268 2361 3403 2414 ἐστί.
3434 2361 3743 2414 Κινδυνεύει
3775 2364 3885 2432 γάρ
3920 2362 4027 2415 ύπδ

2449 2448 2630 2502 λύκων
2657 2450 3019 2521 διαφθαρῆναι
3045 2451 3113 2503 τὰ
3146 2452 3388 2521 ποίμνια,
3430 2452 3653 2521 φιλεῖδέ
3684 2451 3823 2505 αύτὰ
3852 2452 3973 2505 λίαν
4001 2455 4028 2504 6

2450 2542 2554 2594 ὑπὸ
2578 2541 2670 2594 σοῦ
2698 2541 2851 2611 φιλού
2860 2560 3019 2612 μενος
3046 2542 3165 2596 λίαν
3190 2543 3349 2597 ’ῐδιον
3367 2544 3421 2596 δὲ
3439 2543 3543 2597 τῶν
3568 2542 3815 2614 ἐρώντων
3839 2545 4027 2596 ἐκεῖνα

2448 2636 2638 2696 ποιεῖν,
2673 2632 2707 2686 ὰ
2735 2634 2861 2696 τοὺς
2905 2634 3216 2703 ἐρωμένους
3260 2635 3543 2703 ἐπιτέρπει
3594 2635 4031 2702 γινόμενα.Ἀλο

2449 2725 2555 2787 λως
2582 2743 2640 2777 τε
2667 2724 2724 2777 δὲ
2753 2728 2847 2778 καὶ
2877 2725 3119 2788 κίνδυνος
3146 2726 3206 2777 οὐ
3248 2725 3500 2795 σμικρὸς,
3540 2727 3633 2779 καὶ
3662 2726 3771 2777 τῶν
3811 2726 4030 2779 πολλῶν

2448 2816 2543 2870 καὶ
2603 2816 2855 2886 μεγάλων
2900 2817 3123 2871 ἐκείνων
3152 2817 3390 2888 ἱδρώτων
3441 2817 3631 2887 ζημία,
3668 2819 3715 2870 εί
3765 2819 4029 2890 ἀνάσχοιο

2451 2911 2573 2978 σιγῇ
2599 2909 2861 2979 προέσθαι
2889 2909 2989 2978 τὴν
3024 2909 3282 2978 ἀλήθειαν
3311 2908 3563 2979 χαλεπῶς
3585 2908 4026 2983 πολεμουμένην,

2446 3000 2573 3059 τοὺς
2626 2998 2680 3051 δὲ
2728 3000 2899 3069 ταύτῃ
2935 2999 3361 3068 προσκειμένους
3390 2999 3810 3069 ἁγρευομένους,
3830 3000 4029 3071 δέλεαρ

2445 3089 2502 3141 δὲ
2532 3088 2638 3141 τῶν
2669 3090 3049 3159 θηρευομένων
3079 3090 3176 3160 τὴν
3209 3090 3305 3159 σὴν
3335 3089 3587 3157 γενέσθαι
3606 3091 3984 3160 προσηγορίαν
4012 3107 4024 3117 ·

773 3182 929 3244 bens,
965 3197 1065 3234 nec
1114 3183 1355 3237 civitatis
1407 3187 1673 3254 strepitus
1704 3187 1807 3241 sibi
1851 3190 2146 3247 inusitatos
2199 3193 2346 3249 refu-

2451 3182 2706 3235 κοινωνὸν
2749 3183 2856 3251 γὰρ
2886 3181 3033 3250 ἔχειν
3082 3198 3140 3233 σε
3191 3182 3292 3251 τῆς
3334 3182 3601 3251 σψετέρας
3630 3182 3953 3246 δυσσεϐείας
3979 3184 4028 3235 οί

776 3272 952 3339 giens,
990 3271 1338 3327 Antiochiam
1387 3274 1670 3344 profectus
1710 3286 1815 3331 est.
1870 3279 2111 3335 Duorum
2164 3293 2345 3340 autem

773 3366 1055 3419 vel-trium
1095 3366 1308 3420 dierum
1342 3365 1536 3422 itinere.
1561 3383 1892 3437 progressus
1927 3373 1978 3424 in
2029 3375 2346 3442 solitudine,

771 3459 938 3505 noctu
970 3454 1117 3507 venit
1151 3454 1204 3507 in
1232 3456 1552 3525 oppidulum
1585 3460 1883 3527 quoddam.
1921 3461 1995 3516 lbi
2034 3464 2189 3520 dives
2224 3483 2348 3521 mu-

772 3543 1025 3608 liercula,
1063 3560 1279 3601 sacrum
1318 3547 1469 3601 illum
1507 3558 1709 3604 emtum
1744 3552 1931 3606 venire
1965 3554 2216 3618 audiens,
2248 3558 2347 3611 ob-

768 3634 914 3686 viam
953 3637 1195 3689 occurrit
1242 3650 1436 3692 eorum
1490 3650 1813 3709 perceptum
1865 3643 2342 3701 benedictionem:

771 3725 1114 3795 genibusque
1158 3730 1477 3796 provoluta,
1516 3735 1728 3799 rogavit
1768 3744 1823 3787 ut
1864 3736 2059 3789 domus
2110 3754 2223 3793 sua:
2264 3740 2347 3793 di-

769 3817 1015 3873 versorio
1076 3824 1387 3872 uterentur.
1449 3820 1628 3875 Cessit
1667 3837 1870 3885 senex.
1929 3829 2145 3883 tametsi
2188 3831 2347 3886 annis

771 3907 1010 3976 amplius
1042 3908 1409 3978 quadraginta
1453 3910 1552 3964 tali
1600 3915 1917 3982 spectaculo
1958 3918 2342 3975 abstinuisset.

772 3994 908 4049 Dum
941 3996 997 4050 in
1021 4006 1338 4052 sanctorum
1372 4000 1617 4055 virorum
1654 4004 1964 4060 ministerio
2002 4008 2346 4067 admirabilis

770 4084 863 4139 illa
891 4086 1086 4140 mulier
1130 4097 1279 4141 esset
1324 4099 1608 4159 occupata,
1645 4097 1815 4161 pucr'
1870 4098 2151 4164 septennis
2203 4100 2345 4157 ﬁlius

771 4177 970 4230 ttnicus
1004 4179 1200 4243 matri,
1227 4195 1349 4248 qua:
1384 4180 1811 4251 hospitalitatem
1849 4183 2026 4240 Sarra:
2060 4196 2143 4241 est
2176 4205 2347 4244 aemu—

772 4267 904 4331 lata,
934 4269 1037 4322 sub
1064 4284 1346 4338 vesperam
1382 4280 1437 4324 et
1467 4274 1721 4328 tenebras
1767 4275 1968 4330 cecidit
2001 4278 2057 4332 in
2095 4286 2342 4349 puteum.

771 4357 851 4410 Ex
890 4374 998 4427 quo
1051 4375 1171 4413 cum
1211 4362 1478 4418 tumultus
1502 4402 1517 4426 ,
1572 4373 1631 4418 ut
1681 4381 1781 4436 par
1818 4375 1959 4432 erat,
1996 4380 2220 4426 exortus
2257 4372 2344 4426 in-

771 4464 908 4518 gens
930 4459 1096 4511 esset,
1127 4458 1319 4515 mater,
1351 4467 1408 4506 re
1430 4456 1673 4521 cognita,
1703 4456 1990 4523 quiescere
2014 4459 2344 4529 omnesjus-

771 4540 867 4604 sit,
902 4540 1110 4609 1133
1147 4547 1420 4611 puteoque
1471 4546 1789 4614 operculum
1840 4548 2114 4617 quoddam
2163 4551 2341 4620 impo-
2372 4532 2422 4591 Ῑ)

772 4642 933 4689 nens,
967 4629 1127 4681 rediit
1148 4630 1214 4682 ad
1245 4631 1632 4687 ministerium.
1684 4632 1872 4689 Mensa
1911 4647 2092 4691 autem
2133 4642 2343 4695 sanctis

771 4718 909 4773 viris
958 4719 1233 4788 apposita,
1269 4721 1486 4777 divinus
1524 4738 1694 4779 senex
1744 4726 1990 4780 mulieris
2028 4728 2199 4782 ﬁlium
2246 4746 2359 4785 vo--

772 4809 888 4860 cari
916 4808 1104 4875 jussit,
1147 4817 1205 4863 ut
1260 4809 1699 4866 benedictionem
1750 4814 2047 4883 acciperet.
2095 4816 2343 4887 Cumque

775 4897 1118 4953 admirabilis
1174 4902 1366 4956 mulier
1420 4903 1562 4959 male
1610 4904 1763 4958 illum
1835 4905 2033 4962 habere
2112 4908 2343 4975 diceret,

778 4989 1014 5055 perstitit
1035 4989 1228 5059 jubere
1263 5001 1323 5046 ut
1348 4992 1666 5049 duceretur.
1699 4995 1806 5052 Ubi
1833 5006 2018 5053 autem
2066 5000 2343 5069 signiﬁca-

775 5076 853 5131 vit
889 5081 1083 5133 mulier
1103 5081 1250 5149 quod
1280 5083 1583 5147 acciderat,
1615 5086 1879 5152 accurrit,
1911 5104 2101 5145 mensa
2133 5091 2341 5159 relicta,

773 5184 943 5224 senex
975 5170 1041 5225 ad
1064 5181 1312 5242 puteum,
1356 5186 1430 5242 et,
1468 5178 1650 5233 ablato
1678 5179 1851 5248 ipsius
1888 5180 2049 5249 jussu
2082 5189 2344 5253 operculo

774 5262 1091 5335 Iuntineque
1143 5268 1343 5334 allato,
1400 5286 1631 5339 puerum
1689 5273 1835 5326 videt
1898 5290 2124 5331 summa:
2189 5296 2343 5348 aquae

775 5351 1123 5417 insidentem,
1148 5371 1458 5439 aquamque
1487 5374 1649 5413 manu
1677 5362 1963 5429 pueriliter
2004 5366 2336 5435 pulsantem,

772 5459 838 5496 ac
890 5461 989 5513 pro
1024 5448 1150 5502 ludo
1195 5464 1259 5504 ac
1306 5451 1433 5517 joco
1498 5451 1787 5506 habentem
1843 5470 2004 5523 quem
2060 5457 2336 5513 interitum

775 5544 1089 5603 putat-ant:
1152 5540 1484 5610 funibusque
1563 5544 1793 5598 astricto
1852 5547 2090 5614 quodam
2158 5560 2206 5603 et
2283 5552 2337 5605 in

775 5633 996 5695 puteum
1054 5630 1334 5696 demisso,
1400 5650 1629 5703 puerum
1686 5644 2042 5695 extraxerunt
2074 5658 2088 5696 :
2120 5642 2213 5712 qui
2268 5643 2337 5701 ad

848 5837 867 5864 ⁸
900 5825 1053 5883 Joan.
1092 5832 1312 5893 19,13.
1392 5839 1437 5870 ι·
1466 5832 1596 5887 ibid.
1630 5833 1712 5900 16,
1746 5834 1835 5889 Π.

2450 3275 2549 3343 τῆς
2601 3275 2812 3344 Ἀρείου
2867 3273 3146 3344 βδελυρίας
3206 3276 3508 3343 προστάται
3563 3274 3955 3327 νεανιεύονται.
4005 3294 4022 3324 ι

2450 3367 2627 3429 Εὐθὺς
2656 3365 2894 3427 ἀκούσας
2927 3367 2954 3419 6
2987 3365 3318 3435 πρεσϐύτης,
3353 3367 3416 3434 τῇ
3453 3365 3547 3434 μὲν
3581 3365 3782 3434 ἡσυχία⁴
3812 3366 4029 3436 χαίρειν

2449 3458 2619 3509 εἰπὼν
2663 3458 2741 3519 είς
2799 3457 3007 3526 καιρὸν,
3042 3456 3151 3509 τῶν
3202 3456 3258 3509 δέ
3306 3457 3597 3509 πολιτικῶν
3643 3456 3893 3526 θορύϐων
3928 3459 4030 3510 ούκ

2449 3548 2759 3616 ἀγωνιάσας
2814 3548 2874 3601 τὸ
2928 3547 3113 3616 ἄηθες,
3161 3547 3254 3599 ἐπὶ
3300 3548 3398 3616 τὴν
3433 3548 3767 3617 Ἀντιόχειαν
3809 3550 4027 3618 ἔτρεχε.

2448 3640 2551 3692 Δύο
2571 3640 2627 3691 δὲ
2658 3641 2750 3691 καὶ
2779 3640 2926 3708 τρεῖς
2958 3638 3222 3700 ἐξανύσας
3244 3637 3330 3690 διὰ
3360 3638 3458 3706 τῆς
3483 3638 3691 3707 ἐρήμου
3724 3638 4028 3706 σταθμοὺς.

2449 3733 2528 3795 εἷς
2560 3748 2612 3782 τι
2660 3730 2855 3799 χωρίον
2896 3730 3132 3799 ἑσπέρας
3192 3730 3603 3797 καταλαϐούσης
3644 3730 3894 3796 ἀφίκετο.
3930 3731 4030 3783 Γύ-

2448 3837 2597 3871 ναιον
2616 3820 2671 3872 δέ
2702 3838 2752 3872 τι
2775 3820 2882 3872 τῶν
2916 3820 3162 3889 εὐπόρων
3191 3819 3281 3871 τὸν
3322 3819 3463 3890 ἱερὸν
3495 3819 3698 3871 ἐκεῖνον
3721 3820 3885 3889 ἥκειν
3920 3838 4027 3872 πυ-

2449 3912 2649 3981 θομένη
2678 3913 2854 3981 χορὸν,
2887 3912 3117 3981 ἔδραμεν
3139 3909 3304 3963 αὐτοῦ
3334 3910 3602 3980 τρυγῆσαι
3624 3910 3721 3977 τὴν
3743 3910 4025 3977 εὐλογίαν⁹

2449 4006 2544 4056 καὶ
2576 4003 2683 4071 πρὸ
2712 4004 2819 4054 τῶν
2852 4002 3026 4055 ποδῶν
3074 4000 3465 4070 καλινδουμένη
3503 4000 3603 4071 τὴν
3644 4000 3823 4053 οἰκίαν
3854 4001 4028 4071 αὐτῆς

2447 4094 2702 4163 γενέσθαι
2734 4091 3078 4161 καταγώγιον
3100 4092 3387 4161 ⁴ἠντιϐόλει.
3417 4086 3573 4156 Εἷξεν
3604 4092 3632 4143 6
3670 4091 4021 4161 πρεσϐύτης·

2449 4187 2541 4239 καλ¹
2567 4185 2737 4238 ταῦτα
2763 4185 3035 4254 πλείοναῆ
3067 4186 3472 4255 τεσσαράκοντα
3506 4184 3599 4253 ἐτη
3630 4182 3729 4252 τῆς
3764 4184 4028 4253 τοιαύτης

2447 4276 2576 4339 θέας
2610 4276 3031 4348 κεχωρισμένος.
3078 4276 3189 4345 Τῆς
3231 4276 3288 4327 δὲ
3334 4274 3643 4343 θαυμασίας
3679 4273 3896 4341 ἐκείνης
3927 4291 4025 4341 γυ-

2447 4367 2631 4430 ναικὸς
2654 4367 2779 4437 περὶ
2804 4367 2899 4436 τὴν
2924 4365 3033 4419 τῶν
3056 4364 3214 4433 ἱερῶν
3244 4365 3465 4417 ἐκείνων
3486 4364 3695 4434 ἀνδρῶν
3720 4364 4027 4433 θεραπείαν

2447 4458 2830 4528 διατριϐούσης
2858 4500 2872 4523 ,
2910 4459 3173 4519 ἑπτάετες
3229 4456 3471 4520 παιδίον,
3516 4452 3576 4510 οὗ
3629 4455 3789 4525 μόνου
3836 4458 4025 4525 μήτηρ

2448 4544 2580 4602 οὖσα
2617 4548 2930 4617 ἐτύγχανεν,
2956 4550 2989 4617 ὴ
3017 4547 3117 4617 τῆς
3149 4546 3366 4617 Σάρρας
3393 4545 3488 4615 τὴν
3516 4544 3817 4613 φιλοξενίαν
3846 4543 4026 4614 ζηλώ-

2448 4655 2609 4701 σασα,
2655 4640 2892 4709 ἑσπέρας
2949 4636 3113 4707 οὕσης
3188 4636 3283 4689 καὶ
3324 4636 3583 4699 σκότους,
3619 4636 3699 4698 εἰς
3728 4634 3788 4687 τὸ
3843 4637 4025 4707 φρέαρ

2446 4730 2736 4783 κατέπεσε.
2782 4729 3025 4805 Θορύϐου
3058 4729 3113 4781 δέ
3148 4730 3279 4798 περὶ
3316 4728 3529 4791 τούτου,
3556 4727 3631 4790 ώς
3662 4728 3833 4791 είκδς,
3874 4744 4025 4795 γενο-

2451 4823 2647 4891 μένου,
2707 4821 3003 4890 αἰσθομένη
3057 4823 3090 4892 ή
3152 4821 3373 4891 μήτηρ,
3422 4820 3651 4890 ⁴ἡσυχίαν
3702 4820 3801 4889 μὲν
3864 4818 4024 4886 ἄγειν

2448 4921 2620 4975 ἅπασι
2666 4916 3119 4987 παρακελεύεται,
3152 4915 3415 4986 κάλυμμα
3490 4914 3545 4967 δέ
3591 4930 3642 4966 τι
3698 4913 3775 4982 τῷ
3820 4913 4023 4983 φρέατι

2449 5013 2717 5074 ἐπιθεῖσα,
2752 5010 2850 5079 τῆς
2876 5009 3144 5071 διακονίας
3182 5008 3377 5077 εἴχετο.
3397 5007 3507 5076 Τῆς
3532 5007 3587 5059 δέ
3608 5005 3885 5075 τραπέζης
3908 5007 4024 5066 τοῖς

2444 5104 2610 5165 θείοις
2635 5102 2858 5172 ἀνδράσι
2884 5099 3306 5169 παρατεθείσης,
3334 5101 3362 5152 6
3390 5098 3528 5159 θεῖος
3560 5095 3866 5166 πρεσϐύτης
3892 5096 4022 5147 ἐκέ-

2440 5194 2599 5245 λευσε
2628 5192 2685 5244 τὸ
2713 5192 2814 5258 τῆς
2854 5189 3108 5256 γυναικὸς
3149 5186 3501 5257 είσκληθῆναι
3530 5184 3758 5248 παιδίον,
3792 5183 3884 5235 καὶ
3919 5182 4022 5251 τῆς

2442 5283 2693 5349 εὐλογίας
2739 5282 3079 5351 μεταλαχείν.
3137 5278 3251 5348 Τῆς
3305 5277 3362 5330 δὲ
3418 5274 3722 5345 θαυμασίας
3759 5272 4021 5339 γυναικὸς

2444 5373 2727 5443 ἀρρωστία
2762 5371 3085 5441 κατέχεσθαι
3115 5368 3398 5438 λεγούσης,
3434 5367 3696 5437 ἐπέμενεν
3731 5363 4016 5432 ἐνεχθῆναι

2444 5464 2600 5517 τοῦτο
2632 5465 2971 5533 παρεγγυῶν.
3005 5464 3162 5525 Ὠςδὲ
3188 5462 3248 5514 τδ
3269 5461 3486 5530 πάθοςή
3508 5460 3692 5529 μήτηρ
3724 5454 4016 5524 ἐγνώρισε,

2444 5557 2847 5627 καταλιμπάνει
2872 5556 2969 5626 μὲν
3011 5556 3111 5625 τὴν
3154 5552 3432 5626 τράπεζαν
3458 5555 3485 5605 6
3511 5548 3841 5621 πρεσϐύτης,

2444 5649 2500 5704 δὲ
2526 5647 2587 5704 τδ
2613 5648 2787 5720 φρέαρ
2815 5645 3057 5718 δραμὼν,
3090 5647 3184 5705 καὶ
3210 5645 3272 5701 τὸ
3310 5644 3409 5716 μὲν
3449 5642 3710 5713 κάλυμμα
3734 5654 4019 5712 περιαιρεο
