4206 6456
789 384 925 451 13‘23

1740 388 2226 449 THEODUREH
2268 389 2604 450 El’lSCOPI
2642 388 3007 450 (IYRENSIS

3930 389 4063 452 132’.

791 496 906 560 pale
932 511 1133 548 munus
1182 503 1301 549 erat
1334 502 1647 557 assecutus,
1682 492 1982 550 falsitatem
2019 498 2227 550 acriter
2273 498 2367 550 dt!’

2482 497 2639 550 τικῶν
2705 496 3003 565 ἐκκλησίαν
3068 496 3464 565 εἰσφρήσαντα,
3532 498 3625 548 καὶ
3689 500 4062 572 ἐπισκοπικὴς

787 586 1029 649 tendere,
1057 594 1110 639 et
1146 583 1395 655 improbo
1427 587 1661 642 artificio
1689 588 1976 642 veritatem
2020 603 2364 659 Oppugnare.

789 699 804 727 ι
848 678 1264 748 Veremurquc,
1316 680 1561 742 aiebant,
1611 696 1678 735 ne
1716 678 1974 734 facundia
2026 679 2179 734 velut
2243 695 2369 733 esca

793 772 1030 840 quadam
1077 773 1280 826 falsum
1336 782 1546 844 tegens,
1597 782 1652 826 et
1700 772 2146 843 syllogismorum
2198 789 2371 827 nexus

788 874 1053 932 tanquam
1121 865 1261 919 retia
1325 866 1693 934 expandeus,
1748 864 2114 933 simpliciores
2168 867 2371 921 ninltos

784 956 1050 1024 implicet.
1080 977 1096 1008 ι
1142 956 1255 1011 llac
1310 957 1459 1011 enim
1495 958 1562 1014 de
1593 973 1759 1012 causa
1812 958 1882 1011 ab
1912 958 2247 1013 adversariis
2281 975 2372 1011 ac-

785 1047 932 1101 citus
988 1056 1087 1101 est.
1129 1048 1205 1100 Ad
1238 1063 1380 1116 quos
1416 1063 1579 1102 senex
1618 1067 1631 1102 :
1671 1067 1688 1099 ι
1713 1047 1886 1113 Βοηο,
1930 1048 2141 1118 inquit,
2188 1048 2371 1101 animo

787 1147 987 1201 estote,
1042 1148 1094 1192 ct
1132 1137 1241 1193 Deo
1293 1140 1583 1193 nobiscum
1634 1140 1967 1208 supplicate,
2010 1138 2284 1208 jejunium
2317 1147 2371 1192 et

787 1231 1141 1285 amictionein
1200 1232 1455 1301 precibus
1491 1231 1872 1302 adjungentes.
1904 1249 1920 1281 ι
1958 1230 2094 1284 Dum
2128 1240 2290 1284 orant
2316 1232 2367 1283 in

789 1323 933 1376 hunc
988 1324 1232 1385 modum,
1268 1322 1445 1392 pridie
1500 1324 1623 1377 festi
1679 1325 1828 1380 illitts
1883 1323 2012 1384 diei.
2064 1340 2174 1393 quo
2206 1324 2367 1377 verba

791 1422 1037 1466 tacturus
1075 1421 1194 1465 erat
1244 1412 1509 1468 defensor
1540 1422 1595 1467 et
1634 1414 1811 1469 hostis
1848 1416 2120 1477 veritatis,
2181 1414 2368 1467 divina

789 1506 943 1574 plaga
998 1520 1297 1573 percussus
1341 1515 1445 1571 ρει,
1478 1516 1530 1558 et
1574 1520 1696 1557 cum
1753 1520 1920 1558 unum
1960 1511 2171 1557 tantum
2224 1504 2367 1558 diem

788 1606 1139 1666 :egrotasset,
1173 1611 1202 1650 e
1238 1595 1377 1650 vivis
1423 1596 1695 1660 excessit,
1735 1610 1924 1649 vocem
1968 1596 2115 1648 illam
2161 1594 2371 1648 scilicet

786 1690 1059 1743 audiens:
1093 1708 1110 1740 ‹
1136 1690 1334 1751 Stulte,
1368 1688 1471 1741 hac
1502 1697 1666 1741 nocte
1704 1698 1960 1757 repetunt
1985 1696 2090 1742 ate
2126 1688 2367 1742 animam

796 1792 944 1833 tuam
977 1798 988 1831 :
1018 1794 1141 1849 qua:
1173 1787 1352 1833 atttcm
1414 1780 1558 1833 mala
1595 1781 1822 1849 parasti,
1860 1781 1995 1833 retia
2036 1788 2091 1833 et
2147 1781 2371 1848 laqueos

2475 585 2817 659 λειτουργίας
2844 585 3167 650 ἀξιωθέντα,
3189 585 3375 649 δεινῶς
3405 586 3481 656 τῷ
3500 587 3684 655 ψεύδει
3716 595 4060 662 συνηγορεῖν,

2475 679 2568 731 καὶ
2603 676 2928 747 κὰκοτεχνίᾳ.
2961 675 3101 728 κατά
3129 676 3229 747 τῆς
3259 675 3517 746 ἀληθείας
3540 679 3840 749 κεχρῆσθαι
3863 699 3877 711 ·
3905 702 3924 732 ι
3956 684 4063 735 Καὶ

2472 770 2811 839 δεδοίκαμεν,
2868 768 3073 836 ἔλεγον,
3142 769 3216 838 μὴ
3264 764 3376 821 οἷόν
3441 786 3547 822 τινι
3596 770 3934 841 δελεάσματι
3992 776 4056 840 τῇ

2474 859 2776 930 εὐγλωττίᾳ
2804 858 2862 911 τὸ
2891 857 3089 927 ψεῦδος
3114 858 3491 929 συγκαλύψας,
3523 857 3619 914 καὶ
3646 863 3741 925 τὰς
3773 863 3885 917 τῶν
3916 864 4062 931 λογι-

2477 954 2631 1023 σμῶν
2659 952 2864 1015 πλοκὰς
2888 946 3001 1005 οἷόν
3024 969 3146 1005 τινα
3179 952 3372 1005 δίκτυα
3401 953 3665 1018 πετάσας,
3696 955 3930 1020 πολλοὺς
3957 959 4061 1009 τῶν

2475 1044 2744 1114 ἁπλότητι
2776 1042 3155 1113 συνεζηκότων
3187 1043 3453 1116 ἁγρεύση.
3479 1063 3497 1095 ι
3531 1045 3736 1098 Τούτου
3756 1047 3865 1117 γὰρ
3898 1049 4060 1116 χάριν

2477 1122 2871 1204 μετάπεμπτος
2933 1134 3037 1188 ὑπὸ
3071 1134 3179 1188 τῶν
3214 1137 3473 1189 ἐναντίων
3517 1138 3830 1208 γεγένηται.
3898 1140 3958 1193 Ὀ
4004 1140 4063 1191 δὲ

2475 1224 2825 1295 πρεσϐύτης·
2897 1228 3218 1295 «θαρσεῖτε,
3270 1227 3397 1296 ἔφη,
3452 1228 3546 1281 καὶ
3608 1229 3728 1298 μεθ’
3768 1231 3929 1300 ήμῶν
3976 1233 4065 1283 τὸν

2472 1318 2605 1371 Θεὸν
2644 1318 2981 1383 ἱκετεύσατε,
3023 1320 3279 1388 νηστείαν
3318 1322 3413 1373 καὶ
3447 1322 3747 1391 κακουχίαν
3775 1326 3840 1394 τῇ
3878 1342 4059 1394 προσ-

2472 1412 2604 1480 ευχῇ
2659 1409 3063 1480 προστιθέντες.
3109 1432 3126 1462 ι
3164 1411 3323 1464 Οῦτω
3352 1414 3558 1467 τούτων
3603 1415 3694 1467 τὸν
3731 1415 3862 1469 Θεὸν
3911 1418 4067 1470 ἀντι-

2473 1498 2795 1562 ϐολούντων,
2839 1498 2945 1569 πρὸ
2983 1501 3111 1569 μιᾶς
3140 1502 3241 1570 τῆς
3273 1502 3631 1574 πανηγύρεως
3669 1507 3909 1577 ἡμέρας,
3944 1509 4066 1561 καθ’

2474 1590 2538 1660 ἣν
2572 1591 2762 1660 ἔμελλε
2810 1592 2935 1654 τοὺς
2984 1592 3176 1660 λόγους
3230 1596 3551 1665 ποιήσεσθαι
3596 1599 3625 1650 ὁ
3676 1597 3771 1651 τοῦ
3828 1600 4068 1669 ψεύδους

2474 1687 2794 1754 συνήγορος,
2862 1685 2957 1736 καὶ
3011 1684 3111 1752 τῆς
3166 1684 3425 1756 ἀληθείας
3462 1688 3743 1759 πολέμιος,
3795 1691 4065 1763 θεήλατον

2472 1773 2688 1837 ἐδέξατο
2740 1772 2837 1844 τὴν
2895 1772 3127 1845 πληγήν,
3184 1776 3277 1828 καὶ
3320 1776 3449 1845 μίαν
3489 1778 3657 1848 μόνην
3699 1780 4068 1851 ἀρρωστήσας

787 1872 887 1926 tibi
937 1879 1127 1935 erunt,
1161 1879 1215 1924 et
1250 1887 1360 1925 non
1410 1871 1503 1923 alii
1526 1882 1573 1924 α.
1602 1891 1619 1921 ι
1667 1869 1868 1923 Eadem
1903 1873 1919 1891 ‘
1954 1870 2137 1939 itaque
2173 1886 2369 1939 passus

2482 1868 2703 1937 ἡμέραν,
2776 1864 2879 1928 ἔξω
2923 1864 3016 1917 τοῦ
3070 1866 3370 1936 καταλόγου
3405 1870 3512 1922 τῶν
3555 1868 3775 1933 ζώντων
3818 1873 4064 1940 ἐγένετο,

786 1971 869 2017 est
895 1971 1016 2032 qua:
1044 1962 1282 2027 Balaam,
1321 1962 1415 2032 qui
1449 1971 1503 2016 et
1538 1961 1657 2032 ipse
1684 1961 1953 2016 adversus
1982 1960 2077 2016 Dei
2108 1966 2368 2033 populum

787 2056 1114 2120 accersitus,
1164 2062 1359 2109 contra
1408 2056 1563 2108 illum
1614 2054 1778 2123 impia
1831 2054 2078 2123 quaedam
2138 2056 2370 2109 consilia

786 2146 986 2200 Balaco
1013 2162 1137 2199 cum
1170 2147 1437 2210 dedisset,
1468 2145 1769 2201 Israelitica
1802 2145 1993 2200 dextra
2045 2162 2223 2200 caesus
2256 2161 2372 2216 pte-

790 2256 889 2293 nas
916 2238 1088 2293 dedit.
1118 2237 1210 2293 Sic
1241 2253 1370 2307 ergo
1403 2238 1509 2292 iste
1540 2239 1595 2291 in
1640 2236 1733 2291 Dei
1766 2238 2030 2307 populum
2057 2254 2223 2308 prava
2259 2255 2375 2290 tne-

788 2333 1024 2391 ditatus,
1080 2331 1190 2383 vita
1240 2344 1335 2399 per
1367 2328 1461 2383 Dei
1494 2330 1761 2399 populum
1806 2330 2054 2399 privatus
2106 2338 2211 2384 cst.
2263 2327 2376 2383 Iloc

793 2433 976 2477 autem
1007 2421 1223 2491 1136
1262 2421 1589 2475 beneficium
1616 2436 1712 2490 per
1739 2421 1901 2489 hujus
1927 2420 2373 2475 intercessionem

789 2516 968 2585 Cyrus
999 2514 1235 2582 accepit.
1270 2511 1400 2566 ΜΗιὶ
1448 2526 1579 2566 vero
1627 2513 1734 2566 ista
1780 2529 1902 2581 qua:
1955 2514 2199 2575 narravi,
2236 2513 2378 2566 divi-

792 2624 921 2659 num
958 2606 1089 2659 illud
1117 2614 1307 2676 caput,
1341 2620 1573 2675 magnus
1621 2606 1851 2659 tradidit
1877 2605 2141 2666 Aeacius,
2174 2608 2265 2676 qni
2293 2622 2379 2662 res

791 2700 913 2768 ejus
939 2714 1132 2753 omnes
1164 2706 1425 2754 accurate
1455 2707 1708 2753 noverat.
1740 2698 1893 2752 Illinc
1914 2713 2046 2769 ergo
2070 2700 2376 2769 digreSsus,

793 2792 857 2844 ad
879 2790 1098 2845 sodales
1123 2805 1255 2845 suos
1288 2805 1413 2844 cum
1439 2791 1803 2859 pervenisset,
1838 2799 2003 2860 atque
2025 2806 2133 2845 una
2156 2805 2280 2843 cum
2299 2792 2379 2844 eis

796 2897 902 2935 non
935 2884 1136 2952 exiguo
1170 2892 1418 2953 tempore
1449 2889 1705 2935 versatus
1742 2893 1907 2944 esset,
1938 2881 2005 2935 ad
2035 2882 2198 2935 vitam
2235 2884 2377 2938 senii

795 2987 859 3026 ac
890 2973 1157 3027 molestia:
1186 2980 1468 3041 expertem
1521 2971 1777 3026 alacriter
1811 2972 2085 3041 migravit,
2118 2974 2378 3043 impassi-

797 3062 1067 3118 bilitatcm
1102 3061 1156 3115 in
1192 3061 1411 3115 mortali
1439 3070 1637 3115 natura
1680 3070 2063 3127 consectatus,
2095 3066 2378 3133 corporis-

793 3170 901 3223 que
929 3154 1397 3229 immortalitatcm
1427 3162 1780 3223 exspectans.
1810 3155 1879 3207 At
1907 3169 2006 3224 ego
2033 3170 2165 3210 mea:
2196 3156 2261 3209 de
2288 3157 2379 3209 illo

796 3243 1144 3296 narrationis
1200 3242 1361 3296 finetn
1397 3242 1485 3296 hic
1516 3242 1751 3305 faciens,
1786 3241 1855 3295 ad
1910 3245 2077 3297 alium
2134 3261 2375 3314 pergam,

797 3343 1022 3405 sanctos
1038 3349 1205 3387 orans
1228 3349 1369 3402 quos
1395 3335 1847 3397 commemoravi,
1877 3335 2007 3388 mihi
2030 3345 2088 3389 ut
2112 3352 2205 3405 per
2223 3354 2378 3392 suam

798 3426 1253 3481 intercessionem
1275 3440 1570 3495 supernam
1596 3426 2035 3481 benevolentiam
2061 3428 2379 3486 concilient.

2475 1960 2687 2031 ἐκείνης
2727 1959 2960 2027 ἀκούων,
3014 1961 3089 2023 ὡς
3146 1959 3316 2024 είκὸς,
3362 1960 3463 2029 τῆς
3514 1963 3732 2031 φωνῆς·
3792 1964 4066 2033 «Ἀφρον,

2474 2051 2645 2123 ταύτῃ
2679 2054 2742 2121 τῇ
2774 2053 2927 2103 νυκτὶ
2968 2051 3260 2105 ἀπαιτοῦσι
3291 2053 3388 2121 τήν
3420 2052 3598 2122 ψυχήν
3646 2069 3738 2105 σου
3784 2054 3893 2107 ἀπὸ
3930 2054 4026 2106 σοῦ
4052 2070 4066 2083 ·

2474 2143 2510 2197 ἃ
2540 2143 2595 2195 δὲ
2630 2144 2934 2212 ἡτοίμασας
2960 2144 3126 2209 κακὰ,
3174 2144 3367 2197 δίκτυα
3410 2163 3467 2197 τε
3505 2146 3597 2198 καὶ
3629 2147 3944 2215 πανάγρας,
3980 2147 4062 2198 σοι

2477 2237 2628 2289 ἔσται
2660 2237 2753 2288 καὶ
2805 2236 2901 2305 οὐχ
2954 2238 3148 2307 ἑτέρῳ.
3178 2256 3195 2287 ι
3242 2237 3427 2290 Ταύτά
3469 2238 3526 2290 δὲ
3581 2238 3818 2291 πέπονθε
3864 2241 3962 2292 καὶ
3990 2238 4066 2307 τῷ

2477 2329 2729 2400 Βαλαὰμ,
2763 2329 2822 2391 ὃς
2861 2329 3219 2399 μετεπέμφθη
3259 2329 3357 2398 μὲν
3409 2329 3503 2382 καὶ
3558 2330 3720 2392 αὐτὸς
3777 2328 3921 2382 κατὰ
3975 2328 4068 2381 τοῦ

2478 2422 2626 2475 θείου
2657 2422 2816 2473 λαοῦ’
2866 2422 3051 2473 ἀνόσια
3106 2421 3160 2473 δὲ
3201 2422 3323 2473 κατ’
3364 2421 3528 2474 αὑτοῦ
3562 2420 3640 2490 τῷ
3680 2421 3870 2474 Βαλὰκ
3926 2438 4068 2490 συμ-

2480 2515 2799 2577 ϐουλεύσας,
2832 2514 2995 2566 αὑτοῦ
3026 2514 3227 2567 δέδωκε
3256 2514 3433 2585 δίκην,
3482 2515 3587 2567 ὑπὸ
3633 2513 3813 2578 δεξιᾶς
3853 2516 4071 2585 Ἰσραη-

2478 2606 2691 2675 λιτικῆς
2721 2606 3013 2674 δεξάμενος
3071 2604 3169 2676 τὴν
3224 2607 3459 2675 σφαγήν.
3518 2606 3627 2658 Καὶ
3674 2601 3831 2668 οῦτος
3864 2610 4068 2669 τοίνυν,

2482 2698 2670 2766 ἐπειδὴ
2725 2700 2818 2750 ἐπὶ
2852 2697 2942 2750 τὸν
2986 2696 3114 2750 λαὸν
3164 2697 3259 2749 τοῦ
3300 2695 3436 2750 Θεοῦ
3483 2698 4072 2767 κατεπανουργεύσατο

2479 2789 2726 2860 γνώμην,
2770 2788 2858 2841 διὰ
2908 2788 3002 2839 τοῦ
3038 2788 3167 2840 λαοῦ
3203 2788 3296 2840 τοῦ
3329 2788 3464 2841 Θεοῦ
3497 2788 3594 2858 τὴν
3622 2789 3767 2859 ζωὴν
3789 2789 4069 2860 ἀφῃρέθη.

2480 2882 2698 2950 Ταύτης
2733 2880 2788 2932 δὲ
2815 2879 2915 2945 τῆς
2954 2880 3224 2949 σωτηρίας
3255 2879 3344 2932 διὰ
3381 2879 3480 2947 τῆς
3511 2878 3703 2931 τούτου
3744 2879 4063 2948 προσευχῆς

2480 2974 2511 3041 ή
2543 2971 2723 3041 Κῦρος
2761 2971 3086 3023 ἀπέλαυσεν.
3138 2970 3293 3040 Ἐμοὶ
3344 2970 3400 3023 δὲ
3442 2970 3510 3023 τὰ
3541 2971 3856 3041 διηγήματα
3886 2974 3921 3036 ἡ
3953 2971 4073 3023 θεία

2482 3065 2692 3134 κεφαλὴ
2750 3065 2778 3115 ὁ
2834 3064 3005 3134 μέγας
3073 3063 3323 3127 ’Λκάκιος
3388 3064 3747 3133 παρέδωκεν,
3824 3062 4073 3132 ἀκριϐῶς

2486 3157 2701 3210 ἅπαντα
2738 3156 2804 3208 τά
2836 3157 2954 3207 κατ’
3004 3156 3167 3208 αὐτὸν
3218 3156 3598 3225 ἐπιστάμενος.
3650 3156 3843 3209 Ἔνθεν
3890 3157 4074 3209 τοίνυν

2487 3248 2880 3317 ἀποδημήσας,
2940 3249 3032 3299 καὶ
3089 3248 3216 3310 τοὺς
3267 3246 3537 3311 θιασώτας
3568 3247 3919 3310 καταλαϐὼν,
3982 3252 4074 3301 καὶ

2487 3340 2676 3409 χρόνον
2704 3338 2885 3391 αὐτοῖς
2907 3339 3006 3391 οῦκ
3034 3338 3213 3406 ὀλίγον
3238 3337 3641 3408 συνδιατρίψας,
3666 3340 3743 3400 είς
3764 3337 3856 3390 τὸν
3879 3338 4075 3408 ἀγήρω

2491 3433 2585 3486 καὶ
2616 3431 2816 3486 ἀλυπον
2853 3430 2968 3500 βίον
3001 3429 3299 3501 προθύμως
3329 3429 3447 3483 λίαν
3481 3428 3735 3500 μετέστη,
3766 3430 4074 3502 μελετήσας

800 3520 897 3587 μὲν
918 3522 976 3571 ὲν
1001 3518 1167 3589 θνητῇ
1187 3521 1345 3589 φύσει
1369 3520 1465 3590 τήν
1489 3519 1781 3588 ἀπάθειαν,
1810 3522 1908 3592 τήν
1931 3523 1988 3574 δὲ
2038 3523 2131 3575 τοῦ
2197 3524 2448 3596 σώματος
2486 3528 2788 3582 ἀθανασίαν
2832 3526 3140 3598 ἀναμένων.
3197 3524 3341 3593 Ἐγὼ
3393 3524 3449 3576 δὲ
3518 3524 3755 3582 ἐνταῦθα
3801 3526 3899 3577 τὸν
3949 3529 4075 3596 περὶ

797 3609 951 3663 τοῦδε
1002 3611 1097 3664 τοῦ
1150 3612 1485 3684 διηγήματος
1539 3613 1742 3683 στήσας
1799 3613 1989 3681 λόγον,
2053 3617 2138 3684 ἐφ’
2191 3616 2378 3687 ἕτερον
2419 3620 2733 3692 βαδιοῦμαι,
2789 3620 2915 3683 τοὺς
2966 3619 3375 3691 ὲμφερομὲνους
3403 3617 3479 3687 τῷ
3516 3618 3819 3688 διηγήματι
3883 3619 4075 3685 ἁγίους

800 3701 1116 3767 ἀντιϐολῶν,
1148 3703 1478 3775 προξενῆσαί
1526 3720 1616 3775 μοι
1654 3707 1755 3775 τὴν
1789 3706 1995 3761 ἀνωθεν
2033 3707 2119 3761 διὰ
2170 3711 2466 3782 πρεσϐείας
2504 3716 2811 3786 εὐμένειαν.

1225 3842 1376 3897 CAP.
1410 3842 1495 3895 Ill.
1530 3843 1953 3901 MARCIANUS.

878 3957 1216 4011 Marcianum
1246 3973 1377 4013 vero
1408 3959 1834 4014 celeberrimum
1862 3963 2144 4032 quomodo
2176 3980 2275 4035 pro
2300 3967 2385 4021 di-

805 4050 1021 4120 gnitate
1051 4048 1457 4103 laudabimus?
1489 4064 1556 4103 an
1606 4050 1757 4104 illum
1800 4053 2057 4108 videlicet
2085 4070 2208 4108 cum
2243 4055 2381 4123 Elia,

802 4150 856 4195 et
882 4156 1004 4195 cum
1032 4138 1262 4203 Joanne,
1282 4156 1345 4194 ac
1367 4140 1641 4209 similibus
1669 4154 2058 4213 comparantes
2079 4146 2129 4210 δ,
2156 4148 2246 4215 qui
2280 4148 2389 4200 cir-

804 4233 1035 4285 euibant
1071 4233 1125 4285 in
1182 4232 1421 4298 melotis,
1447 4241 1501 4285 et
1531 4233 1767 4302 pellibus
1818 4237 2086 4306 caprinis,
2138 4249 2385 4307 egentes,

806 4322 1011 4382 amicti,
1037 4322 1239 4387 vexati,
1261 4322 1462 4390 quibus
1487 4323 1686 4393 dignus
1713 4340 1824 4379 non
1842 4336 1959 4381 erat
1989 4327 2077 4380 Itic
2105 4328 2385 4384 mundus:

804 4424 1054 4469 errantes
1092 4415 1143 4467 in
1176 4414 1589 4479 solitudinibus,
1626 4425 1681 4470 et
1729 4419 2035 4483 montibus,
2070 4428 2123 4472 et
2155 4421 2382 4489 spelun-

2972 3854 3023 3906 I"
3046 3882 3117 3892 —
3136 3850 3567 3905 ΜΑΡΚΙΑΝΟΣ.

2554 3966 2873 4039 Μαρκιανόν
2903 3967 2959 4019 δὲ
2992 3966 3084 4019 τὸν
3122 3964 3262 4018 πάνυ
3296 3963 3414 4026 πῶς
3448 3962 3515 4015 ἂν
3540 3960 3707 4027 ἀξίως
3756 3959 4075 4030 Θαυμάσαι-

2489 4078 2587 4131 μεν
2617 4079 2631 4126 ;
2663 4060 2695 4130 ἢ
2727 4059 2884 4129 δῆλον
2918 4059 3000 4111 ὅτι
3045 4056 3202 4128 Ἠλία
3231 4056 3326 4108 καὶ
3369 4053 3611 4121 Ἰωάννῃ,
3666 4051 3759 4102 καὶ
3800 4053 3920 4114 τοῖς
3954 4054 4073 4103 κατ’

2488 4153 2729 4215 ἐκείνους
2761 4151 3166 4214 συντάττοντες,
3187 4148 3236 4200 οἳ
3273 4145 3565 4217 περιῆλθον
3594 4146 3651 4198 ἐν
3688 4143 3990 4214 μηλωταῖς,
4021 4146 4078 4196 ἐν

2489 4245 2715 4313 αἰγείοις
2738 4245 3026 4315 δέρμασιν,
3064 4241 3475 4310 ὑστερούμενοι,
3502 4236 3833 4303 θλιϐόμενοι,
3864 4254 4075 4290 ιιιακου⁹

2490 4336 2767 4406 χούμενοι,
2806 4328 2880 4388 ὧν
2917 4336 3016 4387 οὑκ
3053 4330 3120 4405 ἦν
3153 4333 3304 4399 ἄξιος
3333 4332 3361 4384 ὸ
3387 4331 3590 4400 κόσμος
3620 4323 3797 4393 οὗτος,
3854 4331 3915 4380 ἔν
3946 4331 4078 4399 ἐρη-

2492 4425 2644 4495 μίαις
2687 4425 3055 4494 πλανώμενοι,
3125 4423 3219 4476 καὶ
3264 4422 3436 4491 ὄρεσι,
3480 4420 3574 4473 καὶ
3633 4416 3949 4486 σπηλαίοις,
3983 4421 4079 4471 καὶ

805 4509 909 4572 cis,
942 4516 998 4560 et
1051 4506 1424 4561 foraminibus
1484 4515 1645 4562 terra:
1675 4508 1697 4562 ?
1722 4508 1769 4563 Is
1801 4510 1947 4564 enim
1990 4513 2221 4580 patriam
2256 4514 2377 4566 olim

2492 4520 2613 4581 ταῖς
2646 4518 2809 4581 ὀπαῖς
2838 4517 2935 4586 τῆς
2960 4518 3095 4586 γῆςς
3124 4509 3291 4578 Οὗτος
3324 4513 3433 4583 γὰρ
3473 4510 3714 4582 πατρίδα
3762 4509 3935 4562 πάλαι
3979 4512 4079 4579 μὲν

805 4599 1027 4669 quidem
1084 4598 1278 4652 habuit
1335 4599 1564 4669 Cyrum,
1621 4600 1785 4670 cujus
1827 4611 1985 4657 antea
2016 4603 2391 4669 meminimus,

810 4702 996 4761 postea
1025 4706 1155 4745 vero
1185 4691 1538 4745 solitudinem
1572 4711 1584 4747 :
1623 4692 1723 4746 bac
1752 4702 1936 4750 autem
1969 4706 2022 4749 et
2053 4694 2143 4747 illa
2180 4696 2391 4760 relicta,

808 4784 1007 4836 cmlum
1038 4798 1182 4836 nunc
1215 4782 1398 4836 liabet.
1426 4780 1491 4835 Et
1516 4782 1605 4836 illa
1630 4783 1851 4853 quidem
1880 4799 2005 4837 cum
2044 4785 2255 4853 genuit,
2282 4785 2395 4839 liarc

2493 4607 2616 4680 ἔσχε
2645 4610 2745 4681 τὴν
2770 4608 2972 4680 Κῦρον,
3006 4602 3075 4679 ἦς
3104 4607 3198 4659 καὶ
3226 4605 3460 4677 πρόσθεν
3489 4603 3787 4679 ἐμνήσθην,
3848 4604 3992 4673 μετά
4022 4603 4077 4654 δὲ

2490 4702 2665 4757 ταῦτα
2698 4701 2797 4773 τὴν
2830 4701 3057 4771 ἔρημον,
3100 4698 3193 4750 καὶ
3220 4696 3427 4765 ταύτην
3456 4694 3514 4749 δὲ
3550 4695 3811 4764 κάκείνην
3845 4694 4078 4747 καταλι-

2492 4793 2631 4856 πὼν,
2661 4791 2757 4844 νῦν
2785 4792 2897 4859 ἔχει
2929 4791 3022 4842 τὸν
3047 4789 3294 4859 οὐρανόν.
3342 4786 3453 4841 Καὶ
3500 4788 3532 4857 ἠ
3568 4786 3666 4856 μὲν
3707 4784 3868 4837 αὑτὸν
3927 4786 4077 4851 ἐγέν-

808 4890 938 4929 vero
973 4875 1130 4937 aluit,
1158 4875 1535 4944 victoremque
1556 4874 1758 4940 effecit,
1788 4876 1987 4930 caelum
2021 4885 2207 4929 autem
2244 4892 2377 4932 coro

2500 4902 2685 4957 νησεν,
2732 4882 2853 4953 ἠδὲ
2886 4881 3083 4952 ἔθρεψε
3137 4880 3229 4933 καὶ
3271 4879 3565 4949 νικηφόρον
3608 4877 3879 4945 ἀπέφηνε,
3942 4878 3973 4927 ὁ
4025 4876 4078 4926 δὲ

810 4977 999 5021 natum
1034 4968 1267 5035 excepit.
1300 4966 1628 5037 Contempla
1670 4968 1815 5022 enim
1863 4970 2117 5023 claritate
2144 4972 2391 5039 generis,

810 5057 954 5124 quod
988 5072 1015 5108 a
1044 5057 1291 5125 patriciis
1340 5055 1598 5122 ducebat,
1646 5066 1699 5112 et
1733 5058 2025 5127 splendore
2086 5061 2299 5130 palatii,
2339 5062 2391 5115 in

812 5164 923 5218 quo
952 5150 1284 5217 proceritate
1314 5148 1567 5217 corporis
1600 5158 1654 5203 et
1687 5148 1863 5203 forma
1910 5150 2153 5208 donatus
2190 5154 2258 5208 ab
2292 5170 2390 5208 au-

821 5251 973 5294 ctore
1004 5248 1237 5303 naturae,
1283 5240 1564 5309 animique
1611 5242 1903 5311 prudentia
1963 5244 2174 5313 pollens
2231 5245 2393 5301 ﬂore-

814 5334 924 5396 bat,
951 5334 1004 5386 in
1028 5330 1195 5385 Deum
1214 5338 1266 5386 et
1284 5331 1603 5387 resdivinas
1623 5341 1796 5388 totum
1823 5350 2067 5389 amorem
2109 5340 2392 5393 transtulit

815 5438 889 5491 et,
920 5424 1182 5481 omnibus
1213 5425 1393 5481 valere
1416 5424 1615 5494 jussis,
1642 5426 1851 5480 medias
1886 5427 2095 5498 1137
2134 5430 2390 5484 solitudi-

819 5535 916 5573 nes
976 5517 1131 5578 adiit,
1195 5532 1489 5599 parvaque
1532 5526 1817 5573 exstructa
1875 5521 2210 5575 domuncula
2269 5540 2390 5593 qua:

814 5625 1016 5680 corpus
1036 5609 1156 5677 cjus
1180 5610 1268 5662 vix
1291 5620 1551 5680 mquaret,
1582 5612 1889 5680 eademque
1919 5627 2088 5679 parvo
2146 5615 2383 5683 quodam

901 5795 922 5822 α
956 5783 1081 5846 Luc.
1116 5805 1214 5858 xu,
1245 5789 1335 5845 20.
1412 5789 1441 5830 δ
1475 5786 1637 5843 Hebr.
1678 5787 1862 5856 “.37,
1891 5788 1981 5843 38.

2493 4975 2817 5045 στεφανίτην
2858 4972 3093 5037 ἐδέξατο.
3136 4972 3247 5040 Τῆς
3285 4970 3394 5040 γὰρ
3437 4968 3527 5021 τοῦ
3568 4968 3756 5033 γένους
3794 4982 4079 5033 καταφρο-

2490 5065 2661 5136 νήσας
2701 5063 3096 5135 περιφανείας,
3137 5061 3197 5127 ὲξ
3243 5058 3581 5130 εὐπατριδῶν
3626 5057 3735 5127 γὰρ
3779 5058 4079 5126 κατήγετο,

2491 5158 2586 5210 καὶ
2614 5156 2714 5225 τῆς
2746 5159 2803 5209 ὲν
2840 5153 3131 5224 βασιλείοις
3174 5150 3579 5222 λαμπρότητος,
3616 5152 3673 5201 ἰν
3707 5147 3942 5208 ἐκείνοις
3972 5149 4075 5213 γὰρ

2492 5250 2664 5321 ήνθει,
2701 5246 2930 5317 μέγεθος
2980 5244 3231 5315 σώματος
3260 5243 3354 5297 καὶ
3385 5241 3581 5304 κάλλος
3623 5240 3774 5310 παρὰ
3820 5238 3917 5291 τοῦ
3972 5244 4080 5302 Δη-

2502 5338 2765 5412 μιουργοῦ
2821 5338 3114 5408 δεξάμενος
3163 5335 3263 5406 τῆς
3292 5333 3529 5405 φύσεως,
3580 5331 3673 5385 καὶ
3716 5330 3895 5399 ψυχὴν
3943 5331 4084 5396 ἔχων

2498 5428 2751 5499 ἀγχινοίᾳ
2780 5426 3224 5495 κεκοσμημένην,
3284 5426 3364 5487 είς
3404 5422 3537 5475 Θεὸν
3578 5420 3671 5473 καὶ
3719 5418 3788 5470 τὰ
3836 5417 3974 5469 Θεοῦ
4023 5418 4083 5467 τὸ

2500 5521 2719 5590 φίλτρον
2776 5519 3065 5589 μετέθηκε,
3122 5518 3215 5570 καὶ
3275 5517 3437 5569 πᾶσιν
3499 5511 3772 5585 ἐρρῶσθαι
3841 5509 4082 5579 φράσας,

2500 5613 2906 5683 καταλαμϐάνει
2930 5612 3036 5681 τῆς
3069 5611 3276 5681 ἐρήμου
3311 5608 3399 5662 τὸν
3428 5606 3691 5678 ὀμφαλὸν,
3726 5604 3818 5659 καὶ
3848 5604 4082 5673 σμικρὸν
