4206 6456
215 320 367 390 1325

1452 324 1679 384 RELIG
1691 323 1855 383 IOSA
1888 324 2271 387 HISTORIA.

3337 333 3472 397 1326

209 440 469 493 οἰκίσκον
504 437 851 507 δειμάμενος,
919 436 1038 490 οὐδὲ
1078 435 1155 506 τῷ
1201 435 1413 505 σώματι
1458 436 1771 506 σύμμετρον

1867 479 1874 494 ,
1902 437 2014 488 alio
2038 446 2192 506 septo
2219 436 2580 499 circumdata,
2608 437 2681 489 iiii
2708 439 2932 493 clausus
2955 437 3195 491 liatrehat
3230 445 3470 507 assidue,

208 532 312 584 καὶ
340 530 489 599 ἄλλῳ
514 545 573 581 τε
608 526 826 598 σμικρῷ
849 545 956 581 τινι
977 528 1211 598 θριγκίῳ
1236 527 1565 598 περιϐαλὼν,
1584 528 1797 598 καθεῖρ-

208 640 314 676 κτο
366 621 652 691 διηνεκῶς,
716 618 898 689 πάσης
956 618 1054 687 μὲν
1105 619 1391 683 συνουσίας
1445 619 1794 690 ἀνθρωπίνης

207 712 641 783 κεχωρισμένος,
671 710 749 779 τῷ
765 710 819 762 δέ
840 710 951 763 τῶν
971 710 1107 764 ὅλων
1128 711 1373 783 Δεσπότῃ
1393 710 1789 779 διαλεγόμενος,

206 809 307 860 καὶ
336 807 437 876 τῆς
462 791 718 874 γλυκείας
749 805 965 874 ἐκείνης
1013 806 1217 858 ἐπαΐων
1263 805 1469 873 φωνῆς.
1515 804 1638 868 Τοῖς
1692 803 1791 874 μὲν

207 900 321 968 γὰρ
377 897 541 961 θείοις
596 896 936 965 ἐντυγχάνων
987 897 1207 960 λογίοις,
1257 897 1356 967 τῆς
1411 896 1562 958 θείας
1605 896 1791 965 φωνῆς

204 989 508 1042 ἀπολαύειν
536 992 746 1059 ἠγεῖτοο
778 988 1211 1058 προσευχόμενος
1240 989 1297 1043 δέ
1316 988 1410 1042 καὶ
1441 988 1537 1051 τὰς
1556 988 1790 1051 ἱκετείας

205 1079 563 1150 προσφέρων,
594 1080 753 1142 αὐτὸς
783 1078 883 1148 τὴν
914 1079 1053 1150 πρὸς
1094 1081 1185 1132 τὸν
1231 1079 1509 1148 Δεσπότην
1556 1080 1790 1133 ἐποιεῖτο

202 1168 468 1233 διάλεξιν.
505 1170 614 1222 Καὶ
639 1168 908 1240 τοσαύτης
949 1169 1037 1223 ἀεὶ
1067 1171 1277 1241 τρυφῆς
1311 1172 1601 1239 ἀπολαύων
1630 1174 1788 1241 κόρον

202 1260 397 1314 λασεῖν
426 1262 525 1314 οὐκ
559 1261 829 1316 ἐϐούλετο.
866 1263 1103 1316 Ἤκουσε
1136 1264 1246 1332 γὰρ
1277 1264 1373 1316 τοῦ
1427 1265 1573 1318 θείου
1618 1265 1786 1318 Πνεῦ-

205 1368 382 1421 ματος
413 1353 500 1405 διὰ
528 1352 621 1404 τοῦ
650 1354 889 1421 μεγάλου
916 1355 1080 1408 Δαὸὶδ
1113 1357 1531 1425 ύποψάλλοντος,
1569 1378 1588 1410 ι
1634 1360 1721 1423 Ὦς
1756 1364 1783 1413 ό

203 1443 451 1512 μελετῶν
476 1445 532 1495 ἐν
561 1444 710 1514 νόμῳ
752 1445 961 1515 Κυρίου
998 1447 1211 1517 ἡμέρας
1257 1449 1351 1500 καὶ
1378 1450 1781 1514 νυκτὸς,ἐσται

197 1534 274 1595 ὡς
313 1533 377 1586 τὸ
412 1534 567 1599 ξύλον
606 1534 667 1587 τὸ
714 1536 1121 1605 πεφυτευμένον
1169 1539 1322 1608 παρὰ
1367 1538 1467 1603 τὰς
1516 1539 1784 1604 διεξόδους

204 1625 318 1677 τῶν
364 1626 593 1688 ὑδάτων,
635 1626 665 1679 δ
699 1627 791 1680 τὸν
833 1629 1043 1698 καρπὸν
1090 1628 1254 1682 αὐτοῦ
1306 1629 1466 1683 δώσει
1511 1633 1570 1684 ἐν
1610 1630 1784 1702 καιρῷ

201 1715 394 1777 αὑτοῦ,
420 1717 513 1769 καὶ
535 1716 595 1768 τὸ
615 1716 809 1785 φύλλον
826 1718 991 1772 αὐτοῦ
1016 1719 1557 1793 οὐκάπορρυήσεται.
1601 1740 1619 1773 ›
1642 1724 1780 1775 Τού-

1902 526 1969 580 ab
2002 527 2151 580 omni
2184 526 2405 594 quidem
2444 526 2677 579 humana
2721 533 3121 586 consuetudine
3159 533 3470 601 st'jnnclus.

1900 616 1995 670 sed
2021 631 2147 670 cum
2171 616 2398 671 Domino
2431 620 2443 637 ‘
2474 619 2859 674 universorum
2894 624 3238 693 colloquens,
3277 637 3328 679 et
3353 628 3474 679 diii-

1898 722 2016 762 cein
2051 709 2193 761 illam
2230 724 2417 763 vocem
2474 711 2796 768 exaudiens.
2834 710 3027 767 Divina
3068 717 3212 789 enim
3246 733 3472 773 versans

1898 801 2144 871 eloquia,
2178 803 2423 856 divinant
2459 818 2517 857 se
2546 820 2736 859 vocem
2765 806 2960 861 audire
2986 811 3248 863 censebat
3270 830 3281 862 :
3303 828 3469 866 orans

1898 901 2077 948 autem
2110 903 2164 951 et
2194 909 2384 964 preces
2414 893 2675 961 oli‘erens,
2714 897 2828 965 ipse
2858 914 2982 953 cum
3017 898 3248 954 Domino
3277 904 3463 970 loque-

1900 986 2081 1039 batur.
2108 985 2316 1039 Etcum
2339 986 2507 1040 tantis
2530 1000 2746 1056 semper
2766 988 3045 1043 frueretur
3069 992 3302 1051 deliciis.
3327 1011 3468 1047 nuu-

1894 1092 2059 1145 quam
2078 1085 2259 1129 tamen
2286 1076 2439 1129 illum
2459 1077 2685 1131 satietas
2710 1078 2979 1147 capiebat.
2998 1081 3296 1136 Audirerat
3320 1086 3466 1141 eiiim

1893 1167 2139 1221 divinum
2170 1165 2437 1236 Spiritum
2466 1182 2561 1234 per
2576 1183 2639 1223 os
2666 1167 2888 1225 Davidis
2915 1171 3242 1239 psallentem
3270 1192 3282 1226 :
3319 1191 3337 1225 ι
3364 1173 3466 1239 Qui

1893 1260 2191 1315 meditatur
2220 1261 2275 1313 in
2298 1261 2416 1328 lege
2440 1258 2658 1312 Domini
2681 1259 2768 1315 die
2791 1276 2853 1314 ac
2878 1272 3056 1327 nocte,
3074 1266 3177 1316 erit
3204 1272 3465 1333 tanquam

1892 1349 2099 1417 lignum
2120 1350 2264 1418 quod
2289 1350 2587 1418 plantatum
2610 1357 2697 1403 est
2718 1365 2878 1406 secus
2895 1352 3158 1409 decursus
3174 1370 3463 1426 aquarum,

1892 1445 2037 1511 quod
2065 1441 2306 1496 fructum
2338 1457 2496 1496 suum
2527 1442 2751 1496 dabitin
2777 1453 3023 1517 tempore
3053 1464 3174 1513 suo,
3197 1458 3249 1502 et
3271 1449 3462 1502 folium

1892 1536 2015 1605 ejus
2052 1551 2159 1589 non
2211 1535 2480 1590 deﬂuetc.
2510 1553 2529 1586 ι
2559 1532 2670 1589 Hos
2720 1536 2810 1591 ille
2856 1537 3070 1596 fructus
3110 1541 3461 1603 desiderans.

1887 1626 2352 1695 jucundissimum
2386 1627 2535 1681 hunc
2586 1627 2827 1683 laborem
2882 1623 3317 1699 amplectebatur
3359 1645 3463 1688 ενι-ι

1890 1720 2195 1773 orationem
2236 1719 2456 1788 quidem
2498 1722 2821 1792 psalmodia,
2868 1723 3229 1791 psalmodiam
3277 1732 3460 1779 autem

198 1821 310 1856 των
336 1804 449 1856 τῶν
481 1804 707 1874 καρπῶν
732 1806 1017 1876 ἐφιέμενος
1036 1807 1128 1860 τὸν
1148 1809 1362 1879 ἥδιστον
1387 1811 1574 1863 τοῦτον
1600 1813 1780 1880 ἠσπά-

1889 1808 2195 1877 excipiebat
2210 1810 2408 1873 oratio,
2428 1821 2481 1864 et
2501 1822 2734 1883 utraque
2755 1829 2949 1868 rursus
2969 1797 3129 1868 lectio
3149 1816 3458 1870 divinorum

199 1894 323 1956 ζετο
383 1894 568 1959 πόνον,
617 1896 712 1949 καὶ
754 1897 854 1967 τὴν
904 1899 1002 1967 μὲν
1036 1900 1346 1971 προσευχὴν
1383 1905 1416 1970 ἡ
1467 1892 1777 1973 ψαλμιμδία,

196 1986 299 2052 τὴν
324 1986 384 2037 δέ
410 1986 729 2056 ψαλμῳδίαν
763 1990 796 2057 ἡ
840 1990 1119 2060 προσευχὴ
1151 1990 1437 2061 διεδέχετο,
1472 1994 1567 2046 καὶ
1601 1995 1779 2064 ἀμφό-

195 2092 331 2145 τερα
362 2077 526 2129 πάλιν
552 2080 586 2147 ἠ
614 2079 723 2131 τῶν
754 2078 913 2132 θείων
968 2080 1164 2148 λογίων
1214 2084 1522 2150 ἀνάγνωσις
1541 2101 1555 2116 ο
1600 2086 1776 2139 Σιτίον

194 2166 252 2219 δὲ
275 2163 344 2237 ἦν
358 2168 521 2239 αὑτῷ
546 2169 705 2238 μόνος
745 2171 929 2241 ἄρτος,
959 2173 1051 2225 καὶ
1077 2167 1231 2238 οὗτος
1259 2175 1483 2245 σταθμῷ
1537 2156 1776 2248 προσφε-

198 2259 428 2328 ρόμενος
451 2277 464 2289 ·
504 2261 757 2324 τοσοῦτος
786 2263 843 2314 δέ
872 2258 940 2333 ἦν
972 2264 1002 2315 ὁ
1051 2265 1311 2335 σταθμὸς,
1349 2267 1425 2330 ὡς
1473 2266 1547 2337 μὴ
1577 2269 1777 2339 παιδίῳ

191 2350 320 2420 ἄρτι
351 2351 526 2421 θηλῆς
567 2351 936 2421 ἀπαλλαγέντι
987 2355 1087 2426 τὴν
1132 2356 1314 2428 χρείαν
1343 2358 1776 2430 πληροῦν⁶·φασὶ

190 2444 303 2511 γὰρ
355 2444 451 2497 τοῦ
512 2446 684 2515 ἄρτου
727 2448 825 2516 τὴν
857 2446 1045 2517 λίτραν
1099 2449 1336 2518 τετραχῆ
1390 2450 1774 2521 διαιρουμένην

190 2536 430 2605 ἡμέραις
463 2537 719 2607 τέτταρσι
758 2537 1133 2607 διανέμεσθαι,
1188 2541 1285 2592 καὶ
1334 2541 1515 2611 ἡμέρᾳ
1560 2542 1772 2615 ἑκάστῃ

194 2628 327 2695 μίαν
372 2626 749 2697 ἀπονέμεσθαι
791 2632 1008 2699 μοῖραν.
1061 2630 1370 2701 Ἐκεκρίκει
1396 2632 1503 2701 γὰρ
1534 2634 1772 2704 ἑσπέρας

195 2718 343 2770 κατὰ
374 2718 503 2788 μίαν
531 2719 731 2772 ἐσθίείν
753 2722 984 2791 ἡμέραν,
1005 2720 1165 2791 κόρον
1181 2722 1236 2774 δὲ
1271 2722 1536 2793 μηδέποτε
1564 2724 1769 2778 λαϐεῖν’

190 2808 310 2861 ἀλλ’
341 2810 430 2863 ἀεὶ
464 2810 803 2882 μὲννπεινῇν,
839 2812 925 2864 ἀεὶ
952 2812 1008 2864 δὲ
1033 2812 1213 2883 διψῇν,
1257 2815 1584 2884 προσφέρειν
1608 2816 1671 2869 ,δὲ
1694 2816 1771 2886 τῷ

193 2898 414 2969 σώματι
442 2902 511 2953 τὰ
547 2904 626 2963 είς
658 2903 719 2954 τὸ
752 2901 852 2971 ζῇν
875 2904 1222 2974 ἀποχρῶντα.
1260 2904 1457 2972 Ἔλεγε
1488 2908 1595 2976 γὰρ
1628 2908 1703 2969 ὡς
1741 2910 1770 2960 ό

189 2993 279 3044 διὰ
309 2993 573 3046 πλειόνων
603 2995 824 3065 ἡμερῶν
877 2996 1066 3049 σιτίων
1113 2997 1559 3067 μεταλαγχάνων,
1608 3000 1769 3053 ἀσθε-

190 3087 447 3155 νέστερον
479 3085 578 3156 μὲν
603 3087 660 3137 ἐν
688 3089 807 3149 ταῖς
836 3086 935 3157 τῆς
963 3088 1428 3175 ἀσιτίαςὴμέραις
1454 3090 1552 3153 τὰς
1575 3090 1767 3144 δεσποί
1798 3120 1837 3177 C

187 3173 349 3240 τικὶις
364 3178 706 3249 λειτουργίας
735 3180 974 3233 ἐπιτελεῖ
994 3197 1006 3210 ·
1037 3174 1153 3254 ἐνῇ
1183 3182 1236 3233 δὲ
1266 3181 1423 3235 πάλιν
1448 3183 1632 3254 ἡμέρᾳ
1660 3186 1767 3237 τῶν

191 3269 380 3321 σιτίων
416 3268 843 3339 μεταλαμϐάνει,
880 3270 1121 3335 πλείονα,
1154 3271 1229 3335 ὡς
1257 3273 1423 3337 εἰκὸς,
1460 3275 1765 3343 προσφερό-

192 3374 357 3427 μενος
396 3358 495 3429 τὴν
541 3360 784 3431 γαστέρα
833 3359 1098 3434 φορτίξει,
1137 3360 1479 3432 βαρυνομένη
1520 3364 1575 3417 δὲ
1628 3364 1764 3435 αὕτη

188 3450 560 3519 ὀκνηροτέραν
613 3451 741 3520 περὶ
798 3450 896 3521 τὴν
960 3452 1268 3522 ἀγρυπνίαν
1326 3453 1613 3522 καθίστησι
1667 3454 1766 3524 τὴν

188 3540 389 3609 ψυχήν.
426 3542 682 3611 Ἄμεινον
711 3544 889 3596 τοίνυν
922 3544 1077 3611 ἔλεγε
1102 3544 1223 3597 καθ’
1242 3545 1453 3614 ἡμέραν
1481 3532 1789 3616 μεταλαμοί

187 3630 375 3683 ῦάνειν
396 3633 626 3701 τροφῆς,
662 3633 822 3703 κόρον
850 3633 906 3685 δὲ
938 3635 1229 3703 ὑπομείναι
1252 3636 1569 3706 μηδέποτε.
1612 3638 1767 3708 Ἀλη-

189 3721 291 3791 θὴς
332 3726 439 3793 γὰρ
488 3725 714 3793 νηστεία
746 3726 778 3793 ἡ
804 3725 1055 3796 διηνεκὴς
1083 3725 1281 3779 ἔνδεια.
1312 3726 1498 3779 Ταῦτα
1544 3728 1767 3798 νομοθε-

186 3813 301 3864 τῶν
328 3813 552 3867 διετέλει
584 3818 614 3868 ό
650 3814 796 3878 θεῖος
829 3812 983 3878 οὗτος
1011 3817 1169 3887 ἀνὴρ,
1198 3819 1289 3871 καὶ
1319 3820 1477 3889 σῶμα
1512 3822 1766 3890 μέγιστον

188 3904 349 3973 ἔχων,
384 3906 478 3958 καὶ
503 3905 613 3957 τῶν
633 3907 721 3958 ἐπ’
744 3906 908 3960 αὐτοῦ
931 3907 1151 3961 πάντων
1176 3908 1273 3961 ἀνθ
1285 3908 1481 3979 ρώπων
1513 3911 1765 3980 μέγιστος

187 3995 265 4048 ὢν
316 3996 408 4047 καὶ
466 3995 771 4056 κάλλιστος,
833 3997 1015 4066 μικρῷ
1065 3996 1223 4050 τοῦτο
1282 3999 1434 4069 σιτίῳ
1473 4000 1761 4069 διέτρεφε.

190 4087 398 4156 Χρόνου
437 4087 497 4139 δέ
549 4105 695 4150 τινος
736 4088 1034 4152 διελθόντος
1069 4090 1163 4143 δύο
1197 4091 1477 4154 συνοίκους
1526 4091 1761 4156 ἐδέξατο,

189 4176 467 4239 Ιλῖὺσέὸιον,
496 4176 557 4241 ὃς
582 4179 681 4247 τῆς
710 4176 861 4249 ίερᾶς
891 4179 1103 4249 ἐκείνης
1148 4180 1389 4250 καλύϐης
1432 4180 1766 4252 κληρονόμος

190 4268 427 4334 ἐγένετο,
484 4269 580 4322 καὶ
630 4270 958 4340 ’Δγαπητὸν,
1004 4271 1063 4334 ὃς
1104 4272 1204 4342 τὴν
1234 4273 1533 4344 ἀγγελικὴν
1562 4273 1765 4343 ταύτην

190 4359 513 4427 νομοθεσίαν
547 4362 627 4423 είς
660 4361 761 4430 τὴν
808 4362 1100 4431 Ἀπαμέων
1144 4362 1533 4432 μετεφύτευσε.
1586 4362 1764 4433 Κώμη

1884 1899 2247 1968 elaquiorum.
2270 1899 2439 1955 Cibus
2460 1888 2645 1955 autem
2670 1902 2748 1955 illi
2786 1914 2905 1956 erat
2928 1904 3078 1957 sol‘us
3104 1906 3279 1973 panis,
3307 1905 3460 1975 isque

1883 1992 1947 2043 ad
1972 2005 2285 2045 mensuram
2305 1990 2468 2047 datus
2504 2010 2517 2046 ι
2549 2008 2806 2046 mensura
2827 2008 2953 2047 vero
2971 2010 3031 2048 ea
3052 2004 3334 2065 erat,_qua'
3360 2011 3459 2049 nec

1888 2081 2093 2135 infanti
2141 2098 2170 2134 a
2208 2082 2348 2136 lacte
2384 2096 2558 2152 nuper
2606 2081 2824 2138 divulso
2889 2085 3024 2138 satis
3062 2097 3228 2139 esset.
3290 2085 3458 2139 Aiunt

1880 2174 2024 2226 enim
2060 2174 2219 2243 panis
2251 2175 2447 2228 libram
2473 2186 2711 2245 quatuor
2739 2176 2794 2228 in
2824 2186 3014 2245 partes
3036 2178 3292 2241 divisam,
3320 2196 3447 2249 qua-

1879 2271 2005 2319 tuor
2037 2266 2232 2321 diebus
2264 2266 2433 2321 fuisse
2490 2267 2870 2332 distributam,
2900 2277 2953 2321 et
3001 2270 3234 2339 singulis
3264 2272 3457 2326 diebus

1880 2364 2088 2426 partem
2117 2373 2280 2411 unam
2333 2358 2695 2427 assignatam.
2729 2356 3008 2411 Statuerat
3036 2361 3180 2412 enim
3233 2378 3456 2431 vespere

1877 2447 2168 2501 comedere
2212 2447 2479 2517 quotidie,
2546 2462 2827 2517 nunquam
2890 2459 3071 2501 autem
3103 2450 3317 2516 satiari,
3352 2455 3447 2506 sed
3484 2453 3488 2457 ’

1832 2594 1843 2605 ,
1878 2540 2367 2612 εθιιιρετιεειιτὶνθ,
2404 2554 2731 2608 semperque
2782 2539 2957 2604 sitire,
2997 2541 3218 2610 corpori
3257 2550 3442 2595 autem

1876 2645 1938 2683 ea
1990 2630 2270 2695 exhibere,
2303 2646 2426 2700 qua:
2471 2632 2538 2683 ad
2568 2629 2735 2682 vitam
2796 2622 3207 2685 sustentauda’m
3239 2632 3453 2686 sullice-

1876 2726 2020 2775 rent.
2055 2720 2281 2774 Dicebat
2305 2722 2451 2776 enim
2490 2737 2613 2774 eum
2646 2721 2739 2789 qui
2764 2728 2890 2791 post
2914 2725 3209 2775 multorum
3237 2722 3451 2777 dierum

1874 2812 2112 2865 inediam
2150 2812 2331 2866 cibum
2363 2813 2527 2883 capit,
2562 2820 2617 2865 et
2664 2813 2858 2868 diebus
2890 2814 3085 2867 inediae
3119 2812 3294 2868 cilicia
3349 2815 3454 2868 Do-

1877 2902 2078 2955 minica
2115 2903 2329 2972 1138
2359 2902 2669 2971 languidius
2694 2904 2939 2972 exsequi,
2969 2914 3023 2958 et
3058 2920 3167 2974 quo
3203 2904 3291 2959 die
3323 2921 3451 2958 rur-

1875 3008 1970 3047 sus
2001 2993 2182 3046 cibum
2237 2994 2415 3062 capit.
2450 2994 2631 3062 plura,
2660 3001 2720 3045 ut
2743 2994 2875 3053 ,lieri
2911 2995 3072 3059 solct,
3127 2996 3449 3064 ingerendo.

1877 3095 2123 3139 ventrem
2160 3100 2415 3150 onerare,
2452 3094 2509 3139 ct
2537 3085 2639 3139 boc
2680 3094 2911 3155 gravato
2962 3084 3259 3139 tardiorem
3299 3086 3450 3140 reddi

1875 3176 2114 3241 animam
2134 3177 2197 3229 ad
2221 3176 2575 3247 vigilandum.
2591 3175 2853 3233 Prii-stare
2874 3179 3058 3247 itaque
3081 3177 3279 3239 aiebat,
3306 3180 3448 3233 vesci

1869 3268 2088 3338 quidem
2120 3268 2386 3336 quotidie,
2416 3269 2507 3324 sed
2539 3285 2818 3339 nunquam
2852 3283 3170 3342 exspectare
3223 3271 3449 3324 satieta-

1869 3367 1999 3414 tem.
2062 3356 2255 3412 Verutn
2303 3360 2449 3413 enim
2480 3359 2747 3428 jejunium
2786 3366 2870 3413 est
2911 3368 3171 3428 perpetua
3212 3361 3447 3415 esuries.

1871 3453 2025 3507 lianc
2059 3455 2233 3523 legem
2290 3467 2595 3522 proponere
2646 3468 2753 3514 non
2790 3450 3078 3506 desinebat
3106 3451 3190 3504 vir
3226 3452 3316 3504 ille
3354 3451 3441 3503 di-

1871 3544 2053 3606 vinus,
2087 3551 2297 3597 etcum
2362 3540 2853 3611 eorpnsrhabcret
2906 3541 3226 3607 max'mum,
3284 3551 3449 3611 atque

1869 3634 2111 3687 omnium
2143 3633 2232 3686 sui
2260 3633 2525 3700 temporis
2584 3610 2872 3684 hominum
2909 3630 3185 3684 maximus
3219 3639 3273 3684 et.
3328 3633 3447 3699 pul-

1869 3725 2177 3779 clierrimus
2207 3734 2373 3786 esset,
2430 3724 2627 3793 exiguo
2655 3722 2709 3776 id
2747 3723 2871 3778 cibo
2918 3725 3281 3777 sustentabat.
3320 3724 3448 3779 Post

1868 3816 2089 3885 aliquod
2122 3817 2384 3885 temporis
2413 3816 2673 3885 spatium,
2706 3817 2845 3869 duos
2880 3816 3104 3869 admisit
3149 3817 3446 3870 contuber-

1866 3907 2044 3970 nales,
2077 3905 2395 3973 Eusebium,
2416 3909 2510 3978 qui
2539 3907 2683 3963 sacri
2721 3907 2869 3961 illius
2896 3908 3096 3976 tugurii
3126 3908 3225 3961 fuit
3249 3908 3442 3970 haeres,

1866 4008 1923 4052 et
1972 4000 2297 4068 Agapetum,
2335 4000 2429 4069 qui
2483 4000 2583 4054 bas
2626 4000 2903 4069 angelicas
2961 4001 3108 4068 leges
3161 4001 3443 4053 transtulit

1869 4088 2188 4155 Apameam.
2236 4087 2314 4141 lbi
2349 4089 2497 4142 enim
2522 4089 2681 4143 vicus
2709 4095 2792 4142 est
2828 4089 3102 4141 maximus
3128 4097 3182 4141 ct
3213 4090 3443 4157 pupulu-

1868 4194 1989 4240 sus,
2017 4177 2253 4233 Nicertaa
2288 4180 2527 4242 nomine,
2560 4178 2615 4233 in
2652 4194 2764 4248 quo
2798 4178 2908 4232 duo
2939 4181 3173 4232 maxima
3204 4180 3444 4250 philoso-

1868 4272 2009 4341 phiae
2031 4272 2318 4342 gymnasia
2359 4272 2690 4331 censtruxit.
2756 4287 2988 4341 quorum
3039 4288 3207 4325 unum
3254 4273 3321 4327 ab
3379 4290 3443 4326 eo

1867 4377 2062 4415 nomen
2087 4363 2339 4430 sumpsit,
2358 4363 2588 4415 alterum
2610 4377 2736 4415 vero
2751 4362 2818 4414 ab
2831 4363 3141 4415 admirabili
3162 4362 3440 4425 Sitneoue,

188 4451 296 4518 γάρ
332 4450 416 4512 τίς
452 4452 569 4503 ἐστι
604 4451 838 4540 μεγίστη
870 4453 965 4539 καὶ
998 4453 1439 4525 πολυάνθρωπος,
1491 4455 1757 4545 Νικέρτμι

1868 4453 1960 4521 qui
1993 4468 2265 4506 annorum
2302 4452 2697 4522 quinquaginta
2720 4452 2901 4521 Spatio
2934 4454 2988 4506 in
3021 4453 3121 4506 bac
3152 4453 3441 4521 disciplina

188 4540 245 4592 δέ
274 4540 446 4610 δνομα
485 4527 695 4614 ταύτῇ·
743 4542 837 4595 δύο
890 4527 1073 4596 τοίνυν
1126 4543 1445 4613 φιλοσοφίας
1483 4546 1542 4596 ἐν
1588 4527 1758 4615 ταύτῃ

190 4634 580 4701 φροντιστήρια
631 4634 999 4688 κατεσκεύασε
1062 4635 1331 4705 μέγιστα·
1396 4634 1471 4687 τὸ.
1506 4633 1609 4705 μὲν
1660 4634 1758 4703 τῆς

189 4722 353 4775 αὐτοῦ
388 4724 760 4794 προσηγορίας
790 4724 1101 4797 ἐπώνυμον,
1135 4727 1197 4780 τὸ
1225 4727 1283 4780 δὲ
1315 4726 1410 4780 τοῦ
1445 4724 1757 4796 θαυμαστοῦ

191 4814 497 4884 Συμεώνου,
530 4816 590 4878 ὃς
622 4819 958 4888 πεντήκοντα
988 4818 1123 4872 ἐτῶν
1150 4818 1397 4890 ἀριθμὸν.
1417 4819 1475 4872 ἐν
1501 4819 1673 4891 ταύτῃ
1691 4820 1757 4889 τῇ

190 4907 478 4978 φιλοσοφία
503 4906 816 4979 διέλαμψεν.
857 4910 945 4962 Ἐν
978 4910 1189 4973 τούτοις
1217 4911 1378 4980 μέχρι
1404 4911 1498 4962 καὶ
1520 4901 1759 4980 τήμερον

192 4998 409 5061 πλείους
486 4998 519 5068 ἧ
572 5002 915 5071 τετρακόσιοι
980 5002 1255 5069 διάγουσιν
1302 5002 1512 5072 ἄνδρες,
1561 5001 1762 5071 ἀρετῆς

191 5090 439 5161 ἀθληταὶ.
464 5091 561 5144 καὶ
584 5091 863 5157 εὐσεϐείας
892 5094 1139 5164 ἐρασταὶ,
1172 5094 1269 5147 καὶ
1288 5093 1381 5146 τὸν
1399 5092 1623 5163 οὐρανὸν
1652 5095 1762 5155 τοῖς

190 5185 371 5246 πόνοις
397 5183 695 5254 ὠνούμενοι
725 5202 738 5216 ·
772 5184 1096 5254 θεσμοθέται
1124 5186 1181 5239 δέ
1217 5186 1423 5255 ταύτης
1467 5186 1567 5256 τῆς
1603 5186 1760 5238 πολι-

191 5276 336 5337 τείας
374 5275 687 5346 ’Δγαπητδς
725 5277 819 5330 καὶ
858 5277 1174 5348 Συμεὼνης,
1218 5277 1366 5347 παρὰ
1398 5276 1493 5331 τοῦ
1528 5277 1763 5354 μεγάλου

190 5364 531 5435 Μαρκιανοῦ,
556 5367 684 5429 τοὺς
725 5368 925 5438 νόμους
970 5368 1272 5438 δεξάμενοι.
1313 5369 1407 5421 Ἐκ
1452 5368 1509 5421 δὲ
1561 5362 1763 5420 τούτων

195 5456 361 5524 μυρία
383 5456 652 5526 ἐφυτεύθη
689 5458 852 5529 ’ἐτερα
873 5461 1127 5530 ἀσκητῶν
1154 5460 1497 5529 καταγὼγια,
1526 5462 1762 5514 τουτοισὶ

190 5552 297 5610 τοίς
324 5549 512 5618 νόμοις
552 5551 922 5621 κοσμούμενα,
950 5552 989 5605 ἂ
1015 5555 1076 5606 οὐ
1101 5554 1281 5623 ῥᾴδιον
1300 5553 1578 5624 ἀριθμεῖν.
1600 5553 1757 5607 Ἀλλά

259 5734 281 5761 ε
306 5723 447 5779 Paul.
484 5742 524 5789 Ι,
556 5727 646 5781 ⁸25.

1862 4543 2099 4599 refulsit.
2140 4543 2193 4597 In
2217 4545 2303 4599 bis
2332 4544 2598 4614 hodieque
2622 4545 2722 4597 viri
2748 4545 2951 4613 degunt
2981 4558 3147 4613 supra
3187 4545 3443 4614 quadrin-

1864 4636 2305 4706 gentos,virtutis
2329 4637 2563 4700 athlette,
2583 4651 2636 4691 et
2652 4636 2874 4705 pietatis
2892 4643 3186 4701 amatores,
3209 4637 3440 4691 caelum-

1868 4745 1973 4799 que
2003 4728 2283 4802 laboribus
2312 4731 2428 4783 suis
2463 4728 2814 4783 redimentes.
2837 4728 3009 4796 Cujus
3036 4743 3167 4783 sane
3204 4730 3438 4784 instituti

1867 4821 2205 4892 legislatores
2224 4822 2246 4874 Γ
2247 4836 2374 4875 uere
2394 4820 2504 4891 Aga
2515 4832 2665 4889 peius
2683 4828 2746 4877 et.
2760 4820 3063 4882 S'rmeones,
3080 4821 3171 4887 qui
3195 4836 3226 4875 a
3244 4837 3439 4892 magno

1869 4909 2146 4964 Marciano
2170 4911 2314 4978 leges
2335 4921 2674 4979 acceperant.
2703 4911 2767 4963 Et
2787 4910 2856 4963 ab
2899 4910 2982 4963 liis
3006 4926 3167 4979 porro
3198 4912 3301 4965 alia
3322 4914 3440 4983 plu-

1869 5001 2004 5053 rima
2034 5009 2328 5070 propagata
2351 5010 2479 5054 sunt
2520 5008 2824 5053 ascetarum
2870 5000 3201 5064 habitacula,
3240 5003 3436 5057 iisdem

1869 5092 2076 5162 legibus
2098 5094 2325 5155 utentia,
2349 5108 2467 5163 quae
2484 5092 2701 5148 ditiicile
2723 5095 2790 5149 sit
2804 5109 3149 5164 percensere.
3167 5093 3435 5150 Caeterum

1870 5186 2062 5240 borum
2090 5187 2332 5239 omnium
2362 5195 2512 5239 sator
2533 5196 2586 5238 et
2613 5185 2885 5254 plantator
2916 5184 3017 5238 fuit
3068 5185 3150 5239 vir
3175 5187 3267 5241 ille
3300 5186 3437 5240 divi-

1863 5293 1989 5332 nus.
2013 5313 2017 5320 -
2037 5277 2140 5342 Qui
2168 5278 2313 5330 enim
2342 5276 2773 5345 pulcherrimum
2792 5260 2974 5331 semen
2997 5264 3247 5345 przebuit,
3265 5277 3313 5330 is
3337 5278 3435 5331 bo-

1862 5383 2054 5423 norum
2101 5384 2301 5437 quazex
2338 5383 2403 5422 eo
2434 5376 2737 5422 nascuntur
2777 5368 2899 5434 jure
2924 5377 3120 5420 auctor
3164 5369 3435 5422 vocandus

1860 5473 1964 5517 est.
1991 5459 2234 5515 Primum
2275 5474 2431 5530 ergo,
2458 5468 2517 5513 ut
2547 5459 2683 5521 dixi,
2710 5460 2862 5514 solus
2882 5460 3247 5514 voluntarium
3282 5459 3431 5533 illum

1859 5566 2136 5606 carcerem
2169 5550 2404 5603 tenebat.
2438 5548 2640 5603 Deinde
2666 5565 2787 5603 cum
2815 5548 2914 5602 lios
2938 5548 3075 5602 duos
3102 5549 3432 5611 admisisset,
