4206 6456
800 364 931 425 1397

1784 373 2268 435 'J'HEODORETI
2296 379 2630 445 EPISCOPI
2663 386 3026 452 CYRENSIS

3915 400 4050 471 1328

794 492 904 528 non
936 476 1258 531 habitabant
1306 486 1485 532 tamen
1526 480 1601 531 illi
1659 482 1761 535 sub
1794 484 1983 535 eodem
2036 495 2201 537 tecto.
2234 485 2364 540 Nam

2475 497 2777 565 φυτουργὸς
2825 499 3029 553 τούτων
3085 488 3337 556 ἁπάντων
3388 506 3417 557 ὁ
3488 505 3771 570 θεσπέσιος
3840 510 4045 571 ἐκεῖνος

797 584 865 622 ne
897 570 996 637 ipsi
1032 570 1243 637 quidem
1283 570 1497 640 1139
1527 573 1628 625 soli
1679 572 2010 626 domuncula
2044 574 2369 641 sufﬁciebat,

794 668 853 712 ttt
882 659 1176 713 admodum
1216 676 1403 729 parva,
1440 673 1494 717 et
1518 679 1640 733 quae
1676 672 1786 716 tum
1826 668 1989 719 stanti
2027 676 2140 721 tum
2166 669 2370 736 jacenti

795 752 1027 803 mullum
1058 753 1263 807 laboris
1298 753 1539 809 afferret.
1567 756 1780 825 Quippe
1804 759 1898 823 qui
1934 773 2032 810 nec
2056 770 2208 813 stans
2236 762 2368 831 erigi

791 851 1026 912 poterat.
1059 854 1183 897 eum
1209 855 1410 900 tectum
1435 857 1601 916 caput
1623 856 1676 902 et
1708 849 1914 902 collum
1942 862 2235 919 premeret,
2271 868 2370 905 nec

791 938 1065 991 accubans
1096 939 1258 1007 pedes
1280 940 1598 1005 extendere,
1638 955 1762 994 cum
1791 943 2039 1010 corporis
2068 942 2369 1012 longitudi-

788 1046 916 1083 nem
957 1030 1288 1084 domuncula
1325 1050 1434 1087 non
1476 1042 1741 1101 aequaret.
1794 1035 1965 1086 Aliam
2004 1049 2134 1103 ergo
2186 1045 2245 1087 ut
2275 1052 2369 1089 ex-

789 1130 1065 1176 struereut
1100 1125 1444 1192 permittens,
1477 1126 1644 1193 jussit
1697 1133 1754 1176 ut
1791 1125 1844 1176 in
1876 1139 1937 1177 ea
1984 1125 2266 1192 degerent,
2306 1142 2369 1180 ac

787 1226 885 1281 per
927 1228 986 1267 se
1009 1214 1110 1283 ipsi
1148 1216 1381 1284 hymnos
1429 1216 1696 1277 dicerent,
1727 1222 1780 1269 et
1828 1225 2072 1279 orarent,
2107 1217 2366 1270 etdirina

787 1304 873 1357 clo
896 1305 1003 1372 lnia
1029 1306 1364 1360 lectitareut.
1408 1308 1541 1361 Cum
1578 1323 1705 1361 vero
1738 1309 1926 1376 plures
1962 1311 2129 1377 hujus
2158 1312 2365 1364 utilita-

788 1395 861 1446 tis
892 1395 1190 1464 participes
1229 1396 1344 1447 fieri
1400 1390 1698 1465 Oporteret,
1756 1399 1865 1451 alio
1898 1388 2214 1453 liabitaeulo
2245 1399 2364 1468 ejus

782 1484 943 1549 jussu
1023 1488 1213 1555 procul
1275 1496 1579 1548 exstrmlo,
1620 1488 1787 1554 jussit
1829 1504 1922 1542 eos
1956 1492 2008 1542 in
2043 1491 2135 1544 illo
2170 1492 2365 1558 degere

783 1578 875 1645 qui
916 1578 1134 1631 vellent.
1178 1578 1273 1631 llis
1326 1579 1619 1647 praefectus
1654 1579 1756 1633 fult
1788 1581 2080 1645 Eusebius,
2112 1584 2205 1651 qui
2234 1599 2363 1636 -ma-

784 1672 873 1736 gni
905 1668 1167 1723 Marciani
1195 1668 1504 1724 doctrinam
1555 1674 1635 1727 eis
1672 1671 1943 1725 tradebat.
1976 1673 2208 1728 Divinus
2263 1691 2363 1727 au-

783 1771 889 1813 tem
920 1760 1217 1830 Agapctus,
1274 1762 1526 1816 eruditus
1580 1774 1743 1832 atque
1771 1766 2129 1830 exercitatus,
2180 1777 2236 1819 ut
2268 1782 2363 1835 par

2473 584 2644 654 ἀνήρ’
2689 590 2716 639 ὁ
2747 581 2855 657 γὰρ
2888 589 2948 642 τὸ
2994 592 3216 660 σπέρμα
3271 594 3332 645 τὸ
3384 594 3667 648 κάλλιστον
3727 602 4041 667 παρασχὼν,

2471 667 2626 737 οὗτος
2652 678 2872 731 καὶτῶν
2901 680 3113 758 φύντων
3138 682 3357 749 ἀγαθῶν
3385 686 3557 749 αἴτιος
3574 686 3640 739 ἂν
3661 690 3892 751 εἰκότως
3920 690 4045 759 κλη-

2472 763 2614 833 θείη.
2655 769 2727 820 Τὸ
2757 770 2854 828 μὲν
2894 768 2987 824 οὖν
3035 774 3272 842 πρῶτον,
3311 777 3387 839 ὡς
3415 776 3574 847 ἔφην,
3617 780 3773 848 μόνος
3800 782 3904 850 τὴν
3932 782 4045 833 ἐθε-

2481 856 2692 911 λούσιον
2717 856 2861 929 εἶχεν
2885 865 3111 935 εἱρκτὴν
3140 866 3377 935 ἐκείνηνσ
3418 869 3607 921 ἔπειτα
3636 872 3760 933 τοὺς
3797 872 3895 924 δύο
3923 872 4043 924 τούς

2470 963 2595 1011 τους
2634 951 3050 1021 ὑποδεξάμενος,
3087 956 3148 1008 οὐ
3199 959 3479 1023 συνοίκους
3532 955 3705 1030 εἶχεν·
3764 964 3889 1016 οὐδὲ
3939 967 4043 1031 γάρ

2470 1042 2619 1111 αὐτῷ
2649 1044 2794 1113 μόνῳ
2823 1047 2851 1097 ὁ
2885 1048 3128 1112 οίκίσκος
3164 1052 3403 1121 ἀπέχρη,
3452 1054 3682 1122 σμικρὸς
3711 1053 3787 1106 ὣν
3821 1057 4043 1123 κομιδῇ,

2469 1132 2563 1182 καὶ
2597 1133 2763 1185 πολὺν
2797 1134 2944 1205 αὐτῷ
2981 1138 3074 1189 καὶ
3124 1140 3318 1193 ἑστῶτι
3349 1143 3443 1194 καὶ
3482 1146 3862 1214 κατακειμένῳ
3906 1164 4044 1217 παρ-

2469 1220 2606 1289 έχων
2631 1223 2810 1279 πόνον.
2841 1228 2991 1290 υθτε¹
3014 1229 3122 1300 γὰρ
3148 1230 3319 1295 ἑστὼς
3349 1234 3701 1303 ἀνορθοῦσθαι
3726 1230 3837 1299 οἶός
3866 1216 4044 1306 τεῆν,

2467 1312 2563 1379 τῆς
2592 1315 2795 1384 ὀροφῆς
2826 1318 2918 1370 καὶ
2961 1321 3061 1388 τὴν
3092 1322 3334 1392 κεφαλὴν
3374 1327 3467 1376 καὶ
3510 1326 3599 1378 τὸν
3650 1329 3853 1396 αὐχένα
3900 1345 4044 1398 καμ-

2468 1408 2738 1474 πτούσης’
2783 1407 2907 1461 οὔτε
2941 1414 3395 1483 κατακλινόμενος
3429 1418 3689 1470 ἐκτείνειν
3719 1422 3844 1482 τοὺς
3876 1421 4045 1491 ευόδας

2466 1496 2717 1563 ἠδύνατο,
2750 1499 3033 1573 ἰσόμετρον
3065 1502 3141 1572 τῷ
3180 1505 3392 1573 σώματι
3437 1507 3531 1559 τοῦ
3587 1511 3735 1561 οἴκου
3767 1511 3828 1563 τὸ
3867 1512 4045 1580 μῆκος

2465 1586 2565 1635 οὐκ
2621 1586 2853 1655 ἔχοντος.
2910 1591 3136 1661 Ἕτερον
3186 1591 3279 1647 οὖν
3314 1598 3498 1660 αὐτοῖς
3531 1600 3829 1669 ἐπιτρέψας
3876 1619 4045 1655 κατα-

2468 1677 2754 1735 σκευάσαι.
2812 1681 2868 1732 ἐν
2924 1685 3117 1753 ἐκείνῳ
3168 1687 3375 1754 διάγειν
3434 1691 3707 1757 ἐκέλευσε,
3770 1696 3862 1746 καὶ
3922 1694 4043 1747 καθ’

2467 1768 2694 1831 ἑαυτοὺς
2719 1770 2774 1823 δὲ
2806 1772 3016 1840 ὑμνεῖν,
3046 1776 3141 1829 καὶ
3168 1780 3586 1849 προσεύχεσθαι,
3618 1785 3713 1836 καὶ
3738 1787 3849 1847 τοῖς
3878 1784 4045 1849 θείοις

781 1861 918 1911 erat,
954 1853 1269 1921 optimeque
1305 1853 1359 1906 in
1394 1854 1496 1908 hac
1528 1856 1777 1925 palaestra
1812 1856 2127 1921 institutus,
2157 1854 2361 1913 «Περι-ε-

2469 1862 2818 1929 ὲντυγχάνειν
2864 1864 3081 1932 λογίοις.
3132 1870 3348 1940 Ἐπειδὴ
3378 1838 3458 1925 ’δὲ
3488 1873 3594 1926 ἔδει
3644 1875 3900 1939 πλείονας
3944 1878 4045 1947 τῆς

782 1942 875 2004 sit,
906 1951 965 1996 ut
993 1944 1130 2011 dixi,
1168 1954 1220 1999 et
1248 1947 1454 2001 semina
1497 1950 1695 2016 sparsit
1724 1963 1842 2015 quae
1867 1962 1894 1999 a
1919 1948 2098 2001 divina
2134 1945 2221 2013 illa
2254 1950 2369 2001 ani-

779 2049 865 2085 ma
887 2045 1173 2105 acceperat
1208 2039 1491 2107 :adeoque
1520 2039 1753 2092 illustris
1785 2047 1837 2092 et
1861 2040 2045 2094 clarus
2077 2041 2270 2102 evasit,
2303 2049 2363 2092 ut

785 2127 1085 2195 pontilicali
1125 2130 1253 2182 sede
1284 2130 1485 2199 dignus
1539 2130 1757 2184 habitus
1786 2133 1879 2195 sit,
1910 2133 2070 2201 eique
2101 2137 2363 2186 commis-

778 2235 898 2272 sum
932 2220 1001 2274 sit
1026 2236 1229 2275 munus
1256 2222 1549 2290 pastorale,
1588 2238 1651 2277 ae
1677 2239 1789 2277 suae
1814 2224 1992 2293 ipsius
2016 2228 2206 2293 patriae
2233 2239 2364 2277 cura

777 2314 1118 2367 concredita.

2466 1948 2729 2014 ὠφελείας
2761 1953 2961 2023 ταύτης
2988 1959 3331 2029 μεταλαχείν,
3374 1964 3561 2033 ἕτερον
3594 1966 3874 2037 πόρρωθεν
3901 1970 4047 2021 obto-

2465 2039 2768 2109 δομηθῆναι
2840 2048 3181 2115 καταγώγιον
3242 2057 3673 2125 παρεγγυήσας,
3730 2060 3787 2110 ἐν
3846 2061 4043 2129 ἐκείνῳ

2465 2130 2675 2199 διάγειν
2710 2135 2833 2196 τοὺς
2871 2136 3225 2207 βουλομένους
3265 2143 3539 2199 ἐκέλευεν.
3583 2149 3950 2218 Ἡγεμόνευσε
3988 2153 4043 2205 δὲ

2465 2226 2643 2277 αὐτῶν
2699 2227 2726 2277 ὁ
2779 2228 3059 2293 Εὐσέϐιος,
3122 2232 3221 2303 τὴν
3272 2236 3368 2289 τοῦ
3431 2240 3668 2307 μεγάλου
3720 2243 4043 2312 Μαρκιανοῦ

2463 2314 2809 2370 διδασκαλίαν
2875 2320 3312 2394 διαπορθμεύων.
3384 2328 3440 2381 ’0
3500 2331 3556 2383 δὲ
3630 2331 3772 2395 θεῖος
3833 2336 4044 2394 ἐκεῖνος

788 2406 1100 2474 Ἀγαπητδς
1129 2406 1593 2478 παιδοτριϐηθεὶς,
1616 2406 1691 2469 ὡς
1721 2406 1846 2470 ἔδει,
1879 2408 1971 2459 καὶ
2002 2407 2357 2476 γυμνασθεὶς,
2399 2408 2491 2458 καὶ
2521 2409 2615 2477 τὴν
2646 2409 2942 2482 ἀθλητικὴν
2988 2416 3193 2486 ταύτην
3232 2420 3430 2490 ἄριστα
3498 2424 3830 2490 παιδευθεὶς,
3908 2430 4046 2482 ἐπα-

775 2505 960 2575 νῆκεν,
989 2503 1063 2567 ὡς
1089 2504 1247 2574 ἔφην,
1273 2506 1365 2557 καὶ
1396 2504 1432 2558 ἃ
1464 2506 1615 2576 παρὰ
1642 2507 1741 2577 τῆς
1767 2508 1917 2571 θείας
1949 2508 2163 2575 ἐκείνης
2214 2503 2395 2573 ψυχῆς
2440 2501 2680 2567 ἐδέξατο,
2747 2508 3076 2581 κατέσπειρε
3112 2515 3399 2586 σπέρματα
3419 2534 3432 2548 ⁸
3480 2521 3622 2575 οὕτω
3647 2524 3705 2576 δὲ
3734 2525 4048 2594 περιφανὴς

776 2596 995 2662 ἐγένετο
1048 2598 1141 2649 καὶ
1190 2597 1569 2668 περίϐλεπτος,
1623 2599 1698 2659 ὡς
1729 2600 1947 2670 καὶτῆς
1980 2594 2371 2668 ἀρχιερατικῆς
2413 2597 2705 2665 προεδρίας
2747 2600 3076 2671 ἀξιωθῆναι,
3117 2609 3211 2660 καὶ
3249 2616 3575 2685 ποιμενικὴν
3624 2618 4043 2689 ἐγχειρισθῆναι

773 2686 1120 2757 κηδεμονίαν,
1157 2689 1250 2739 καὶ
1267 2688 1364 2757 τῆς
1380 2688 1595 2749 οἰκείας
1625 2690 1883 2761 πατρίδος
1916 2688 2343 2760 ἐμπιστευθῆναι
2384 2684 2481 2754 τὴν
2509 2689 2847 2757 ἐπιμέλειαν.

844 2778 1202 2834 Admirabilis
1257 2794 1421 2848 porro
1450 2779 1748 2842 Eusebius,
1814 2792 2146 2849 congregato
2204 2776 2349 2847 gregi

2536 2776 2792 2844 Εὐσέϐιος
2844 2784 2899 2836 δὲ
2951 2789 2977 2836 ὁ
3039 2788 3358 2858 θαυμάσιος,
3406 2794 3527 2860 τῆς³
3559 2800 4049 2875 συναθροισθείσης

773 2875 1081 2945 praesidens
1125 2872 1374 2941 magistri
1406 2874 1572 2927 etiam
1632 2890 1817 2927 curam
1848 2876 2089 2944 gerebat,
2120 2882 2172 2927 et
2200 2873 2351 2926 solus

774 2981 876 3021 Suo
929 2964 1079 3016 illum
1138 2971 1383 3032 tempore
1430 2965 1687 3026 adeundi,
1735 2974 1787 3017 et
1825 2982 1952 3018 num
2003 2966 2131 3033 quid
2188 2965 2347 3015 vellet

774 3052 1006 3124 rogandi
1063 3060 1395 3121 potestatem
1462 3053 1717 3105 habebat.
1750 3050 1925 3105 Noctu
1980 3067 2108 3119 ergo
2160 3050 2349 3103 videre

775 3151 1005 3217 cupiens
1036 3145 1168 3215 quid
1220 3152 1425 3214 ageret,
1478 3160 1575 3213 per
1627 3144 1943 3211 fenestram,
1983 3160 2103 3212 qua:
2166 3145 2352 3197 admo-

774 3241 903 3293 dum
963 3252 1129 3307 parva
1190 3243 1329 3300 erat,
1392 3250 1561 3290 ausus
1608 3234 1897 3303 inspicere,
1945 3234 2091 3287 videt
2145 3235 2346 3296 lumen,

775 3348 885 3386 mn
948 3332 1225 3391 lucernae,
1312 3342 1489 3396 neque
1562 3326 1969 3385 manufactum,
2034 3324 2127 3379 sed
2208 3324 2348 3378 divi-

775 3438 927 3485 num,
956 3431 1011 3474 et
1034 3436 1064 3473 a
1090 3434 1327 3489 superna
1359 3419 1529 3487 gratia
1561 3418 1888 3486 profectum,
1915 3434 2078 3487 supra
2104 3417 2347 3486 magistri

774 3513 973 3581 caput‘
997 3511 1288 3581 refulgere,
1316 3520 1368 3563 et
1409 3510 1463 3562 in
1498 3510 1701 3562 divinis
1754 3510 1989 3577 Scriptis
2042 3509 2349 3562 litterarum

776 3610 1115 3656 structuram
1147 3600 1457 3656 ostendere.
1490 3599 1712 3653 Librum
1747 3601 1888 3652 enim
1928 3615 2037 3669 prae
2094 3601 2350 3652 manibus

776 3692 1033 3755 habebat,
1062 3690 1276 3761 1140
1303 3698 1357 3745 et
1384 3690 1583 3744 divinae
1612 3690 1911 3744 voluntatis
1974 3691 2346 3743 inviolabilem

777 3787 1100 3839 thesaurum
1137 3784 1441 3852 quazrebat.
1483 3780 1607 3837 Haec
1636 3783 1869 3836 intuitus
1896 3798 2017 3835 eum
2048 3791 2194 3836 esset
2240 3785 2350 3835 Ειι-

774 3876 981 3941 sebius,
1019 3889 1217 3944 magno
1246 3876 1440 3929 timore
1477 3890 1539 3929 ae
1594 3884 1816 3943 stupore
1846 3890 2155 3943 percussus,
2188 3883 2241 3927 ct
2269 3876 2350 3928 in-

774 3970 954 4023 fusam
992 3966 1195 4019 famulo
1226 3964 1317 4019 Dei
1349 3967 1608 4036 gratiam,
1631 3976 1684 4020 et
1705 3982 1810 4034 qua
1840 3966 1984 4020 Deus
2007 3982 2195 4020 servos
2219 3983 2350 4021 suos

774 4057 1153 4112 benevolentia
1178 4064 1545 4125 prosequatur
1570 4056 1816 4112 edidicit.
1872 4057 2020 4110 Alias
2050 4073 2264 4122 rursus,
2296 4059 2348 4110 in

774 4149 1043 4203 vestibulo
1073 4147 1271 4200 domus
1319 4148 1562 4199 orationi
1593 4162 1810 4215 cperam
1858 4149 2021 4202 dante
2046 4147 2347 4211 Marciano,

774 4239 944 4292 draco
967 4237 1215 4305 quidam,
1245 4239 1337 4304 qui
1373 4236 1515 4288 muri
1563 4245 1771 4304 partem
1807 4238 2007 4289 orienti
2060 4238 2347 4291 obversum

774 4328 1042 4396 reptando
1097 4328 1441 4389 ascenderat,
1503 4327 1630 4380 inde.
1697 4328 1764 4379 ab
1802 4328 1910 4381 alto
1969 4338 2347 4399 prospectans,

776 4418 950 4471 hianti
974 4434 1066 4471 ore
1125 4429 1393 4487 torvoque
1447 4429 1674 4487 aspectu
1732 4420 1964 4473 insidias
2015 4422 2345 4475 minabatur.

775 4508 971 4561 Procul
1035 4520 1211 4561 autem
1284 4518 1436 4563 stans
1496 4509 1785 4571 Eusebius,
1816 4519 1871 4563 et
1927 4512 2203 4565 horrendo
2257 4512 2349 4566 illo

775 4600 1097 4666 spectaculo
1153 4600 1500 4662 terrefactus,
1535 4603 1858 4670 magistrum
1890 4604 1940 4655 id
1969 4605 2224 4672 ignorare
2251 4624 2341 4659 ar-

774 4691 1028 4752 bitratus,
1062 4691 1168 4742 alta
1218 4708 1353 4746 voce
1376 4694 1622 4746 clamans
1648 4693 1721 4746 illi
1761 4694 2101 4759 ostendebat,
2145 4711 2347 4764 rogans

775 4789 835 4834 ut
883 4773 1113 4850 fugeret.
1166 4780 1335 4846 Quem
1375 4785 1667 4853 increpans
1722 4786 1835 4850 ille,
1888 4796 2200 4856 metumque
2230 4796 2349 4843 tan-

775 4888 938 4941 quam
973 4873 1341 4941 perniciosum
1392 4874 1646 4929 affectum
1703 4878 1974 4946 expellere
2010 4878 2236 4947 jubens,
2265 4881 2346 4935 di-

776 4968 885 5035 gito
921 4966 1106 5020 crueis
1139 4968 1361 5035 liguram
1389 4970 1680 5037 expressit,
1708 4979 1763 5023 et
1795 4985 1890 5024 ore
1942 4972 2222 5027 insumaus
2255 4991 2374 5026 νει--

777 5065 920 5109 teres
950 5057 1268 5111 inimicitias
1291 5058 1569 5125 patefecit.
1603 5060 1723 5113 Mox
1753 5061 1898 5114 enim
1928 5062 2115 5125 draco,
2151 5065 2346 5133 spiritu

776 5147 886 5202 oris
943 5147 1105 5200 veluti
1144 5146 1359 5200 flamma
1386 5149 1616 5217 quadam
1666 5159 1957 5220 correptus
1981 5162 2036 5206 et
2066 5154 2344 5217 incensus,

774 5248 977 5294 exustae
1012 5240 1184 5293 instar
1210 5241 1495 5296 arundinis
1531 5243 1583 5295 itt
1622 5243 1822 5297 multas
1857 5253 2040 5312 partes
2075 5245 2344 5299 dissectus

776 5340 875 5387 est.
939 5330 1075 5385 Vide
1136 5347 1287 5400 ergo,
1317 5349 1384 5386 an
1447 5349 1553 5398 non
1588 5334 1870 5388 dominum
1942 5344 1999 5388 ut
2051 5338 2347 5391 benevolus

774 5435 970 5473 servus
1027 5422 1273 5476 imitatus
1329 5426 1420 5478 sit.
1462 5424 1726 5479 Dominus
1760 5426 1931 5491 enim,
1975 5442 2099 5479 cum
2137 5426 2344 5482 fureret

772 5510 1067 5578 aliquando
1099 5527 1247 5566 mare
1285 5512 1340 5565 in
1392 5514 1699 5567 naviculam
1762 5513 2184 5585 discipulorum,
2217 5530 2340 5570 eos-

773 5618 874 5670 que
905 5604 1217 5658 laborantes
1240 5603 1476 5665 videret,
1510 5620 1618 5657 non
1644 5604 1798 5673 prius
1823 5616 2002 5660 tamen
2038 5607 2206 5661 maris
2236 5623 2338 5661 aes-

773 5705 886 5745 tum
939 5694 1171 5759 sedavit,
1231 5711 1393 5764 quam
1460 5696 1901 5749 incredulitatem
1941 5698 2337 5768 discipulorum

775 5784 1108 5844 increpando
1138 5797 1532 5856 compesceret.
1558 5788 1693 5842 llinc
1730 5790 1956 5846 edoctus
1991 5791 2071 5845 vir
2104 5792 2339 5847 admira-

2379 3306 2417 3359 C

2459 2874 2842 2938 προατατεύων
2878 2878 3100 2947 ἀγέλης.
3134 2883 3222 2934 καὶ
3270 2884 3364 2935 τοῦ
3411 2886 3730 2951 διδασκάλου
3779 2893 3882 2962 τὴν
3916 2874 4046 2947 ἐπι-

2461 2964 2681 3031 μὲλειαν
2710 2968 3036 3031 ἀνεδὲδεκτο,
3066 2974 3157 3023 καὶ
3190 2974 3349 3041 μόνος
3370 2979 3448 3037 εἰς
3478 2980 3669 3050 καιρὸν
3715 2983 3868 3053 αὑτῴ
3918 3004 4044 3055 φοι-

2458 3058 2555 3126 τᾷν
2601 3059 2693 3110 καὶ
2750 3060 3112 3116 πυνθάνεσθαι
3148 3069 3218 3135 μή
3251 3084 3301 3118 τι
3338 3067 3577 3136 βούλοιτο
3608 3073 3841 3141 ἠξιοῦτο.
3887 3080 4041 3132 Ἐθε-

2460 3147 2627 3213 λὴσας
2655 3150 2711 3201 δέ
2740 3168 2867 3203 ποτε
2912 3153 3124 3225 νύκτωρ
3155 3158 3283 3210 ἰδεῖν
3325 3160 3352 3211 ὅ
3382 3177 3434 3212 τι
3486 3164 3736 3231 πράττει,
3772 3170 4041 3241 ἐτόλμησε

2458 3242 2522 3309 τῇ
2576 3243 2915 3313 φωταγωγῴ,
2951 3246 3182 3317 βραχεῖα
3224 3250 3280 3302 δὲ
3337 3247 3433 3321 ἦν’
3459 3254 3619 3323 αὕτη,
3646 3252 3925 3312 quidam"
3949 3265 4041 3315 καὶ

2454 3331 2781 3400 παρακύψας
2805 3337 2905 3405 ὁρᾷ
2937 3338 3050 3403 φῶς
3081 3341 3141 3391 οὐ
3163 3339 3451 3410 λυχνιαίον,
3486 3346 3608 3398 οὐδὲ
3640 3351 4041 3419 χειροποίητον,

2454 3421 2588 3474 ἀλλὰ
2618 3423 2911 3488 θεότδοτον,
2942 3430 3151 3499 καὶτῆς
3185 3433 3391 3485 ἄνωθεν
3429 3436 3669 3505 χάριτος,
3706 3441 3808 3507 τῆς
3843 3440 3939 3491 τοῦ
3962 3441 4037 3493 δι·

2414 3580 2418 3584 .
2452 3512 2720 3565 δασκά>.ου
2753 3517 2997 3584 κορυφῆς
3051 3520 3458 3589 ἀπαστράπτον,
3488 3526 3578 3576 καὶ
3609 3526 3715 3577 τῶν
3745 3527 3912 3580 θείων
3950 3530 4034 3580 λο-

2453 3602 2587 3668 γίων
2648 3605 2994 3659 ὑποδεικνύον
3049 3610 3277 3679 τὴντῶν
3343 3616 3688 3683 γραμμάτων
3761 3618 4032 3673 σύνθεσιν.

2454 3691 2563 3742 Καὶ
2610 3692 2718 3761 γὰρ
2751 3694 2952 3763 βιϐλίον
2976 3699 3221 3767 κατέχων
3255 3702 3535 3771 ἐτύγχανε,
3567 3707 3659 3756 καὶ
3697 3707 3790 3759 τὸν
3836 3709 4036 3762 ἄσυλον

2454 3782 2727 3855 θησαυρὸν
2758 3785 3009 3856 ἐπεζήτει
3040 3789 3133 3840 τοῦ
3174 3790 3316 3843 θείου
3348 3792 3669 3864 θελήματος.
3710 3798 3886 3852 Τοῦτο
3913 3803 4037 3854 θεα-

2455 3878 2689 3946 σάμενος
2732 3872 2997 3941 Ἐὐσέϐιος
3033 3883 3060 3932 ὀ
3116 3881 3433 3950 θαυμάσιος,
3484 3885 3636 3949 δέους
3688 3905 3749 3939 τε
3808 3893 4035 3960 ἐνεπίμ-

2453 3970 2642 4032 πλατο,
2700 3972 2795 4023 καὶ
2824 3972 3024 4041 φρίκης
3060 3974 3254 4041 μεστὸς
3280 3976 3502 4040 ἐγίνετο,
3540 3978 3632 4029 καὶ
3668 3979 3763 4047 τὴν
3794 3998 4037 4036 κατακε-

2452 4060 2693 4130 χυμένην
2719 4061 2809 4114 τοῦ
2844 4064 2986 4115 θείου
3012 4064 3343 4133 θεράποντος
3381 4066 3688 4120 ἐδιδάσκετο
3715 4071 3905 4141 χάριν,
3942 4080 4035 4129 καὶ

2452 4149 2545 4201 τοῦ
2581 4150 2712 4202 Θεοῦ
2739 4152 2836 4221 τὴν
2872 4153 2998 4222 περὶ
3026 4156 3149 4215 τοὺς
3185 4154 3404 4216 δούλους
3440 4158 3741 4223 ἐμάνθανεν
3790 4161 4033 4217 εὔνοιαν.

2455 4242 2674 4295 Ἀλλοτε
2705 4244 2783 4306 δέ,
2814 4246 2869 4295 ἐν
2901 4245 2977 4312 τῷ
3016 4245 3292 4316 προαυλίῳ
3333 4246 3426 4298 τοῦ
3462 4249 3695 4317 μεγάλου
3726 4269 4036 4323 προσευχο-

2455 4333 2619 4402 μένου
2669 4337 3006 4405 Μαρκιανού.
3061 4337 3274 4405 δράκων
3313 4356 3393 4400 τις
3445 4342 3757 4407 ἀνερπύσας
3808 4348 3894 4406 είς
3945 4348 4035 4400 τὶν

2452 4426 2588 4496 πρὸς
2611 4426 2686 4479 ἕω
2718 4430 3089 4497 τετραμμένον
3122 4432 3322 4497 τοῖχον,
3355 4431 3561 4484 ἀνωθεν
3591 4433 3683 4484 τοῦ
3725 4437 3915 4504 τοίχου
3950 4440 4031 4491 δι-

2450 4516 2617 4585 έκυψε
2664 4517 2908 4587 κεχηνὼς
2955 4534 3014 4569 τε
3064 4519 3181 4587 ἅμα
3232 4521 3325 4572 καὶ
3363 4520 3617 4591 βλοσυρὸν
3666 4524 3901 4591 βλέπων,
3937 4533 4029 4582 καὶ

2451 4610 2548 4680 τὴν
2580 4608 2869 4678 ἐπιϐουλὴν
2913 4609 3211 4678 σημαίνων.
3260 4612 3453 4682 Πόέὶρω
3493 4615 3549 4667 δὲ
3583 4615 3755 4680 ἑστὼς
3781 4620 3811 4671 ὁ
3852 4619 4029 4675 Εὐσέ-

2451 4702 2586 4763 ϐιος,
2621 4700 2715 4752 καὶ
2744 4699 2804 4751 τὸ
2826 4699 3299 4767 φρικῶδεςνὲκεῖνο
3330 4701 3510 4772 θέαμα
3557 4704 3759 4769 δείσας,
3814 4711 3908 4761 καὶ
3936 4713 4033 4764 τὸν

2449 4792 2766 4846 διδάσκαλον
2828 4791 3042 4857 ἀγνοεῖν
3101 4792 3469 4859 ὑποτοπάσας,
3526 4796 3812 4850 ὑπεδείκνυ
3861 4800 4027 4870 βοῶν,

2450 4885 2542 4938 καὶ
2599 4886 2791 4952 φυγεῖν
2845 4882 3158 4937 ἀντιϐολῶν.
3202 4884 3259 4937 ’0
3291 4886 3347 4938 δέ
3378 4887 3724 4956 ἐπιτιμήσας,
3780 4892 3874 4942 καὶ
3930 4894 4031 4959 τήν

2448 4975 2651 5027 δειλίαν
2674 4973 2924 5026 ἐκϐαλεῖν
2953 4974 3233 5039 κελεύσας,
3266 4976 3434 5039 πάθος
3467 4982 3572 5047 γὰρ
3603 4973 3743 5031 εἶναι
3777 4982 3871 5033 καὶ
3900 4984 4031 5035 ταύο

2447 5082 2546 5135 την
2580 5065 2840 5135 ὀλέθριον,
2869 5065 2929 5116 τὸ
2977 5066 3072 5135 μὲν
3101 5070 3325 5136 σημεῖον
3373 5068 3618 5138 δακτύλῳ
3666 5071 3761 5122 τοῦ
3792 5074 4027 5142 σταυροῦ

2451 5155 2825 5224 προετύπωσε,
2858 5156 3157 5227 ἐνεφύσησε
3200 5158 3256 5211 δὲ
3283 5159 3361 5228 τῷ
3393 5160 3644 5228 στόματι,
3670 5162 3763 5214 καὶ
3788 5164 3889 5232 τὴν
3920 5181 4025 5216 παν

2449 5244 2604 5298 λαιὰν
2634 5247 3011 5318 παρεδήλωσεν
3034 5248 3252 5318 ἔχθραν.
3290 5252 3346 5303 '0
3370 5251 3449 5317 δὲ,
3488 5251 3736 5323 καθάπερ
3768 5254 3904 5325 πυρί
3923 5273 4025 5307 τινι

2446 5336 2524 5407 τῷ
2556 5337 2649 5391 τοῦ
2682 5339 2946 5409 στόματος
2982 5340 3250 5412 πνεύματι
3284 5342 3563 5412 ἀναφθεὶς,
3601 5345 3696 5397 καὶ
3724 5345 3893 5397 οἱονεὶ
3924 5348 4028 5415 ἐμ..

2446 5428 2731 5497 πρησθεὶς,
2760 5431 3013 5501 καλάμης
3042 5432 3196 5504 δίκην
3228 5434 3695 5505 καταφλεχθείσης
3743 5438 3824 5498 είς
3853 5436 4027 5489 πολλὰ

2444 5518 2684 5591 διελύθη.
2726 5522 2867 5591 Ὅρα
2893 5540 2979 5591 μοι
3011 5523 3190 5576 τοίνυν
3219 5508 3267 5576 εί
3306 5527 3379 5594 μὴ
3403 5528 3493 5577 τὸν
3523 5527 3796 5595 Δεσπότην
3819 5527 3896 5590 ὡς
3933 5528 4028 5581 εύ-

2446 5628 2568 5673 νους
2597 5612 2813 5679 οἰκέτης
2850 5613 3173 5684 μεμίμηται.
3209 5613 3315 5667 Καὶ
3344 5616 3453 5685 γὰρ
3498 5618 3526 5669 ὁ
3570 5615 3868 5685 Δεσπότης,
3925 5620 4028 5684 τῆς

2448 5702 2722 5772 θαλάσσης
2764 5705 3123 5774 ἑπιμανείσης
3167 5707 3290 5758 ποτὲ
3322 5706 3399 5776 τῷ
3446 5707 3641 5777 σκάφει
3674 5708 3750 5777 τῷ
3778 5706 3886 5758 τῶν
3921 5725 3999 5776 μα

2448 5792 2645 5863 θητῶν,
2672 5796 3015 5862 ἀγωνιῶντας
3043 5797 3265 5859 τούτους
3300 5798 3648 5869 θεασάμενος,
3672 5800 3733 5851 οὐ
3760 5798 4029 5877 πρότερον
