4206 6456
168 407 309 474 1329

1393 413 1797 473 RELIGIOSA
1834 415 2213 474 HISTORIA.

3282 420 3418 485 i330

163 526 265 592 τῆς
307 520 584 590 θαλάσσης
618 522 714 592 τὴν
743 523 913 592 ζάλην
945 522 1219 592 ὲστόρεσε,
1257 525 1381 593 πρὶν
1423 524 1454 592 ἢ
1503 523 1612 576 τῶν
1647 541 1749 592 μα-

1873 525 2006 583 )ἱιίε,
2037 525 2271 591 primum
2298 537 2324 575 a
2354 523 2626 592 discipulo
2650 528 2902 582 timorem
2935 528 3206 592 excussit,
3228 530 3427 587 deinde

166 611 348 674 θητῶν
384 614 695 683 ἐπιτιμήσει
723 615 1056 667 καταπαύσοι
1083 613 1181 683 τήν
1210 615 1487 668 ἀπιστίαν.
1527 614 1741 667 Ἐντεῦ-

1850 614 2086 667 belluam
2118 614 2393 681 supplicio
2421 614 2595 670 dedit.

168 702 260 754 θεν
289 708 319 755 ὁ
348 703 648 773 Θαυμάσιος
669 696 824 768 οὗτος
851 704 1025 758 ταῦτα
1054 704 1503 774 πεπαιδευμένος,
1536 705 1749 773 πρῶτον
1790 704 1883 755 τού
1916 702 2157 772 μαθητοῦ
2189 704 2284 773 τὴν
2317 704 2517 758 δειλίαν
2560 707 2830 772 ἐξέλαϐεν,
2867 706 2965 763 εἶθ’
2992 710 3162 774 οὕτως
3215 710 3276 763 τὸ
3333 710 3428 778 θη-

171 798 288 866 ρίον
312 798 552 867 τιμωρίᾳ
576 799 876 867 παρέδωκε.

241 885 482 955 Τοιαύτη
526 886 621 939 τοῦ
652 888 884 957 μεγάλου
916 886 1236 958 Μαρκιανοῦ
1265 890 1359 940 καὶ
1387 890 1419 958 ή
1447 888 1626 955 σοφία,
1659 888 1750 938 καὶ

170 978 205 1044 η
255 976 818 1049 θαυματουργίακκαὶ
849 981 881 1050 η
912 980 1047 1049 πρὸς
1082 979 1215 1037 Θεὸν
1267 979 1565 1050 παρρησία.
1610 978 1749 1030 Ἀλλ’

173 1068 325 1136 ὅμως
376 1070 468 1120 καὶ
495 1071 749 1138 τοιαύτης
781 1072 1004 1140 χάριτος
1037 1071 1356 1141 ἠξιωμένος,
1386 1071 1481 1123 καὶ
1535 1071 1748 1139 θαυμα-

172 1163 426 1227 τουργείν
450 1162 657 1229 μεγάλα
684 1163 997 1230 δυνάμενος,
1034 1163 1297 1233 κρύπτειν
1328 1162 1625 1224 ἐσπούδαζε
1651 1161 1750 1230 τὴν

180 1256 356 1323 ἰσχὺν,
391 1254 483 1305 τοῦ
522 1254 827 1308 λωποδύτου
851 1257 947 1324 τῆς
978 1258 1176 1326 ἀρετῆς
1206 1255 1304 1318 τὰς
1355 1256 1602 1325 μηχανάς
1646 1256 1747 1321 ὑφ’

175 1344 477 1413 ορώμενος.
504 1344 578 1397 Τὸ
602 1347 707 1415 γάρ
730 1346 826 1414 τῆς
846 1347 1161 1410 ἀλαζονείας
1184 1346 1531 1416 ὑποσπείρων
1558 1344 1748 1406 πάθος,

175 1436 303 1497 τοὺς
338 1436 484 1504 πόνῳ
512 1436 863 1502 συλλεγέντας
891 1438 1133 1505 καρποὺς
1154 1436 1434 1508 λῃστεύειν
1466 1435 1748 1503 ἐπιχειρεῖ.

176 1527 289 1579 Καὶ
319 1525 582 1594 κρύπτειν
612 1527 669 1579 δὲ
714 1528 811 1597 τὴν
858 1528 1147 1598 δεδομένην
1181 1526 1637 1597 προθυμούμενος.
1654 1526 1754 1594 χά-

180 1633 287 1685 ριν,
324 1617 477 1669 ἄκων
527 1618 975 1689 ἐθαυματούργει,
1029 1620 1127 1688 τῆς
1159 1620 1267 1671 τῶν
1316 1618 1756 1687 κατορθωμάτων

181 1709 378 1777 αἴγλης
430 1711 945 1783 ἀπαστραπτούσης,
981 1714 1074 1766 καὶ
1098 1712 1196 1782 τὴν
1227 1712 1612 1783 κεκρυμμένην
1663 1710 1758 1763 δύ-

180 1820 347 1870 ναμιν
393 1804 887 1875 παραγυμνούσης*
928 1806 1023 1858 καὶ
1070 1806 1269 1876 δήποτε
1324 1804 1523 1857 τοιόνδε
1560 1804 1756 1870 συνέϐη

1924 878 2074 932 Talis
2108 880 2290 947 magni
2334 878 2594 934 Marciani
2627 885 2895 952 sapientia
2931 885 3064 949 fuit,
3101 898 3153 941 et
3186 892 3421 961 miracu-

1854 968 2032 1021 lorum
2073 977 2352 1037 potestas,
2402 979 2453 1024 et
2492 972 2692 1027 liducia
2749 976 2803 1029 in
2843 978 3033 1033 Deum.
3070 979 3171 1032 Sed
3206 991 3426 1041 tamen.

1854 1067 2004 1111 tanta
2041 1060 2213 1127 gratia
2242 1062 2508 1123 prmditus
2534 1079 2660 1116 cum
2698 1077 2888 1129 esset,
2928 1080 2980 1122 et
3018 1084 3211 1139 magna
3242 1082 3429 1139 posset

1854 1152 2034 1205 facere
2068 1152 2333 1205 miracula
2355 1195 2367 1217 ,
2403 1156 2661 1213 studebat
2696 1159 2839 1212 hanc
2873 1162 3054 1216 celare
3084 1164 3427 1232 potestatem,

1855 1241 2061 1311 115]
2100 1244 2371 1310 prmdonis
2411 1247 2674 1302 virtutum
2721 1252 2951 1305 technas
2995 1253 3203 1310 habens
3236 1274 3434 1326 suspe‘

1857 1343 2011 1395 ctus,
2055 1337 2145 1403 qui
2188 1340 2518 1407 arrogantiae
2565 1340 2759 1394 vitium
2794 1346 3218 1409 subscminans,
3251 1351 3436 1404 labore

1859 1426 2119 1481 collectos
2164 1427 2380 1482 fructus
2432 1431 2646 1499 eripere
2697 1447 2948 1488 conatur.
3008 1437 3190 1502 Quare
3248 1430 3433 1491 datam

1861 1519 1967 1571 sibi
2016 1521 2251 1588 gratiam
2299 1523 2481 1578 celare
2515 1525 2781 1589 studens,
2830 1527 3037 1583 invitus
3070 1531 3317 1585 veniebat
3369 1533 3443 1586 ad

1864 1608 2115 1665 facienda
2162 1612 2429 1666 miracula
2457 1653 2472 1677 ,
2510 1630 2637 1668 cum
2685 1618 3010 1672 eximiorum
3043 1620 3163 1687 ejus
3208 1637 3435 1689 operum

1856 1702 2019 1770 jubar
2051 1704 2458 1773 resplenderet,
2512 1717 2567 1763 et
2611 1725 2772 1778 quam
2813 1714 3125 1768 occultabat
3166 1716 3435 1769 -virtutem

1865 1794 2269 1849 manifestaret.
2307 1795 2554 1861 Quodam
2599 1802 2769 1871 igitur
2803 1814 3051 1875 tempore
3095 1822 3181 1861 res
3239 1808 3438 1862 accidit

181 1894 459 1960 γενέσθαι.
522 1896 684 1967 Ἀνήρ
736 1914 817 1958 τις
868 1896 977 1949 τῶν
1024 1875 1388 1967 εὐπατριδῶν,
1444 1898 1538 1948 καὶ
1589 1894 1763 1964 ἀρχάς

1873 1884 2207 1950 bujusmodi.
2270 1887 2364 1940 Vir
2413 1890 2680 1958 quidam,
2735 1896 2905 1949 nobili
2963 1898 3084 1951 loco
3129 1906 3325 1959 natus,
3386 1908 3440 1951 et

186 1986 587 2054 στρατιωτικάς
642 1986 896 2050 πολλάκις
945 1986 1331 2057 ἐγχειρισθεὶς,
1383 1986 1489 2037 ἀπὸ
1542 1984 1765 2053 Βεροίας

182 2077 282 2145 τῆς
336 2077 537 2146 Συρίας
586 2077 928 2148 ὁρμώμενος,
971 2079 1070 2146 τῆς
1126 2078 1393 2147 θυγατρὸς
1442 2076 1533 2129 ἐπὶ
1589 2076 1764 2146 χρόνῳ

413 2169 873 2239 κορυϐαντιώσης,
928 2172 1022 2222 καὶ
1080 2170 1184 2223 ὑπὸ
1234 2170 1468 2239 πονηροῦ
1514 2169 1765 2237 δαίμονος

185 2260 601 2329 ἐνοχλουμένης.
634 2263 727 2313 καὶ
749 2260 1047 2330 λυττώσης,
1085 2261 1492 2331 καταλαμϐάνει
1517 2262 1615 2329 τὴν
1642 2260 1767 2330 ἔρη-

191 2367 308 2417 μον,
345 2350 584 2419 συνήθης
631 2352 725 2419 μὲν
772 2352 847 2404 ὢν
872 2352 965 2405 τοῦ
1007 2354 1242 2421 μεγάλου
1273 2351 1614 2421 Μαρκιανοᾷ
1641 2369 1766 2403 συνο

186 2441 476 2504 τεύξεσθαι
510 2442 565 2493 δὲ
590 2442 739 2513 αὐτῷ
766 2444 860 2494 καὶ
892 2442 1240 2513 ἀντιϐολῆσαι
1261 2444 1348 2496 διά
1369 2443 1465 2513 τὴν
1494 2444 1766 2514 προτέραν

192 2533 484 2602 συνήθειαν
515 2534 847 2603 προσδοκῶν.
888 2536 1158 2599 Ψευσθεὶς
1185 2536 1237 2589 δὲ
1268 2536 1367 2605 τῆς
1414 2536 1643 2597 ἐλπίδος,
1675 2537 1767 2588 καὶ

190 2624 293 2697 τῆς.
320 2623 451 2686 θέας
480 2625 791 2693 διαμαρτὼν
820 2624 912 2677 τοῦ
959 2625 1105 2678 θείου
1137 2625 1488 2697 θεράποντος,
1535 2627 1767 2677 ἱκετεύει

190 2714 310 2765 τινα
337 2715 670 2783 πρεσϐύτην,
720 2715 777 2777 ὃς
809 2717 929 2769 κατ’
951 2718 1128 2769 ἐκεῖνο
1156 2718 1349 2787 καιροῦ
1378 2718 1475 2786 τὴν
1504 2717 1595 2769 τοῦ
1624 2717 1767 2769 θείου

192 2805 386 2871 ἀνδρὸς
462 2806 736 2859 διακονίαν
804 2808 1194 2877 ἐγκεχείριστο,
1265 2809 1457 2876 μικρὸν
1516 2809 1769 2877 ληκύθιον

195 2896 379 2947 ἐλαίου
410 2897 613 2966 πλῆρες
656 2898 1014 2964 ὑποδέξασθαί
1043 2917 1099 2952 τε
1130 2902 1223 2953 καὶ
1250 2904 1378 2971 παρ’
1402 2902 1569 2972 αὐτὴν
1601 2903 1770 2955 θεῖναι

194 2986 289 3038 τοῦ
329 2987 554 3039 οἰκιδίου
598 2989 696 3060 τὴν
728 2988 917 3059 θύραν.
961 2992 1018 3045 '0
1046 2992 1101 3044 δὲ
1137 2992 1467 3063 πρεσϐύτης,
1516 2994 1771 3054 πολλάκις

200 3076 301 3144 μὲν
352 3079 453 3147 τὴν
503 3080 816 3149 ἐγχείρησιν
865 3082 1144 3151 ἀρνηθεὶς,
1198 3084 1458 3146 πολλάκις
1507 3085 1563 3138 δέ
1612 3088 1772 3139 πάλιν

195 3170 603 3239 παρακληθεὶς,
645 3172 823 3241 ἥττων
862 3174 960 3243 τῆς
1012 3175 1219 3238 ἱκεσίας
1265 3176 1499 3243 ἐγένετο.
1536 3177 1664 3247 ,Τοῦ
1717 3181 1771 3230 δὲ

197 3259 410 3313 κτύπου
436 3262 755 3331 αἰσθόμενος
784 3266 811 3316 6
842 3265 1015 3332 μέγας
1056 3267 1393 3335 Μαρκιανὸς,
1444 3268 1774 3321 ἐπυνθάνετο

196 3351 282 3412 τίς
312 3367 370 3401 τε
397 3351 501 3419 εἴη,
531 3352 620 3404 ταὶ
640 3353 691 3404 τί
719 3352 970 3423 δεόμενος
995 3356 1136 3425 ἥκοι.
1174 3356 1232 3409 Ὀ
1262 3357 1318 3409 δέ
1350 3357 1447 3428 τὴν
1476 3358 1575 3427 μὲν
1602 3358 1774 3426 ἀληθῆ

200 3442 478 3511 πρόφασιν
506 3442 793 3514 ἔκρυπτεν,
825 3447 1131 3516 ἐσκήπτετο
1165 3449 1221 3505 δέ
1248 3449 1493 3519 ἀφῖχθαι,
1525 3450 1597 3513 ὡς
1672 3467 1775 3519 μα-

200 3534 504 3603 θησόμενος
524 3537 595 3605 μή
616 3553 669 3588 τι
686 3536 913 3590 κελεύοι·
938 3540 1033 3593 καὶ
1046 3539 1200 3592 τοῦτο
1210 3540 1382 3608 λέγων
1399 3543 1775 3611 ἀπεπέμπετο.

210 3626 351 3676 Ὑπὸ
398 3626 453 3677 δὲ
499 3625 597 3699 τὴν
646 3627 722 3679 ’ἐω
751 3628 911 3681 πάλιν
940 3631 1040 3699 τῆς
1084 3632 1250 3699 κόρης
1276 3633 1304 3684 6
1332 3633 1513 3702 πατὴρ
1540 3634 1780 3686 ἱκέτευεν

200 3714 533 3784 ἀποδοθῆναι
557 3716 703 3786 αύτῷ
722 3718 783 3771 τὸ
814 3718 1089 3788 ληκύθιον,
1117 3721 1145 3772 6
1173 3721 1229 3774 δὲ
1257 3721 1440 3784 δεδιὼς
1468 3724 1585 3792 μὲν,
1614 3724 1779 3794 ἀπῄει

202 3806 245 3858 δ’
268 3808 420 3876 ὅμως
456 3810 630 3877 ἠσυχῇ
762 3810 1013 3880 ἠδύνατο,
1040 3812 1133 3865 καλ⁸
1160 3812 1258 3883 τὴν
1287 3816 1442 3883 χεῖρα
1471 3815 1780 3882 προτείνας,

205 3898 301 3950 καὶ
352 3899 414 3949 τὸ
448 3899 704 3968 ληκύθιον
755 3901 952 3966 λαϐὼν,
1012 3905 1273 3973 ἐπειρᾶτο
1321 3905 1637 3959 λανθάνειν·
1671 3908 1698 3959 6
1727 3907 1783 3959 δὲ

206 3988 372 4040 πάλιν
400 3988 631 4042 ἐπύθετο
663 3990 716 4043 τί
756 3990 1078 4061 βουλόμενος
1110 3995 1255 4064 ῆκοι.
1290 3995 1377 4056 Ὠς
1398 3997 1454 4048 δέ
1486 3996 1584 4066 τὴν
1611 3998 1784 4066 αὐτὴν

204 4080 310 4147 ἔφη
342 4080 637 4149 πρόφασιν,
666 4082 733 4152 ήν
762 4081 856 4135 καὶ
894 4084 1133 4151 ἑσπέρας
1168 4084 1425 4156 ἐδήλωσε,
1448 4086 1786 4158 δυσχεράνας

205 4172 234 4221 6
276 4171 421 4234 θεῖος
471 4172 630 4241 ἀνὴρ,
663 4173 759 4225 ἆτε
792 4173 855 4243 δὴ
898 4176 1047 4245 παρὰ
1090 4175 1152 4227 τὸ
1172 4175 1361 4239 εἰωθὸς
1390 4178 1783 4248 γεγενημένην,

207 4258 303 4312 τοῦ
333 4258 637 4329 πρεσϐύτου
660 4260 760 4330 τὴν
801 4261 1005 4332 ἄφιξιν,
1036 4262 1244 4332 τάληθῆ
1277 4265 1641 4332 ἀπαγγέλλειν
1667 4268 1788 4319 ἐκέ-

210 4351 387 4403 λευεν.
431 4352 491 4404 '0
538 4351 601 4427 δὲ.
662 4352 950 4422 δειμαίνων
987 4355 1083 4407 καὶ
1108 4354 1348 4426 τρέμων,
1396 4359 1490 4409 καὶ
1525 4358 1788 4427 κρύπτειν

210 4443 304 4494 τὸν
355 4443 455 4512 τῆς
508 4420 658 4505 θείας
690 4444 909 4514 χάριτος
961 4446 1241 4498 ἀνάπλεων
1270 4447 1331 4498 οὐ
1359 4446 1674 4517 δυνάμενος,
1706 4450 1790 4512 τίς

1866 1976 2194 2029 militaribus
2234 1994 2377 2047 saepe
2438 1980 2664 2037 [ιιιιριιιε
2701 1986 3039 2049 honoribus,
3081 2003 3144 2041 ex
3184 1987 3439 2041 Berrlima

1866 2066 2037 2136 Syria:
2072 2069 2205 2123 urbe
2248 2073 2520 2127 oriundus
2549 2116 2561 2135 ,
2601 2090 2725 2128 cum
2769 2075 2888 2145 ejus
2921 2077 3027 2130 ﬁlia
3074 2077 3279 2131 dudum
3314 2080 3442 2132 bac-

1864 2159 2146 2223 cliarctur,
2202 2170 2257 2214 et
2307 2178 2335 2215 a
2387 2166 2533 2219 malo
2587 2167 2833 2222 daemone
2879 2178 3070 2223 vexata
3124 2171 3175 2224 in
3232 2172 3455 2226 rabiem

1867 2262 2143 2317 ageretur,
2174 2255 2191 2271 ‘
2224 2255 2372 2307 venit
2425 2256 2478 2311 in
2539 2258 2936 2343 solitudinem,
2968 2268 3021 2314 et
3067 2263 3194 2329 quia
3244 2278 3440 2331 magno

1866 2340 2151 2395 Marciano
2188 2344 2471 2402 familiaris
2504 2348 2682 2402 fuerat
2708 2340 2737 2413 ,⁷
2760 2350 3015 2418 sperabat
3044 2358 3264 2420 propter
3297 2351 3442 2418 prio-

1866 2448 1984 2486 rem
2025 2437 2482 2491 consueludincm
2546 2440 2663 2495 (ore
2706 2449 2764 2495 ut
2806 2440 2930 2495 cum
2985 2443 3342 2506 conveniret,
3390 2452 3443 2498 et

1866 2540 2053 2579 coram
2106 2538 2349 2597 rogaret.
2389 2527 2497 2599 Spe
2549 2540 2732 2585 autem
2786 2532 3125 2597 frustratus,
3181 2540 3307 2587 cum
3349 2531 3448 2587 Dei

1869 2632 2087 2670 servum
2127 2620 2312 2675 videre
2360 2620 2461 2690 ipsi
2518 2637 2626 2676 non
2672 2622 2899 2689 liceret,
2925 2639 3112 2679 senem
3150 2622 3443 2699 quemdam

1873 2708 2116 2775 rogavit,
2154 2710 2242 2762 cui
2295 2711 2388 2763 illo
2428 2720 2675 2781 tempore
2708 2712 2881 2768 divini
2931 2714 3033 2768 viri
3080 2715 3443 2768 commissum

1872 2806 1991 2849 erat
2028 2800 2398 2855 ministerium
2422 2843 2437 2866 ,
2496 2812 2556 2856 ut
2607 2819 2831 2872 parvum
2872 2806 3146 2876 lecythum
3183 2807 3304 2861 oleo
3337 2806 3448 2876 ple-

1874 2903 2002 2940 num
2037 2892 2316 2959 acciperet
2344 2934 2358 2956 ,
2389 2902 2444 2946 et
2478 2896 2542 2947 ad
2576 2896 2777 2949 ostium
2812 2896 3160 2952 domuncula:
3207 2898 3449 2966 depcne~

1875 2988 1977 3033 rct.
2011 2982 2168 3046 Quod
2205 2999 2372 3039 senex
2415 3003 2539 3040 cuni
2574 3003 2716 3056 sa-pe
2760 2987 3032 3041 facturum
3063 3005 3122 3043 se
3158 3000 3410 3058 negasset
3435 3030 3449 3050 ,

1874 3087 1936 3125 ac
1966 3088 2111 3143 saepe
2146 3091 2366 3131 rursum
2395 3087 2703 3148 rogaretur,
2736 3082 2914 3135 victus
2945 3081 3162 3135 tandem
3198 3082 3453 3151 precibus

1875 3165 2063 3218 cessit.
2092 3166 2334 3235 Strepitu
2367 3169 2581 3234 audito,
2620 3185 2853 3240 magnus
2874 3171 3188 3226 Marcianus
3227 3172 3455 3226 interro.

1881 3256 2027 3322 gavit
2058 3258 2181 3325 quis
2221 3268 2408 3328 esset,
2462 3268 2516 3315 et
2550 3276 2657 3329 qua
2691 3262 2759 3316 de
2792 3277 2960 3315 causa
2993 3262 3225 3317 veniret.
3261 3263 3311 3316 Is
3354 3275 3455 3315 au-

1880 3356 1989 3401 tem
2046 3364 2230 3403 veram
2289 3352 2473 3407 celans
2527 3368 2791 3415 causam,
2850 3354 3008 3410 ﬁnxit
3039 3371 3098 3410 se
3148 3355 3365 3419 venisse
3401 3363 3458 3407 ut

1880 3450 2300 3507 percontaretur
2335 3459 2464 3497 num
2502 3445 2949 3515 aliquidjuberet
2984 3465 2997 3499 :
3034 3455 3108 3511 et,
3134 3446 3238 3501 hoc
3264 3446 3415 3500 dicto
3440 3487 3456 3512 ,

1882 3529 2149 3588 dimissus
2171 3542 2275 3589 est.
2310 3535 2445 3588 Cum
2473 3546 2653 3590 autem
2673 3537 2776 3591 sub
2798 3552 3054 3591 auroram
3087 3555 3282 3593 rursus
3303 3546 3461 3608 pater

1884 3626 2081 3694 puclla:
2107 3626 2323 3684 restisui
2348 3620 2453 3687 sibi
2478 3629 2763 3682 vasculum
2795 3630 3119 3698 postularet,
3150 3645 3315 3684 senex
3349 3644 3459 3683 non

1884 3714 2003 3767 sine
2037 3723 2207 3777 metu,
2256 3715 2352 3768 ivit
2386 3724 2566 3768 tamen
2599 3731 2762 3785 quam
2805 3718 3045 3770 maximo
3077 3719 3254 3787 potuit
3297 3720 3462 3772 silen-

1885 3804 1961 3856 tio
1982 3844 1997 3863 .
2024 3813 2074 3856 et
2101 3816 2355 3873 porrecta
2385 3822 2548 3859 manu
2578 3818 2805 3876 accepto
2839 3809 3074 3878 Iecytho,
3103 3811 3271 3864 latere
3297 3825 3458 3864 cona-

1888 3895 2073 3948 batur.
2135 3897 2241 3951 Sed
2293 3898 2383 3952 ille
2430 3913 2628 3953 rursus
2681 3900 2985 3969 interrogat
3037 3916 3200 3970 quam
3232 3902 3303 3954 ob
3349 3917 3461 3955 rem

1886 3995 2123 4046 veniret.
2166 3989 2234 4043 Et
2275 4004 2399 4042 cum
2438 4003 2664 4043 causam
2694 3990 2976 4055 eamdem,
3020 4007 3183 4060 quam
3218 4006 3462 4059 vespere,

1891 4090 2255 4152 praetexeret,
2316 4081 2547 4138 moleste
2605 4080 2787 4135 ferens
2844 4082 3008 4136 homo
3063 4082 3275 4154 1142
3335 4081 3463 4154 Dei,

1889 4178 2095 4245 quippe
2147 4190 2272 4229 cum
2314 4182 2513 4244 praeter
2571 4174 3030 4228 consuetudinem
3095 4176 3463 4237 accessisset,

1889 4282 2021 4322 vera
2051 4264 2385 4335 respondere
2424 4265 2613 4333 jussit.
2650 4263 2786 4318 Tum
2832 4266 2923 4320 ille
2954 4266 3157 4319 timens
3184 4274 3238 4319 et
3272 4274 3468 4320 treme-

1892 4359 2155 4422 bundus,
2202 4369 2258 4412 ut
2296 4357 2388 4427 qui
2436 4372 2561 4410 eum
2618 4358 2710 4427 qui
2767 4356 2859 4411 Dei
2912 4358 3086 4426 gratia
3124 4359 3321 4427 plenus
3349 4369 3469 4411 erat

1891 4454 2062 4508 latere
2102 4468 2212 4506 non
2245 4457 2454 4520 posset,
2496 4459 2549 4504 et
2590 4450 2716 4519 quis
2752 4450 2962 4505 venerit
2990 4450 3159 4514 dixit,
3207 4458 3262 4504 et
3295 4458 3464 4503 totam

209 4551 269 4586 τε
300 4533 430 4602 ήκοι
462 4533 636 4602 ἔλεγε,
673 4536 765 4587 καὶ
794 4534 889 4587 τοῦ
922 4535 1127 4599 πάθους
1156 4537 1254 4607 τὴν
1277 4538 1581 4608 τραγῳδίαν
1613 4539 1777 4611 ἐδίδα-

1897 4545 2072 4598 morbi
2115 4544 2441 4612 tragmdiam
2475 4543 2776 4611 exposuit,
2818 4549 2871 4597 et
2897 4542 3173 4612 lecytbum
3202 4542 3465 4596 ostendit.

215 4641 336 4687 σκι,
365 4626 537 4679 καὶτὸ
564 4625 820 4695 ληκύθιον
849 4627 1147 4684 ἐπεδείκνυ.
1181 4629 1238 4681 'U
1256 4628 1314 4681 δὲ
1343 4629 1641 4698 ἠγανάκτει
1668 4632 1788 4700 μὲν,

210 4718 290 4778 ὡς
338 4718 486 4780 εἰκὸς
516 4713 607 4787 ἦν,
654 4718 929 4771 δεικνύναι
984 4720 1082 4790 τὴν
1111 4721 1313 4790 ἀρετὴν
1339 4723 1400 4774 ού
1447 4718 1790 4793 βουλόμενος,

212 4811 521 4881 ἀπειλήσας
550 4812 606 4864 δὲ
645 4811 812 4881 ὅμως,
855 4811 930 4875 ὼς
954 4812 1002 4863 εί
1036 4808 1191 4874 αὖθις
1224 4813 1448 4867 τοιαῦτα
1478 4814 1790 4886 τολμήσειε,

215 4904 311 4957 καὶ
358 4903 458 4971 τῆς
509 4904 793 4965 συνουσίας
845 4902 1061 4972 ἐκείνης
1108 4904 1523 4975 στερηθήσεται,
1554 4908 1648 4958 καὶ
1696 4907 1795 4975 τὴν

213 4996 495 5050 διακονίαν
537 4995 966 5066 ἀφαιρεθήσεται
1001 5010 1023 5065 ’ρ
1060 4998 1287 5067 μεγίστη
1320 4996 1376 5049 δὲ
1426 4992 1494 5067 ἦν
1544 5000 1577 5067 ὴ
1625 4996 1797 5068 ζημία

214 5094 333 5153 τοῖς
365 5092 427 5143 τὸ
457 5091 646 5158 κέρδος
677 5092 1061 5161 ἐπισταμένοις
1088 5108 1102 5121 ⁸
1153 5090 1478 5160 ἀπέπεμψεν
1506 5091 1798 5145 ἀποδοῦναι

216 5182 301 5252 τῷ
348 5182 605 5236 δεδωκότι
661 5183 943 5246 κελεύσας.
995 5185 1105 5237 Καὶ
1148 5184 1177 5235 6
1210 5183 1307 5252 μέν
1350 5182 1522 5235 ταῦτα
1558 5184 1797 5246 ἐκέλευε,

219 5279 487 5346 τέτταρας
513 5277 571 5341 δὲ
598 5276 871 5345 σταθμοὺς
919 5278 948 5328 6
978 5276 1187 5345 δαίμων
1218 5274 1539 5345 ἀφεστηκὼς
1588 5276 1682 5329 τοῦ
1717 5275 1801 5339 ἐξ-

221 5369 538 5430 ελαύνοντος
575 5370 703 5422 ἐϐόα
732 5369 832 5440 τὴν
864 5368 1110 5438 δύναμιν·
1142 5370 1235 5421 xui.
1264 5367 1580 5437 Μαρκιανὸς
1610 5369 1666 5420 ἐν
1700 5368 1799 5421 Βε-

225 5464 350 5533 ροίᾳ
379 5463 445 5515 τά
479 5461 750 5514 δικαστῶν
794 5460 1078 5531 εἰργάζετο
1104 5461 1335 5530 ,δημίοις
1375 5462 1484 5513 τισὶ
1536 5461 1673 5513 κατά
1708 5461 1798 5515 τοῦ

217 5553 478 5623 δαίμονος
530 5554 832 5623 χρώμενος,
870 5554 964 5606 καὶ
1015 5552 1109 5605 τὸν
1147 5552 1425 5621 ἀλιτήριον
1469 5553 1676 5605 ἐκεῖνον
1715 5553 1800 5617 ἐξ-

220 5645 489 5706 ελαύνων,
519 5648 614 5699 καὶ
634 5645 731 5713 τὴν
764 5646 932 5716 κόρην
960 5644 1208 5716 καθαρὰν
1240 5646 1336 5714 τῆς
1363 5645 1640 5714 ἐνεργείας
1670 5646 1802 5698 ἀπο·
1828 5658 1831 5665 ‘

225 5739 434 5806 φαίνων
481 5739 714 5807 ἐκείνης.
768 5738 876 5790 Καὶ
931 5737 1091 5789 τοῦτο
1146 5735 1463 5806 μεμάθηκεν
1510 5736 1749 5805 ἀκριϐῶς
1778 5740 1805 5789 ό

225 5833 326 5903 τής
362 5831 527 5901 κόρης
562 5834 739 5899 πατήρ
770 5849 781 5859 ·
818 5828 1091 5885 ἐπανιόντι
1125 5828 1233 5898 γὰρ
1258 5827 1425 5897 αὐτῷ,
1452 5828 1544 5880 καὶ
1593 5829 1807 5897 ὀλίγους

1895 4636 2060 4706 Αῐετθ
2105 4651 2217 4690 rem
2265 4634 2390 4687 tulit
2426 4634 2506 4687 vir
2539 4642 2765 4689 sanctus
2796 4672 2810 4697 ,
2855 4641 2914 4686 ut
2944 4648 3068 4688 cum
3100 4632 3329 4687 decebat
3373 4634 3464 4701 qui

1897 4728 2153 4782 virtutem
2211 4727 2386 4781 nollet
2440 4725 2773 4791 ostendere;
2829 4725 3216 4794 minatusque,
3256 4726 3301 4779 si
3340 4726 3466 4777 talia

1896 4836 2092 4875 rursus
2142 4819 2407 4883 auderet,
2464 4819 2871 4875 consuetudine
2930 4819 3024 4871 illa
3072 4828 3126 4872 et
3165 4818 3471 4872 ministerio

1898 4913 2169 4982 privatum
2194 4913 2259 4964 iri
2284 4951 2298 4971 ,
2332 4925 2454 4980 quae
2480 4910 2722 4963 maxima
2748 4901 2815 4963 iis
2844 4924 3005 4979 pmna
3051 4918 3171 4963 erat
3200 4909 3292 4978 qui
3325 4924 3470 4977 quae-

1898 5013 2043 5058 stum
2079 5005 2225 5057 bunc
2256 5008 2542 5067 noverant,
2579 5002 2731 5056 abire
2763 5002 2919 5055 illum
2947 5001 3151 5068 jussit,
3184 5001 3341 5069 eique
3372 5015 3471 5055 vas

1901 5095 2131 5149 reddere
2162 5093 2256 5163 qui
2288 5093 2537 5149 dederat.
2570 5092 2636 5145 Et
2668 5093 2781 5146 haec
2816 5092 3038 5161 quidem
3072 5093 3186 5160 ipse
3221 5091 3470 5158 jubebat.

1902 5188 2121 5241 Daemon
2152 5170 2333 5240 autem
2381 5196 2616 5255 quatuor
2652 5185 2865 5238 dierum
2900 5184 3096 5237 itinere
3125 5183 3334 5236 distans
3372 5183 3474 5251 eji-

1900 5280 2099 5333 cientis
2133 5295 2193 5335 se
2239 5279 2496 5332 virtutem
2528 5277 2837 5334 testabatur
2896 5293 2908 5328 :
2949 5281 3001 5329 et
3043 5274 3246 5341 judicis
3290 5284 3474 5342 partes

1903 5370 2177 5425 Berrlimaa
2193 5372 2388 5440 agebat
2412 5368 2749 5433 Marcianus,
2769 5366 3125 5421 carniﬁcibus
3143 5364 3475 5434 quibusdam

1902 5470 2067 5516 utens
2119 5463 2386 5516 adversus
2435 5461 2775 5522 damnonem,
2821 5465 2876 5511 et
2932 5457 3260 5512 sceleratum
3319 5456 3471 5510 illum
3534 5485 3539 5491 -

1904 5556 2188 5624 expellens
2209 5594 2223 5615 ,
2263 5554 2615 5622 puellamque
2644 5552 2712 5631 ab
2742 5551 2895 5604 illius
2927 5538 3213 5603 vexatione
3243 5536 3467 5601 liberaui:

1907 5645 2163 5699 reddens.
2223 5640 2382 5706 Quod
2455 5641 2675 5709 quidem
2743 5639 2935 5708 puellae
2987 5644 3195 5705 patrem
3255 5635 3472 5689 minime

1907 5735 2087 5788 latuit.
2126 5732 2393 5786 Redeunti
2424 5730 2568 5784 enim
2595 5769 2608 5793 ,
2645 5743 2769 5782 cum
2804 5727 2870 5780 ab
2897 5727 3032 5781 urbe
3068 5725 3258 5796 paucis
3285 5724 3480 5777 stadiis

1910 5827 2161 5889 abesset,
2205 5821 2442 5876 {adiutus
2493 5821 2566 5874 illi
2604 5824 2845 5874 occurrit
2883 5834 2911 5871 a
2944 5817 3166 5872 dmnina
3204 5816 3254 5869 in
3291 5830 3481 5883 agrum
