4206 6456
785 380 907 445 1331

1765 377 2253 436 ΤΗΕυυωιιΕΤι
2288 377 2623 436 EPISCOPI
2662 378 3031 437 CYRENSIS

3908 375 4049 441 1332

775 492 1003 554 missus,
1044 491 1133 557 qui
1171 498 1228 540 ut
1256 487 1547 555 dominum
1592 487 1764 548 vidit,
1796 486 2120 539 miraculum
2165 502 2347 539 narra-

2456 487 2551 538 τοῦ
2597 488 2788 550 ἄστεος
2838 488 3085 550 σταδίους
3136 489 3414 558 ἀπέχοντι,
3439 489 3655 558 οἰκέτης
3680 507 3761 551 τις
3797 490 4046 555 ἀπήντησ-

776 582 850 632 vit
873 620 887 644 ,
923 591 1162 649 quatuor
1189 586 1317 632 ante
1349 578 1469 631 dies
1502 577 1705 631 factum
1759 576 2099 646 signiﬁcans.
2148 576 2348 630 Diebus

771 684 903 737 ergo
932 667 1291 730 enumeratis,
1323 674 1646 734 ct.tempore
1677 663 1997 717 accuratius
2011 662 2347 725 examinato,

774 758 906 812 illud
938 761 951 777 ‘
988 758 1169 827 ipsum
1197 756 1371 811 fuisse
1401 757 1669 825 comperit
1696 798 1710 820 ,
1742 769 1853 825 quo
1878 770 2042 809 senev
2073 753 2348 823 lecythum

774 845 1050 903 attulerat.

2457 592 2568 636 σεν,
2602 579 2681 637 εἰς
2710 578 2876 646 ἀγρὸν
2908 578 3013 628 ὑπὸ
3041 579 3137 647 τῆς
3159 579 3449 649 δεσποίνης
3486 579 3833 642 ἀποσταλείς.
3870 574 4044 638 Οὗτος

2455 666 2545 718 τὸν
2574 668 2840 737 δεσπότην
2864 668 3196 739 θεασάμενος
3214 672 3518 743 προσέφερε
3545 673 3642 741 τῆς
3666 671 4044 740 γεγενημένης

2457 758 2902 830 θαυματουργίας
2933 762 2998 813 τὰ
3025 762 3353 830 Εὑαγγέλια,
3379 764 3485 832 πρὸ
3512 766 3788 834 τεττάρων
3814 762 4044 833 ἡμερῶν

2425 853 2433 860 ⁷
2460 849 2632 917 λέγων
2662 852 2987 921 γεγενῆσθαι
3021 854 3084 905 τὸ
3115 853 3320 923 θαῦμα.
3363 856 3699 926 Ἀριθμήσας
3730 856 3911 908 τοίνυν
3941 855 4041 916 τάς

712 1004 715 1008 γ
774 939 1006 1008 ἡμέρας,
1041 942 1135 993 καὶ
1166 942 1254 992 τὸν
1308 940 1499 1009 καιρὸν
1539 937 1799 1007 ἀκριϐῶς·
1829 936 2111 1000 ἐξετάσας,
2143 935 2345 988 ἐκεῖνον
2386 932 2522 991 εἶναι
2573 940 2917 1010 μεμάθηκεν,
2942 942 2998 993 ἐν
3020 934 3065 1009 ᾧ
3087 942 3147 995 τὸ
3174 942 3431 1014 ληκύθιον
3484 944 3801 1014 ἐξεκόμισεν
3836 944 3866 995 6
3906 957 4040 1012 πρε-

774 1030 997 1098 σὸύτης.

850 1121 977 1172 Mihi
1035 1127 1218 1172 autem
1262 1118 1410 1173 subit
1464 1118 1649 1172 animo
1701 1124 1993 1187 reputare,
2052 1117 2185 1186 quid
2245 1130 2353 1170 non

772 1213 1001 1268 fecisset
1040 1226 1271 1281 magnus
1308 1212 1397 1263 ille
1429 1209 1532 1269 vir,
1558 1209 1604 1263 si
1636 1209 1903 1263 miracula
1937 1209 2117 1262 facere
2148 1208 2354 1262 voluis-

775 1316 880 1359 set.
922 1303 981 1357 Si
1006 1304 1156 1370 enim
1209 1302 1375 1355 etiam
1417 1315 1542 1355 cum
1587 1299 1833 1355 studeret
1869 1301 2123 1354 virtutem
2166 1299 2353 1352 occul-

774 1410 893 1450 tare
941 1410 1106 1464 quam
1146 1402 1475 1462 acceperat,
1529 1401 1683 1446 tanto
1729 1392 1978 1446 radiabat
2016 1391 2350 1460 splendore,

771 1486 905 1552 quid
946 1485 1039 1539 ille
1078 1485 1404 1538 miraculum
1442 1498 1555 1536 non
1605 1490 1851 1552 patraret
1901 1485 1946 1537 si
1984 1483 2219 1536 liberet?
2260 1480 2352 1535 Sic

772 1587 956 1633 autem
1019 1578 1321 1645 spiritalem
1382 1592 1603 1645 quoque
1660 1577 1987 1646 Sapientiam
2042 1591 2197 1631 suam
2243 1590 2351 1629 non

771 1666 1031 1721 ontnibus
1079 1666 1404 1721 ostendebat

776 1754 986 1826 1143
1022 1756 1370 1833 permisisset
1406 1766 1463 1809 ut
1502 1766 1626 1827 post
1653 1757 1798 1811 diem
1846 1756 2046 1810 festum
2088 1758 2350 1813 salutaris

1460 1685 1472 1721 :
1523 1676 1637 1721 tum
1695 1668 1892 1732 etiam,
1946 1682 2072 1721 cum
2134 1667 2387 1725 tandem,

2536 1116 2676 1185 Ἐγὼ
2704 1119 2761 1171 δὲ
2789 1122 2865 1183 εἰς
2888 1120 3098 1175 ἔννοιαν
3124 1121 3405 1192 λαμϐάνω,
3440 1123 3494 1177 τί
3522 1124 3623 1178 οὐκ
3652 1124 3717 1177 ἂν
3756 1121 3980 1195 ιδρασεν
4009 1124 4039 1173 ὁ

2455 1207 2626 1275 μέγας
2650 1204 2802 1273 οὗτος
2824 1211 2982 1282 ἀνὴρ,
3003 1213 3050 1264 εί
3079 1213 3514 1283 θαυματουργεῖν
3542 1215 3813 1269 ἐϐούλετο.
3834 1217 3897 1268 Et
3927 1216 4038 1286 γὰρ

2452 1296 2554 1356 καὶ,
2572 1298 2840 1368 κρύπτειν
2877 1302 3230 1365 ἐσπουδακὼς
3254 1304 3322 1375 ὴν
3350 1303 3570 1367 ἐδέξατο
3597 1306 3779 1375 χάριν,
3819 1304 3990 1358 τοσαύ
4008 1335 4024 1348 -

2450 1405 2550 1459 την
2578 1390 2772 1461 αἴγλην
2804 1393 2989 1460 ἠφίει,.
3009 1394 3168 1446 ποίαν
3197 1396 3298 1447 οὐκ
3327 1396 3392 1446 ἂν
3420 1391 3816 1466 τερατουργίαν
3842 1396 4035 1464 ἐθελή-

2454 1498 2553 1544 σας
2587 1483 2880 1553 εἰργάσατο
2903 1503 2917 1550 ;
2952 1485 3107 1538 Οὕτω
3132 1486 3187 1539 δὲ
3218 1487 3312 1539 καὶ
3338 1488 3438 1557 τὴν
3461 1488 3842 1558 πνευματικὴν
3866 1486 4036 1540 αὑτοῦ

2450 1574 2644 1642 σοφίαν
2676 1576 2775 1645 οὐχ
2802 1577 3008 1629 ἅπασιν
3045 1578 3257 1647 ἐδήλου,
3290 1579 3385 1631 καὶ
3420 1578 3593 1632 ταῦτα
3617 1578 3677 1630 τὸ
3700 1561 4036 1648 τελευταῖον,

2453 1664 2592 1732 μετὰ
2636 1665 2736 1733 τὴν
2770 1666 2862 1719 τοῦ
2897 1668 3166 1738 σωτηρίου
3195 1669 3404 1732 πάθους
3433 1670 3528 1722 καὶ
3575 1670 3675 1737 τῆς
3709 1670 4039 1738 δεσποτικῆς

2450 1755 2795 1821 ἀναστάσεως
2842 1759 3057 1831 ἑορτὴν.
3105 1763 3334 1815 εἰσιέναι
3377 1764 3501 1823 τοὺς
3546 1760 3903 1831 βουλομένους
3956 1764 4037 1825 είς

774 1848 1052 1913 passionis
1084 1858 1138 1901 et
1170 1846 1470 1902 Dominica:
1502 1848 1964 1913 resurrectionis,
1998 1851 2251 1905 venirent
2277 1850 2344 1905 ad

2453 1844 2614 1898 αὐτὸν
2653 1848 2968 1917 ἐπιτρέψας·
2993 1849 3184 1918 ἀμέλει
3233 1853 3352 1903 κατ’
3380 1852 3588 1905 ἐκεῖνον
3621 1852 3859 1913 ἅπαντες
3899 1853 4037 1920 ὀρᾷν

770 1940 950 2006 ipsum
979 1940 1071 2009 qui
1105 1941 1323 1994 vellent.
1358 1940 1479 2005 Quo
1515 1955 1647 1996 sane
1687 1950 1930 2011 tempore
1961 1957 2156 1996 omnes
2192 1943 2342 1997 illum

772 2032 954 2086 videre
974 2033 1409 2088 contendebant.
1448 2035 1635 2103 Itaque
1658 2043 1925 2089 venerunt
1953 2037 2021 2090 ad
2055 2038 2207 2091 illum
2242 2038 2344 2091 ali-

766 2126 991 2192 quando
1032 2141 1142 2179 una
1171 2127 1490 2195 congregati
1522 2127 1682 2196 primi
1720 2129 2040 2197 pontiﬁcum
2069 2169 2084 2193 ,
2115 2145 2345 2201 magnus

767 2216 857 2268 ille
908 2215 1238 2278 Flavianus,
1292 2216 1554 2293 Ecclesia
1605 2226 1794 2286 pastor
1841 2219 2237 2285 Antiochenze,
2290 2230 2345 2275 ct

765 2307 989 2359 tilVlllllS
1030 2308 1309 2367 Acacius,
1357 2308 1518 2375 cujus
1566 2323 1733 2377 supra
1777 2311 1994 2363 memini
2022 2350 2037 2374 ,
2090 2320 2144 2366 et
2175 2313 2345 2367 Euse-

766 2396 891 2453 bius
920 2394 1307 2453 Chalcidensis
1340 2399 1634 2467 episcopus
1658 2439 1672 2463 ,
1713 2406 1767 2453 et
1799 2400 2041 2457 Isidorus
2086 2403 2179 2473 qui
2215 2402 2342 2475 Cyri

764 2489 1136 2558 gubernacula
1164 2497 1298 2542 tunc
1326 2490 1573 2559 regebat,
1607 2489 1876 2559 singulari
1901 2486 2091 2546 omnes
2117 2493 2341 2547 virtute.

763 2581 900 2633 Cum
933 2580 1043 2634 illis
1071 2580 1236 2634 etiam
1288 2589 1410 2633 erat
1439 2579 1764 2636 Theodorus
1806 2580 2343 2653 llierapolitanoruut

764 2672 1000 2727 antistes
1023 2713 1038 2737 ,
1073 2673 1381 2726 monastica
1409 2672 1811 2730 exercitatione
1839 2682 1894 2729 et
1923 2672 2346 2756 mansuetudine

768 2764 1132 2833 conspicuus.
1168 2764 1413 2823 Aderant
1464 2780 1687 2836 quoque
1734 2768 1981 2822 nonnulli
2015 2785 2082 2823 ex
2116 2770 2347 2839 optima-

768 2856 917 2911 tibus
951 2864 1007 2910 et
1060 2856 1387 2921 honoratis,
1446 2872 1589 2927 quos
1633 2857 1759 2912 lidei
1805 2860 1971 2914 ardor
2005 2861 2341 2917 incenderat.

766 2947 1040 3003 Omnibus
1075 2962 1207 3019 ergo
1239 2962 1363 3002 cum
1404 2948 1631 3003 silentio
1662 2950 2010 3015 sedentibus,
2042 2964 2097 3008 et
2128 2968 2343 3009 sacram

770 3040 918 3093 illius
979 3054 1169 3095 vocem
1238 3043 1732 3111 exspectantibus,
1797 3041 1915 3113 ipse
1972 3061 2192 3115 quoque
2250 3047 2343 3102 diu

766 3140 955 3184 tacens
993 3131 1258 3198 sedebat,
1303 3133 1487 3203 lingua
1537 3133 1760 3203 quidem
1817 3134 2062 3201 otiosus,
2117 3138 2345 3193 auribus

768 3230 949 3275 autem
988 3222 1254 3278 intentus.
1295 3223 1451 3280 Tunc
1492 3226 1855 3281 assidentium
1894 3243 2068 3291 unus,
2111 3227 2348 3283 familia-

766 3314 845 3367 ris
883 3313 962 3383 illi
1000 3323 1226 3384 propter
1271 3331 1460 3370 curam
1523 3319 1760 3383 animae,
1802 3329 1854 3373 et
1884 3319 2071 3373 clarus
2122 3321 2350 3390 insuper

764 3405 1053 3487 dignitate.
1089 3424 1107 3457 ι
1151 3405 1391 3471 Omnes,
1426 3409 1639 3480 inquit.
1674 3419 1915 3491 opater,
1956 3412 2120 3465 etiam
2173 3410 2346 3466 divini

768 3497 819 3548 hi
853 3495 1080 3561 Patres,
1137 3498 1408 3554 doctrinae
1461 3510 1568 3555 tua:
1641 3502 1935 3565 sitientes,
2018 3503 2347 3557 suavissima

767 3589 968 3642 ﬂuenta
1003 3598 1094 3642 tua
1134 3599 1482 3659 exspectant.
1516 3590 1788 3648 Omnibus
1835 3608 1966 3664 ergo
2004 3595 2097 3676 qui
2143 3596 2349 3649 adsunt

768 3681 1063 3735 utilitatem
1116 3683 1433 3752 impertire,
1488 3700 1590 3740 nec
1632 3686 2006 3741 beneﬁcentiae
2062 3686 2209 3741 rivos
2255 3702 2347 3743 oc-

765 3773 950 3827 elude.
992 3794 1010 3824 ι
1046 3774 1137 3829 Illo
1158 3786 1366 3839 autem,
1398 3792 1525 3831 cum
1555 3777 1937 3834 vehementius
1963 3780 2303 3848 suspirasset
2328 3798 2342 3834 :

770 3886 788 3915 ι
832 3866 976 3921 Deus
998 3906 1013 3929 ,
1048 3867 1259 3935 inquit,
1301 3867 1689 3924 universorum
1713 3853 1965 3939 quotidie
1999 3860 2169 3941 et'per
2196 3888 2349 3928 crea-

765 3969 925 4013 turas
988 3960 1255 4030 loquitur,
1312 3970 1367 4016 et
1398 3977 1495 4031 per
1538 3963 1757 4019 divinas
1811 3964 2127 4035 Scripturas
2180 3965 2348 4020 verba

769 4052 932 4116 facit,
974 4060 1031 4105 et
1054 4068 1175 4122 qua:
1217 4062 1593 4109 consentanea
1638 4067 1768 4110 sunt
1811 4056 2101 4121 admonet,
2143 4066 2198 4111 et
2227 4073 2349 4128 quae

770 4142 924 4193 utilia
955 4141 1149 4205 docet,
1205 4154 1259 4197 et
1298 4143 1463 4199 minis
1506 4144 1781 4210 deterret,
1814 4155 1868 4200 et
1898 4147 2190 4217 promissis
2220 4148 2347 4201 hor-

768 4241 938 4297 tatur,
1000 4248 1103 4288 nec
1159 4235 1454 4289 utilitatem
1506 4237 1673 4289 ullam
1731 4238 2006 4306 capimus.
2058 4238 2347 4302 Quomodo

767 4340 901 4392 ergo
925 4326 1156 4393 loquens
1189 4327 1454 4394 prodesse
1492 4337 1657 4396 queat
1694 4328 2036 4394 Marcianus,
2077 4331 2171 4400 qui
2220 4340 2342 4383 tan-

768 4425 879 4467 tam
915 4417 1209 4471 utilitatem
1236 4433 1359 4470 cum
1389 4418 1515 4473 aliis
1546 4428 1902 4488 aspernatur,
1930 4431 1983 4474 et
2012 4421 2253 4476 fructum
2278 4438 2341 4476 es

2449 1938 2610 1991 αὐτὸν
2649 1940 2977 2003 ἐσπούδαζον
3006 1941 3098 1994 τὸν
3128 1943 3337 2012 καιρόν.
3370 1943 3479 1995 Καὶ
3510 1943 3573 2013 δή
3602 1959 3733 1996 ποτε
3774 1942 4038 2009 ἀφίκοντο

2448 2032 2584 2101 πρὸς
2633 2032 2794 2085 αὑτὸν
2829 2034 3186 2103 συναχθέντες
3221 2034 3329 2086 τῶν
3358 2033 3658 2104 ἀρχιερέων
3690 2036 3739 2086 οἱ
3800 2033 4035 2103 πρῶτοι,

2445 2123 2741 2187 Φλαϐιανὸς
2768 2125 2796 2176 ό
2836 2124 3009 2194 μέγας
3027 2126 3127 2195 τὴν
3162 2125 3481 2195 Ἀντιοχέων
3513 2124 3823 2194 ποιμαίνειν
3861 2140 4035 2175 πεπι-

2450 2216 2765 2286 στευμένος,
2814 2217 2907 2269 καὶ
2954 2218 2982 2269 6
3037 2217 3178 2279 θεῖος
3216 2217 3491 2277 Ἀκάκιος,
3541 2211 3600 2269 εὖ
3653 2216 3744 2267 καὶ
3793 2215 4035 2284 πρόσθεν

2445 2304 2744 2375 ἐμνήσθην,
2778 2305 3034 2368 Εὐσέὸιός
3063 2322 3121 2357 τε
3149 2308 3175 2358 ὁ
3204 2306 3302 2373 τῆς
3328 2304 3658 2371 Χαλκιδέων,
3695 2306 3789 2357 καὶ
3826 2305 4034 2356 Ἰσίδω-

2448 2413 2539 2463 ρος
2566 2399 2594 2449 6
2628 2397 2747 2449 τότε
2782 2396 2877 2466 τὴν
2913 2394 3087 2463 Κῦρον
3119 2394 3386 2466 κυϐερνᾷν
3413 2394 3865 2463 πεπιστευμένος,
3897 2395 4034 2463 ἀρε-

2445 2494 2511 2560 τῇ
2552 2489 2966 2560 διαπρέποντες.
2999 2487 3173 2556 Συνῆν
3220 2486 3275 2539 δὲ
3322 2487 3503 2549 αὐτοῖς
3528 2487 3623 2538 καὶ
3650 2486 3903 2548 Θεόδοτος
3930 2486 4035 2554 τῆς

2458 2580 2841 2652 Ἱεραπολιτῶν
2875 2580 3120 2649 κατέχων
3152 2578 3248 2641 τὰς
3282 2580 3460 2649 ἡνίας,
3495 2580 3727 2648 ἀσκήσει
3756 2578 3852 2631 καὶ
3886 2594 4035 2647 πρα-

2446 2676 2595 2744 ότητι
2622 2672 3153 2746 λάμπων.1]αρῆσαν
3169 2673 3225 2726 δέ
3248 2690 3395 2734 τινες
3424 2672 3645 2725 καὶτῶν
3677 2672 3733 2723 ἐν
3764 2672 3907 2723 τέλει
3940 2671 4037 2723 καὶ

2448 2763 2741 2834 ἀξιώμασι,
2772 2764 2872 2833 τῆς
2904 2763 3139 2827 πίστεως
3162 2764 3223 2816 τὸ
3248 2762 3499 2833 ξώπυρον
3528 2762 3764 2832 ἔχοντες.
3800 2762 4037 2815 Πάντων

2446 2856 2625 2909 τοίνυν
2657 2858 2780 2925 σιγῇ
2814 2854 3162 2925 καθημένων,
3181 2856 3276 2907 καὶ
3306 2854 3406 2924 τὴν
3439 2854 3591 2925 ἱεράν
3624 2854 3833 2906 ἐκείνου
3864 2870 4038 2923 προσ-

2446 2946 2749 3017 δεχομένων
2776 2944 2978 3015 φωνὴν,
3002 2944 3170 3013 σιγῶν
3197 2946 3287 2998 καὶ
3303 2944 3464 3007 αὐτὸς
3489 2946 3584 2997 ἐπὶ
3608 2946 3742 2997 πολὺ
3764 2944 4035 3014 καθῆστο,

2448 3037 2633 3109 ἀργῶν
2667 3038 2764 3107 μὲν
2791 3037 2887 3106 τὴν
2919 3021 3186 3111 γᾉῶτταν,
3212 3036 3433 3107 ἐνεργὸν
3455 3036 3511 3088 δὲ
3538 3034 3680 3105 ἔχων
3707 3036 3808 3105 τὴν
3838 3036 4035 3105 ἀκοήν.

2449 3134 2584 3186 Τότε
2613 3150 2695 3194 τις
2734 3129 2841 3183 τῶν
2872 3128 3216 3199 καθημένων,
3256 3128 3493 3198 συνήθης
3517 3126 3769 3196 ἰὸν-αύτῷ
3798 3128 3888 3181 διὰ
3938 3131 4039 3196 τὴν

2451 3225 2550 3294 τῆς
2584 3222 2759 3292 ψυχῆς
2792 3220 3135 3290 ἐπιμέλειαν,
3171 3219 3266 3271 καὶ
3301 3218 3476 3279 ἄλλως
3502 3217 3560 3270 δὲ
3587 3217 3861 3286 ἀξιώματι
3892 3218 4039 3284 λάμ-

2452 3332 2600 3369 πων·
2638 3334 2656 3365 ι
2702 3316 2997 3377 Ἀπαντες,
3031 3313 3155 3383 ἔφη,
3181 3305 3225 3363 ὧ
3260 3311 3456 3379 πάτερ,
3488 3310 3581 3363 καὶ
3610 3312 3656 3362 οἱ
3693 3310 3825 3363 θεῖοι
3857 3311 4040 3363 Πατέ-

2453 3425 2544 3478 ρες
2586 3409 2683 3477 τῆς
2731 3406 2827 3475 σῆς
2863 3404 3126 3474 διψῶντες
3154 3402 3525 3465 διδασκαλίας,
3575 3403 3643 3455 τά
3690 3403 3891 3470 ἣδιστα
3943 3420 4040 3455 σου

2452 3498 2821 3569 προσμένουσι
2851 3499 3089 3565 νάματα.
3128 3495 3371 3557 Μετάδος
3403 3494 3581 3547 τοίνυν
3627 3498 3740 3556 τοῖς
3768 3495 4042 3564 παροῦσιν

2452 3592 2626 3645 ἅπασι
2648 3591 2745 3658 τῆς
2766 3589 3053 3657 ὠφελείας,
3089 3589 3182 3640 καὶ
3214 3588 3286 3658 μὴ
3312 3587 3564 3656 κωλύσῃς
3597 3588 3722 3649 τοὺς
3750 3588 3849 3656 τῆς
3892 3589 4044 3657 εὐερ-

2450 3683 2639 3752 γεσίας
2662 3682 2976 3753 κρουνούς.»
3010 3682 3069 3733 ὐ
3097 3681 3153 3735 δὲ
3187 3682 3328 3751 μέγα
3358 3679 3642 3742 στενάξας,
3677 3680 3705 3730 6
3732 3680 3843 3731 τῶν
3877 3680 4039 3744 ὅλων,

2451 3777 2575 3848 ἔφη·
2616 3797 2633 3827 ι
2670 3776 2804 3837 Θεὸς
2838 3774 2962 3827 καθ’
2995 3774 3232 3843 ἑκάστην
3265 3772 3498 3843 ἡμέραν,
3530 3772 3626 3825 καὶ
3653 3771 3739 3824 διὰ
3778 3771 3883 3840 τῆς
3920 3776 4042 3825 κτί-

2453 3886 2589 3932 σεως
2619 3868 2935 3937 φθέγγεται,
2960 3868 3053 3920 καὶ
3075 3866 3164 3918 διὰ
3200 3866 3307 3918 τῶν
3337 3865 3497 3918 θείων
3528 3864 3761 3936 Γραφῶν
3791 3864 4041 3932 διαλέγε-

2451 3981 2563 4027 ται,
2592 3963 2688 4016 καὶ
2722 3960 3063 4030 παραινεῖτά
3092 3960 3303 4021 δέοντα,
3338 3957 3433 4011 καὶ
3456 3959 3760 4026 εἰσηγεῖται
3795 3957 3862 4009 τὰ
3897 3975 4041 4026 συμο

2452 4056 2707 4125 φέροντα,
2734 4055 2829 4107 καὶ
2856 4053 3105 4115 ἀπειλαῖς
3133 4051 3448 4114 δεδίττεται,
3477 4051 3569 4103 κα)⁵
3593 4050 3895 4120 προτρέπει
3918 4054 4041 4111 ταῖς

2452 4148 2814 4217 ὑποσχέσεσι,
2860 4146 2954 4201 καὶ
2985 4145 3171 4213 ὄνησιν
3205 4128 3462 4211 οὐδεμίαν
3496 4140 3875 4212 καρπούμεθα.
3913 4143 4043 4206 Πῶς

2450 4245 2627 4297 τοίνυν
2656 4242 2972 4313 Μαρκιανὸς
2998 4240 3368 4311 φθεγγόμενος
3406 4238 3730 4307 ὠφελήσειε,
3763 4238 4042 4307 τοσαύτην

2450 4337 2718 4405 ὠφέλειαν
2759 4336 2895 4407 μετά
2922 4335 3031 4388 τῶν
3056 4334 3232 4388 ἄλλων
3267 4332 3747 4400 ἀποπεμπόμενος,
3784 4332 3881 4383 καὶ
3906 4331 4039 4400 ὄνη-

2452 4448 2537 4482 σιν
2585 4430 2793 4483 ἐκεῖθεν
2832 4428 3096 4498 εὕρασθαι
3142 4425 3215 4495 μὴ
3261 4424 3627 4495 βουλόμενος;
3669 4443 3687 4476 ι
3753 4423 4040 4475 Ἐντεῦθεν

769 4508 880 4562 iliis
913 4524 1112 4579 capere
1152 4525 1260 4564 non
1318 4510 1473 4565 vult?
1532 4530 1551 4563 ι
1601 4512 1813 4567 Exinde
1871 4513 2029 4566 multi
2060 4529 2343 4569 sermones

2454 4522 2638 4575 πολλοὶ
2672 4523 2771 4592 μὲν
2822 4519 2976 4591 παρά
3020 4518 3128 4571 τῶν
3171 4517 3430 4588 Πατέρων
3479 4516 3810 4587 ἐκινήθησαν
3858 4515 4035 4582 λόγοι,

769 4599 937 4653 habiti
968 4609 1099 4655 sunt
1130 4616 1159 4654 a
1188 4601 1485 4668 Patribus,
1516 4619 1655 4673 quos
1690 4604 1905 4677 1144
1944 4607 2187 4662 inserere
2219 4622 2346 4662 nar-

767 4694 971 4746 rationi
1025 4710 1503 4764 supervacaneum
1564 4697 1714 4752 duxi.
1774 4698 1912 4752 Cum
1974 4708 2156 4755 autem
2218 4706 2352 4755 snr-'

770 4788 1046 4841 rexissent
1079 4798 1133 4841 et
1166 4800 1456 4856 orassent,
1513 4807 1752 4861 eumque
1798 4792 2146 4848 sacerdotem
2199 4795 2345 4849 ordi-

770 4892 901 4930 nare
950 4880 1179 4943 vellent,
1215 4897 1410 4935 manus
1443 4891 1625 4936 tamen
1672 4882 1970 4939 admovere
2023 4901 2131 4940 non
2181 4886 2339 4941 aude-

770 4969 943 5022 hant:
996 4981 1162 5039 atque
1191 4975 1206 5005 ‘-
1261 4972 1367 5025 hoc
1424 4973 1612 5038 illum,
1649 4975 1744 5028 illo
1780 4990 1912 5030 vero
1960 4976 2107 5031 hunc
2144 4978 2345 5031 adhor-

768 5068 917 5114 tante
945 5100 959 5123 ,
996 5076 1122 5114 cum
1167 5072 1520 5119 recusassent
1550 5079 1776 5130 omnes,
1810 5082 1866 5121 re
1900 5066 2101 5125 infecta
2135 5070 2345 5125 disces-

767 5162 978 5207 serunt.

839 5242 945 5298 Sed
987 5246 1131 5299 enim
1169 5247 1333 5300 aliam
1368 5224 1589 5318 quoque
1621 5250 1708 5304 his
1752 5250 1953 5305 addere
1998 5253 2121 5305 volo
2155 5269 2343 5307 narra-

768 5338 974 5390 tionem
999 5378 1014 5402 ,
1054 5354 1120 5392 ex
1158 5355 1267 5408 qua
1313 5341 1559 5395 divinam
1596 5342 1717 5411 ejus
1754 5345 2102 5412 prudentiam
2136 5361 2343 5415 cogno-

769 5442 927 5482 scere
970 5428 1154 5484 liceat.
1196 5432 1392 5488 Avitus
1436 5434 1659 5503 quidam
1711 5436 1886 5489 altera
1940 5436 1992 5489 in
2041 5437 2345 5493 solitudine

770 5521 1088 5574 monasticm
1111 5523 1527 5579 exercitationis
1560 5525 1771 5593 primus
1806 5525 2001 5579 ﬁxerat
2033 5528 2337 5594 tugurium.

772 5610 866 5661 Ισῖει
908 5622 1086 5665 autem
1132 5614 1223 5667 illa
1260 5617 1422 5684 paulo
1457 5633 1619 5685 quant
1677 5618 1781 5671 ista
1838 5620 2339 5691 septentrionalior,

770 5703 1020 5756 nonnihil
1049 5720 1275 5775 vergens
1305 5710 1368 5760 :ul
1399 5711 1693 5773 orienlmn,
1725 5718 2061 5780 ventumque
2089 5720 2343 5781 spectans

768 5795 1080 5861 Apat'ctiatu
1108 5841 1119 5859 ε
1155 5802 1245 5868 qui
1278 5804 1565 5870 proximus
1591 5814 1671 5858 est
1708 5805 2037 5858 Subsolano.
2067 5806 2117 5861 Is
2143 5808 2341 5877 magno

2449 4614 2542 4679 οὓς
2564 4614 2798 4669 ἐνθεῖναι
2841 4613 2919 4683 τῷ
2942 4613 3242 4680 διηγήματι
3272 4609 3545 4679 παρέλκον
3584 4609 3828 4677 ἐνόμισα.
3878 4609 4035 4660 Ἀνα-

2452 4709 2679 4770 στάντες
2712 4706 2768 4760 δέ
2820 4707 2911 4760 καὶ
2967 4702 3419 4775 προσευξάμενοι,
3473 4702 3567 4754 καὶ
3600 4701 3695 4770 τῆς
3729 4700 4035 4769 ἱερωσύνης

2448 4801 2599 4869 αὐτῷ
2628 4800 2729 4869 τὴν
2763 4798 3102 4870 χειροτονίαν
3129 4796 3400 4849 ἐπιθεῖναι
3439 4794 3789 4862 θελήσαντες,
3817 4792 4036 4844 ἔδεισαν

2450 4894 2613 4946 πάλιν
2636 4892 2737 4964 τὴν
2766 4891 3127 4961 ἐπιχείρησιν.
3152 4889 3262 4943 Καὶ
3287 4881 3443 4949 οὗτος
3467 4886 3679 4957 ἐκείνῳ,
3733 4888 3942 4948 ἐκεῖνος
3978 4886 4035 4936 δὲ

2447 4974 2621 5056 τούτῳ
2674 4985 3099 5055 παρεκελεύετο·
3142 4982 3340 5044 πάντες
3366 4982 3425 5034 δέ
3445 4979 3645 5050 ὁμοίως
3678 4978 4035 5047 παραιτησά-

2452 5096 2602 5151 μενοι
2634 5078 2734 5150 την
2755 5078 3019 5131 ἐπάνοδον
3045 5076 3391 5146 ἐποιήσαντο.

2530 5258 2694 5312 Ἀλλά
2730 5258 2836 5327 γάρ
2890 5256 3148 5325 βούλομαι
3198 5255 3289 5307 κα¹ι
3328 5254 3455 5307 ἄλλο
3482 5252 3689 5314 τούτοις
3714 5251 4032 5321 προσθεῖναι

2448 5352 2711 5422 διήγημα,
2742 5350 2840 5418 τῆς
2863 5349 3013 5411 θείας
3038 5348 3281 5417 ὑπάρχον
3316 5343 3481 5398 αὑτοῦ
3526 5343 3790 5404 συνέσεως
3824 5342 4032 5412 γνώρι-

2453 5460 2582 5511 σμα.
2621 5439 2839 5501 Ἀὅιτός
2871 5455 2952 5500 τις
2976 5438 3053 5499 είς
3084 5436 3182 5506 τὴν
3214 5434 3405 5505 ἑτέραν
3428 5434 3634 5505 ἔρημον
3666 5433 3765 5503 τὴν
3800 5433 4033 5500 ἀσκητι-

2448 5534 2549 5602 κὴν
2576 5530 2817 5599 καλύϐην
2851 5529 3066 5598 πρῶτος
3098 5528 3355 5595 ἐπήξατο.
3398 5525 3718 5594 Βορειοτέρα
3742 5523 3798 5576 δέ
3823 5522 4029 5591 ταύτης

2448 5623 2585 5691 ἐστὶ,
2624 5622 2718 5675 καὶ
2754 5620 2945 5691 μικρὸν
2997 5619 3131 5689 πρὸς
3174 5619 3249 5670 ἔω
3268 5617 3515 5687 κειμένη,
3550 5614 3689 5667 κατὰ
3732 5613 3819 5665 τὸν
3852 5615 4032 5681 ἀπαρ-

2448 5716 2603 5768 κτίαν
2642 5714 2840 5783 ἄνεμον
2898 5712 2987 5764 τὸν
3033 5710 3111 5778 τῷ
3154 5709 3435 5778 ἀφηλιώτῃ
3498 5708 3818 5770 πελάζοντα.
3855 5699 4027 5768 Uitta;

2447 5805 2539 5859 τοῦ
2580 5805 2814 5876 μεγάλου
2846 5801 3163 5873 Μαρκιανοῦ
3188 5802 3278 5855 καὶ
3297 5800 3471 5871 χρόνῳ
3499 5800 3591 5853 καὶ
3618 5799 3759 5867 πόνῳ
3783 5799 4025 5868 πρεσῦύο
