4206 6456
141 414 281 479 1333

1335 440 1342 445 '
1369 418 1771 480 RELIGIOSA
1811 416 2191 474 HISTORIA.

3256 420 3397 483 i334

140 543 301 595 τερος
335 522 422 594 ἦν,
458 525 743 595 φιλόσοφος
786 526 842 578 δὲ
873 527 901 579 ό
932 525 1092 595 ἀνὴρ,
1138 524 1231 578 καὶ
1263 523 1340 594 τῷ
1370 523 1589 598 σκληρῷ
1626 522 1725 593 βίῳ

1831 518 2107 587 Marciano
2137 528 2190 570 et
2234 490 2564 585 tempore.et
2600 519 2787 573 labore
2821 519 3103 587 antiquior
3138 528 3275 581 erat,
3319 524 3400 572 vi‘r

142 618 643 687 συντεθραμμένος.
676 610 845 681 Οὗτος
888 616 1221 687 πανταχόθεν
1264 615 1724 688 περιθρυλλουμε-

141 729 241 779 νην
271 711 373 779 τὴν
402 708 495 762 τοῦ
546 710 738 777 ἀνδρὸς
760 709 1095 779 καταμαθὼν
1136 709 1359 782 ἀρετήν,
1390 709 1489 777 τῆς
1521 708 1722 779 μικρᾶς

140 803 377 871 ἡσυχίας
408 802 845 871 κερδαλεωτέραν
881 798 1018 855 εἶναι
1060 803 1160 872 τὴν
1200 799 1456 871 τοιαύτην
1482 799 1610 852 θέαν
1641 816 1725 851 νε-

144 893 407 962 νομικικ.
454 894 655 963 έδραμε
714 892 960 947 σπεύδων
997 894 1164 975 ,ἰδεῖν
1204 892 1296 945 τὸν
1368 891 1721 961 ποθούμενον.

147 982 359 1035 Μαθὼν
390 984 445 1036 δὲ
472 982 634 1039 αὐτοῦ
660 984 758 1053 τὴν
800 982 984 1051 ἄφιξιν
1009 986 1036 1037 ὁ
1070 984 1238 1054 μέγας
1261 983 1598 1054 Μαρκιανὸς,
1624 980 1723 1051 τὴν

145 1075 319 1144 θύραν
376 1075 590 1140 ἀνοίξας
612 1076 933 1141 εἰσεδέξατο,
964 1076 1207 1144 Εύσεδίῳ
1234 1077 1289 1129 δὲ
1323 1077 1400 1145 τῷ
1437 1074 1724 1143 θαυμασίῳ

143 1166 537 1237 παρηγγύησε,
560 1168 651 1220 καὶ
671 1168 897 1237 ὄσπριον
925 1168 1147 1237 ἑψῆσαι,
1179 1167 1272 1220 καὶ
1308 1167 1539 1236 λάχανον
1567 1165 1741 1233 εἴπερ-

146 1261 281 1327 ἓχοι.
325 1259 616 1328 summa;
649 1259 745 1329 τῆς
779 1259 1022 1329 ἀλλήλων
1066 1259 1353 1326 διαλέξεως
1396 1257 1726 1326 ἐνεπλήσθη-

149 1367 270 1410 σαν,
293 1351 389 1401 καὶ
416 1340 512 1418 τὴν
541 1350 787 1418 ἀλλήλων
839 1349 1147 1419 κατέμαθον
1178 1351 1398 1420 ἀρετὴν,
1434 1352 1586 1419 κοινῇ
1625 1349 1724 1417 τὴν

145 1440 246 1506 τῆς
292 1441 888 1508 Ἐννάτηςὲπετέλεσαν
906 1441 1263 1512 λειτουργίαν.
1295 1435 1436 1493 Ἦκε
1467 1442 1521 1493 δὲ
1564 1440 1725 1493 Εὐσέ-

144 1530 265 1592 6ιος
297 1532 578 1600 τράπεζαν
604 1532 805 1601 φέρων,
846 1533 939 1585 καλ⁵
968 1533 1165 1601 ἄρτους
1195 1532 1539 1603 προσφέρων.
1580 1531 1638 1583 Ὀ
1668 1530 1724 1583 δὲ

152 1622 329 1689 μέγας
361 1623 678 1691 Μαρκιανὸς
700 1624 777 1693 τῷ
794 1625 1064 1696 θεσπεσίῳ
1103 1625 1317 1695 Ἀϐίτῳ⁸
1342 1644 1361 1677 ι
1395 1624 1723 1695 Δεῦρο,ἓφη,

149 1715 373 1769 πάντων
397 1734 488 1785 μοι
518 1718 969 1786 προσφιλέστατε,
1004 1720 1099 1771 καὶ
1127 1718 1329 1788 ταύτης
1380 1718 1724 1786 κοινωνήσω-

149 1824 253 1875 μεν
282 1810 385 1876 τῆς
411 1810 709 1879 τραπέζης.
748 1828 765 1861 ι
816 1810 874 1863 '0
918 1811 1004 1863 δέ’
1038 1830 1055 1861 ι
1092 1810 1205 1863 Οὐκ
1256 1806 1394 1873 οῖδα,
1452 1810 1576 1879 ἔφη,
1610 1809 1724 1867 mit.-

1827 609 1986 679 plane
2020 608 2383 678 philosophus
2406 650 2420 674 ,
2452 621 2507 664 et
2538 609 2593 663 in
2623 610 2763 663 duro
2794 614 2919 665 vita:
2953 624 3156 681 genere
3188 611 3397 664 exerci-

1827 710 1993 755 tatus.
2016 701 2120 765 Qui
2148 701 2215 755 de
2231 702 2585 757 celeberrima
2608 702 2711 756 viri
2739 703 2939 757 virtute
2961 717 3087 757 cum
3109 702 3399 767 audiisset,

1824 792 2089 846 diuturna
2131 793 2317 862 quiete
2350 796 2543 850 utilius
2571 796 2672 849 sibi
2718 794 2835 850 fore
2866 804 3017 848 ratus
3057 795 3160 849 hoc
3189 803 3403 863 specta-

1824 886 2044 949 culum,
2103 885 2339 940 I‘estinus
2389 887 2676 948 accurrit,
2724 897 2777 939 ut
2827 901 2953 940 eum
2987 886 3197 939 videret
3234 900 3397 955 quem

1823 977 2067 1045 optabat.
2133 976 2368 1047 Cognito
2420 984 2603 1030 autem
2655 978 2777 1046 ejus
2836 978 3104 1041 adventu,
3174 992 3401 1044 magnus

1826 1067 2134 1122 Marcianus
2160 1070 2305 1121 ostio
2337 1077 2526 1137 aperto
2564 1068 2717 1120 illum
2752 1067 3081 1130 intromisit,
3118 1068 3403 1136 praecepit-

1839 1175 1928 1218 lue
1954 1158 2263 1212 admirabili
2293 1158 2551 1222 EuSrbio,
2589 1168 2648 1212 ut
2678 1167 2730 1211 et
2765 1160 3015 1227 legumen
3064 1165 3326 1225 coqueret
3349 1164 3405 1208 ct

1823 1251 1948 1304 olus
1974 1293 1987 1314 ,
2026 1250 2071 1305 si
2127 1250 2377 1305 haberet.
2413 1251 2710 1317 Postquam
2743 1264 2873 1302 vero
2925 1248 3133 1301 mutuis
3174 1248 3312 1300 inter
3343 1259 3402 1298 se

1824 1342 2115 1411 colloquiis
2162 1344 2380 1405 satiati,
2433 1343 2572 1395 alter
2616 1342 2849 1395 alterius
2901 1340 3157 1393 virtutem
3198 1352 3403 1403 cogno-

1826 1450 1984 1498 vere,
2037 1451 2194 1489 nona:
2224 1435 2386 1489 simul
2432 1433 2667 1487 officium
2712 1440 3040 1502 peregerunt
3081 1450 3094 1485 :
3144 1432 3405 1495 venitque

1827 1526 2099 1581 Eusebius
2140 1540 2384 1579 mensam
2426 1524 2645 1589 ferens,
2687 1534 2739 1579 el
2780 1538 2973 1592 panes.
3004 1521 3143 1575 'l‘utn
3177 1535 3406 1588 magnus

1830 1619 2143 1674 Marcianus
2175 1617 2361 1671 divino
2397 1617 2557 1671 Avito
2592 1634 2605 1669 :
2645 1634 2662 1666 ι
2702 1614 2980 1669 Adesdum
3022 1614 3119 1676 ait,
3155 1612 3404 1664 onmium

1829 1712 1959 1765 mihi
2007 1709 2448 1778 jucundissime,
2498 1716 2554 1762 et
2591 1706 2757 1774 hujus
2810 1719 3013 1758 mensa:
3066 1704 3244 1757 simus
3297 1694 3404 1753 una

1829 1804 2148 1874 participes.
2192 1819 2209 1852 ι
2255 1799 2353 1854 ille
2401 1813 2533 1853 vero
2575 1816 2588 1852 :
2652 1816 2669 1847 ι
2708 1796 2826 1851 Non
2882 1795 3142 1858 memini,
3194 1792 3405 1861 inquit,

150 1913 280 1948 ποτε
323 1899 431 1965 πρὸ
458 1900 556 1967 τῆς
586 1900 824 1971 ἑσπέρας
856 1901 1040 1952 σιτίων
1081 1900 1421 1969 μεταλαϐὼν,
1466 1898 1723 1963 πολλάκις

1830 1897 2009 1950 cibum
2039 1910 2126 1949 me
2156 1908 2403 1963 unquam
2434 1891 2745 1960 sumpsisse
2772 1896 2899 1943 ante
2920 1901 3228 1955 vesperam:
3262 1898 3409 1953 saepe

145 1987 203 2038 δὲ
235 1988 331 2039 καὶ
359 1987 451 2040 δύο
480 1990 573 2041 καί
601 1992 749 2059 τρεῖς
778 1990 918 2042 κατὰ
948 1991 1143 2044 ταύτὸν
1168 1990 1351 2054 ἄσιτος
1372 1991 1584 2061 ἡμέρας
1612 1991 1727 2043 δια-

147 2080 306 2132 τελῶ.
342 2098 361 2129 ι
396 2080 454 2132 'U
468 2080 523 2133 δὲ
551 2081 721 2150 μέγας
739 2083 1082 2152 Μαρκιανός·
1109 2102 1127 2133 ι
1164 2082 1328 2153 Ἑμοῦ
1360 2084 1491 2151 γοῦν
1521 2082 1723 2148 εἵνεκα,

149 2172 275 2241 ἔφη,
321 2174 565 2243 σήμερον
611 2173 929 2243 ἀμειὸέσθω
967 2174 1026 2228 τὸ
1073 2174 1191 2238 ἔθος
1221 2193 1234 2206 ·
1266 2175 1509 2238 ἀσθενῶς
1530 2176 1639 2244 γὰρ
1667 2175 1727 2228 τὸ

152 2264 311 2334 σῶμα
349 2264 688 2333 διακείμενος
722 2267 1051 2337 προσμένειν
1088 2267 1187 2337 τὴν
1213 2268 1451 2337 ἑσπέραν
1478 2270 1537 2320 ού
1568 2267 1728 2320 δύνα-

155 2375 267 2425 μαι.
311 2377 330 2408 ι
351 2356 441 2419 Ὧς
472 2356 529 2409 δὲ
562 2357 657 2410 καὶ
683 2356 853 2410 ταῦτα
866 2357 1038 2423 λέγων
1056 2358 1145 2410 τὸν
1167 2358 1476 2421 θαυμαστὸν
1510 2358 1729 2412 ’Ᾱόιτον

148 2451 247 2502 οὐκ
278 2448 488 2512 ἔπειθε,
523 2449 774 2514 στενάξαι
821 2466 879 2502 τε
914 2450 1128 2517 λέγεται
1159 2450 1253 2505 καὶ
1282 2452 1477 2520 (ρήναν
1517 2470 1534 2501 ι
1587 2450 1727 2502 Ἀλλ’

150 2540 261 2607 ἐγώ
312 2558 375 2593 τε
426 2540 623 2611 ἀθυμῶ
672 2541 793 2595 λίαν
839 2543 934 2595 καὶ
980 2542 1247 2613 δάκνομαι
1290 2542 1387 2613 τὴν
1426 2542 1622 2613 ψυχὴν,
1649 2544 1728 2595 ὅτι

149 2628 405 2682 τοσοῦτον
476 2630 771 2699 ὑπέμεινας
797 2630 978 2694 πόνον,
1027 2631 1117 2685 ἵνα
1166 2631 1289 2684 τινα
1325 2632 1607 2700 φιλόπονον
1636 2633 1730 2685 καὶ

152 2719 444 2787 φιλόσοφον
475 2720 612 2792 ἴδῃς.
665 2724 758 2775 καὶ
806 2723 904 2791 τῆς
946 2721 1155 2786 ἐλπίδος
1185 2723 1461 2791 ψευσθεὶς,
1487 2723 1731 2794 κάπηλόν

149 2828 273 2865 τινα
313 2813 411 2866 καὶ
448 2813 658 2867 ἄσωτον
696 2814 818 2868 ἀντὶ
862 2814 1151 2884 φιλοσόφου
1197 2815 1467 2870 τεθέασαι.
1492 2834 1510 2867 ι
1558 2817 1734 2869 ’Δνια-

152 2904 340 2969 θέντος
391 2905 448 2958 ὁὶ
510 2905 649 2976 πρὸς
695 2906 867 2961 ταῦτα
894 2908 988 2961 τοῦ
1043 2907 1325 2961 θειοτάτου
1370 2907 1607 2970 ’Δὸίτου,
1641 2910 1732 2961 καὶ

149 2998 444 3063 φήσαντος,
488 2998 565 3059 ὡς
617 2997 795 3067 κρεῶν
827 2998 1119 3068 μεταλάϐοι
1150 2999 1216 3053 ἂν
1266 2998 1415 3068 ἥδιον
1446 2999 1663 3069 μᾶλλον,
1697 3000 1729 3069 ἢ

148 3086 359 3139 τούτων
417 3086 625 3151 ἀκούοι,
671 3090 699 3140 ό
756 3086 932 3158 μέγας
985 3089 1088 3160 ἔφη
1147 3090 1501 3161 Μαρκιανός·
1549 3109 1567 3141 ι
1623 3089 1732 3142 Καὶ

150 3180 334 3246 ἡμεῖς,
362 3172 407 3231 ὦ
438 3179 782 3250 φιλότης,τὸν
805 3182 965 3234 αὐτόν
993 3199 1073 3234 σοι
1104 3182 1331 3253 μέτιμεν
1364 3182 1496 3252 βίον,
1529 3182 1619 3234 καὶ
1635 3182 1731 3263 τὴν

148 3270 322 3339 αὐτὴν
370 3272 729 3342 ἀσπαζόμεθα
786 3273 1078 3337 πολιτείαν,
1135 3276 1229 3327 καὶ
1283 3275 1377 3344 τῆς
1415 3274 1732 3343 ἀναπαύλης

150 3362 511 3433 πρατιμῶμεν
541 3365 666 3428 τοὺς
694 3365 908 3428 πόνους,
950 3367 1043 3419 καὶ
1077 3366 1175 3434 τὴν
1206 3367 1457 3433 νηστείαν
1486 3367 1583 3435 τῆς
1604 3383 1730 3436 τρο-

150 3454 257 3521 φῆς
280 3453 711 3525 προαιρούμεθα,
771 3458 865 3509 καὶ
923 3457 1115 3520 νυκτὸς
1170 3458 1573 3528 ἐπιγινομένης,
1613 3458 1730 3511 τότε

149 3545 358 3615 ταύτης
390 3532 868 3618 μεταλαγχάνομεν
888 3565 901 3578 ·
948 3549 1065 3602 ἀλλ’
1100 3549 1257 3619 ῐσμεν
1284 3551 1365 3603 ὃτι
1386 3550 1485 3619 τῆς
1513 3551 1732 3621 ἀγάπης

150 3636 213 3689 τὸ
242 3638 435 3707 χρῆμα
470 3638 569 3707 τῆς
598 3640 850 3709 νηστείας
880 3640 998 3693 ἐστὶ
1022 3640 1370 3711 τιμιώτερον.
1396 3641 1468 3693 Τὸ
1498 3641 1598 3711 μὲν
1626 3643 1732 3711 γὰρ

148 3728 251 3797 τῆς
276 3728 429 3791 θείας
468 3729 627 3800 ἔργον
674 3730 1013 3801 νομοθεσίας,
1044 3732 1104 3784 τὸ
1146 3733 1203 3785 δὲ
1236 3732 1337 3801 τῆς
1371 3731 1524 3803 ήμῶν
1554 3732 1733 3785 αὐτῶν

151 3817 405 3883 ἐξουσίας
425 3834 440 3850 ⁸
473 3821 740 3889 προσήκει
791 3820 847 3873 δὲ
898 3821 1022 3883 τοὺς
1055 3820 1232 3883 θείους
1254 3821 1450 3890 νόμους
1470 3820 1577 3873 τῶν
1599 3824 1735 3890 ἠμε-

150 3909 329 3977 τέρων
354 3909 534 3973 πόνων
557 3910 733 3979 πολλῷ
762 3909 1004 3981 νομίζειν
1034 3912 1407 3984 τιμιωτέρους.
1451 3932 1468 3963 ι
1498 3912 1732 3965 Τοιαῦτα

152 3998 294 4067 πρὸς
346 3998 613 4069 ἀλλήλους
663 4000 1052 4071 διαλεχθέντες,
1089 4003 1183 4054 καὶ
1208 4002 1469 4072 βραχείας
1501 4002 1733 4073 μεταλα-

152 4091 342 4160 χόντες
365 4091 592 4161 τροφῆς,
628 4094 720 4145 καὶ⁵
759 4093 848 4145 τὸν
881 4093 1015 4145 Θεὸν
1053 4094 1415 4165 ὑμνήσαντες,
1455 4093 1550 4146 καὶ
1584 4096 1735 4164 τρεῖς

150 4182 410 4252 ἀλλήλοις
471 4183 973 4254 συνδιατρίψαντες·
1010 4185 1258 4255 ἡμέρας,
1318 4184 1730 4255 ἐχωρίσθησαν,

152 4273 320 4326 πάλιν
346 4273 614 4345 ἀλλήλους
665 4276 899 4346 ὁρῶντες
930 4276 1005 4346 τῷ
1064 4275 1357 4345 πνεύματι.
1406 4277 1503 4338 Τίς
1553 4276 1733 4329 τοίνυν

150 4370 253 4419 οὐκ
280 4368 348 4420 ἃν
392 4366 691 4437 θαυμάσειε
729 4368 881 4421 τοῦδε
920 4367 1015 4421 τοῦ
1047 4369 1238 4439 ἀνδρὸς
1264 4369 1364 4438 τὴν
1395 4368 1607 4437 σοφίαν,
1645 4368 1733 4438 ὑφ’

151 4453 220 4527 ἧς
274 4456 683 4527 κυόερνώμενος
713 4458 826 4527 ᾔδει
861 4458 960 4527 μὲν
990 4457 1263 4529 νηστείας,
1291 4457 1408 4527 ᾔδει
1436 4456 1491 4509 δὲ
1522 4455 1737 4524 φιλοσοο

155 4550 288 4614 φίας
321 4550 416 4602 καὶ
470 4548 819 4618 φιλαδελφίας
870 4549 1079 4619 καιρὸν,
1121 4550 1239 4618 ᾔδει
1280 4549 1335 4601 δὲ
1373 4549 1467 4601 καὶ
1502 4548 1612 4601 τῶν
1637 4549 1735 4617 τῆς

154 4642 361 4711 ἀρετῆς
394 4642 597 4712 μορίων
638 4641 699 4694 τὸ
743 4641 1017 4713 διάφορον,
1066 4643 1159 4695 καὶ
1199 4644 1350 4694 ποῖον
1387 4642 1526 4711 ποίῳ
1568 4658 1736 4713 προσ-

154 4740 280 4803 ήκει
305 4735 711 4804 ἀπαραχωρεῖν,
772 4735 866 4787 καὶ
922 4734 1028 4786 τίνι
1064 4734 1204 4787 κατά
1235 4733 1427 4805 καιρὸν
1454 4733 1737 4787 διδόναιτὰ

156 4826 472 4895 νικητήρια.

233 4916 385 4985 Ἐχω
442 4915 499 4968 δὲ
550 4916 645 4969 καὶ
690 4915 818 4970 ἄλλο
854 4915 1097 4985 διήγημα
1150 4916 1250 4984 τῆς
1300 4917 1356 4967 ὲν
1406 4917 1518 4977 τοῖς
1572 4913 1735 4977 θείοις

158 5006 328 5060 αὑτοῦ
366 5007 704 5079 τελειότητος
762 5006 1073 5079 γνώρισμα.
1144 5007 1394 5075 ’Δφίκετο
1448 5006 1556 5078 γὰρ
1604 5008 1737 5077 πρὸς

157 5100 325 5153 αὑτὸν
348 5101 381 5169 ή
406 5098 605 5169 ἀδελφὴ
635 5100 744 5152 ἀπὸ
769 5099 867 5168 τῆς
907 5098 1167 5169 πατρίδος
1197 5099 1292 5150 σὺν
1323 5096 1401 5166 τῷ
1435 5097 1558 5167 υἱῷ,
1588 5098 1738 5165 ἀνδρί

158 5210 219 5245 τε
252 5192 391 5257 ὄντι,
418 5192 513 5243 καὶ
544 5191 643 5260 τῆς
682 5190 873 5260 Κύρου
908 5189 1267 5259 πρωτεύοντι,
1302 5190 1403 5251 τὰς
1436 5188 1738 5255 ἀναγκαίας

158 5283 312 5354 αύτῷ
362 5285 549 5353 χρείας
599 5272 865 5345 πλουσῗως
908 5283 1229 5354 κομίζουσα.
1281 5266 1353 5334 δὈ
1405 5282 1459 5334 δὲ
1504 5282 1602 5352 τὴν
1641 5282 1738 5352 μὲν

159 5375 402 5445 ἀδελφὴν
437 5375 564 5428 ίδεῖν
602 5375 702 5427 οὐκ
730 5374 1006 5444 ἠνέσχετο,
1057 5376 1146 5429 τὸν
1187 5375 1244 5428 δὲ
1273 5374 1588 5443 ἀδελφιδοῦν
1630 5378 1739 5427 εἰσ-

160 5468 382 5531 εδέξατο
407 5484 421 5497 ο
449 5470 545 5537 τῆς
584 5467 693 5538 γὰρ
718 5466 1029 5537 ὡρισμένης
1061 5468 1348 5537 συντυχίας
1379 5463 1446 5537 ἦν
1471 5469 1498 5518 ό
1528 5468 1736 5535 καιρός.

170 5561 260 5622 Ὠς
293 5560 352 5612 δὲ
395 5561 635 5614 ἱκέτευον
675 5558 1037 5630 ύποδεχθῆναι
1067 5559 1137 5612 τὰ
1174 5560 1500 5629 κομισθέντα
1529 5577 1542 5590 ·
1585 5577 1603 5610 ι
1643 5560 1739 5613 Διὰ

162 5651 348 5703 πόσων
368 5694 382 5713 ,
414 5648 517 5719 ἔφη
537 5689 551 5713 ,
604 5649 978 5719 μοναστηρίων
1010 5648 1295 5720 διήλθετε;
1347 5648 1488 5701 τίσιν
1519 5651 1740 5704 ἐκείνων

164 5748 228 5797 ὲκ
253 5743 461 5798 τούτων
500 5742 679 5815 αὐτῴν
721 5741 1096 5811 μετεδώκατε;
1145 5761 1163 5793 ο
1207 5742 1312 5794 Τοῦ
1359 5741 1414 5794 δὲ
1461 5742 1739 5813 εἰρηκότος

169 5840 239 5900 ιῖδς
281 5835 459 5889 ούδενὶ
492 5834 783 5899 δεδωκότες
822 5831 950 5888 εῑεψ
993 5852 1009 5884 ι
1070 5836 1262 5887 Ἀπιτε
1287 5874 1299 5898 ,
1338 5835 1473 5908 εφη,
1513 5834 1629 5906 μεθ’
1668 5829 1740 5891 ὧν

1773 4589 1813 4641 ι)
1843 4562 2130 4615 charilatis
2195 4578 2208 4613 :

1829 1995 2012 2041 autem
2059 1988 2218 2041 binos
2247 1999 2311 2039 ac
2341 1995 2533 2038 ternos
2582 1981 2746 2036 simul
2778 1980 2898 2034 dies
2933 1978 3158 2047 jejunus
3190 1988 3408 2045 perma-

1830 2096 1950 2137 neo.
1976 2101 1994 2133 ι
2026 2081 2089 2134 Ει
2120 2094 2353 2150 magnus
2382 2077 2694 2131 Marcianus
2734 2094 2746 2129 :
2786 2094 2805 2125 ι
2838 2074 2961 2129 Mea
2993 2086 3125 2142 ergo
3147 2112 3161 2135 ,
3197 2069 3376 2138 inquit
3404 2116 3411 2125 .

1828 2190 1995 2229 causa
2029 2181 2275 2228 mutetur
2313 2170 2475 2225 hodie
2502 2165 2871 2223 consuetudo.
2914 2164 3048 2218 Nam
3076 2178 3201 2218 cum
3237 2161 3383 2215 imbe

1830 2266 1961 2319 cillo
2018 2265 2120 2319 sim
2184 2275 2447 2333 corpore,
2533 2273 2821 2328 vesperam
2887 2265 3212 2325 exspectare
3294 2265 3407 2305 non

1835 2357 2047 2430 1145
2090 2371 2336 2427 possunt.
2382 2374 2401 2406 ι
2457 2353 2671 2420 Quibus
2709 2352 2891 2406 verbis
2929 2365 3055 2404 cum
3093 2334 3409 2402 admirabili

1830 2452 1993 2504 Avito
2055 2464 2164 2504 non
2226 2447 2641 2518 persuasisset,
2704 2443 3041 2514 ingemuisse
3100 2440 3295 2503 fertur,
3356 2448 3411 2491 et

1830 2542 2087 2597 dixisse:
2148 2560 2165 2592 ι
2213 2545 2287 2594 At
2340 2553 2444 2608 ego
2501 2537 2688 2591 animo
2734 2550 2905 2607 angor
2962 2543 3017 2589 et
3075 2531 3407 2594 discrucior,

1830 2634 1979 2705 quod
2020 2641 2234 2686 tantum
2286 2632 2530 2686 laborem
2562 2630 2809 2699 ceperis,
2869 2637 2928 2681 ut
2977 2626 3185 2681 laboris
3217 2638 3410 2677 aman—

1833 2733 1944 2779 tem
1978 2725 2255 2778 hominem
2295 2724 2547 2785 videres,
2602 2730 2657 2775 et
2699 2718 3088 2790 philosophum
3113 2757 3127 2777 ,
3165 2731 3260 2785 spe
3308 2730 3411 2768 au-

1832 2828 1941 2872 tem
1990 2818 2324 2879 frustratus,
2381 2830 2687 2884 cauponem
2728 2812 3022 2884 quemdam
3059 2818 3114 2864 et
3143 2814 3409 2876 intempe-

1834 2915 2046 2962 rantem
2072 2906 2258 2962 vidisti
2292 2921 2389 2976 pro
2411 2905 2762 2975 philosopho.
2796 2922 2815 2956 ι
2847 2902 3061 2957 Etcum
3088 2900 3303 2954 tristior
3328 2898 3411 2950 his

1834 3001 2040 3055 auditis
2090 2999 2271 3053 factus
2321 2998 2710 3053 divinissimus
2764 2996 2989 3057 Avitus,
3046 2992 3258 3063 gratius
3307 2990 3411 3043 sibi

1836 3095 2080 3145 futurum
2114 3093 2320 3145 diceret
2351 3090 2614 3144 carnibus
2636 3090 2814 3149 vesci,
2839 3101 3004 3157 quam
3032 3084 3162 3137 talia
3195 3081 3410 3142 audire,

1836 3200 2069 3253 magnus
2120 3185 2318 3237 iterum
2366 3182 2716 3243 Marcianus,
2771 3201 2789 3233 ‹
2828 3178 2893 3233 Et
2917 3194 3076 3242 mos,
3120 3176 3335 3246 inquit,
3380 3189 3416 3227 ο

1835 3276 2045 3339 amice,
2080 3274 2328 3327 eamdem
2358 3288 2522 3342 quam
2553 3272 2810 3327 tu’vitam
2851 3268 3112 3323 ducimus
3134 3308 3147 3331 ,
3180 3277 3235 3321 et
3266 3282 3416 3319 eam-

1838 3368 1959 3421 dem
1989 3369 2208 3421 vivendi
2238 3368 2507 3420 rationem
2542 3364 2949 3434 amplectimur,
2986 3370 3041 3415 et
3065 3360 3235 3431 quieti
3272 3357 3416 3412 labo-

1838 3476 1925 3513 res
1957 3460 2387 3528 anteponimus,
2460 3466 2511 3510 et
2587 3455 2860 3524 jejunium
2944 3453 3119 3523 pluris
3182 3451 3415 3505 iacimus

1795 3545 1801 3551 ’
1837 3567 1999 3619 quam
2021 3552 2229 3613 cibum,
2264 3564 2499 3617 eumque
2539 3548 2644 3602 sub
2668 3559 2883 3601 noctem
2904 3560 3103 3616 capere
3135 3545 3413 3600 solemus:

1837 3645 1931 3699 sed
1968 3644 2175 3696 scimus
2205 3647 2222 3664 ‘
2268 3641 2596 3696 eharitatem
2631 3638 2849 3707 jejunio
2888 3652 3013 3693 esse
3061 3634 3414 3706 praestantio-

1838 3752 1972 3789 rem.
2020 3735 2142 3789 Haec
2180 3735 2328 3788 enim
2363 3733 2560 3789 divina:
2601 3734 2737 3802 legis
2785 3741 2870 3785 est
2919 3745 3093 3799 opus,
3141 3728 3413 3797 jejunium

1840 3841 1969 3879 vero
2002 3825 2292 3895 potestatis
2327 3832 2529 3878 nostra:
2573 3830 2627 3876 et
2668 3820 2884 3875 arbitrii
2924 3839 2937 3874 :
2980 3818 3200 3873 divinas
3231 3824 3416 3869 autem

1839 3922 1990 3990 leges
2026 3921 2201 3990 pluris
2235 3934 2398 3987 quam
2435 3918 2655 3971 labores
2684 3922 2907 3969 nostros
2948 3912 3127 3967 facere
3153 3926 3253 3965 nos
3280 3924 3415 3963 eon-

1839 4014 2010 4066 venit.
2055 4031 2072 4062 ι
2108 4010 2233 4064 Haec
2277 4011 2351 4063 illi
2387 4025 2511 4063 cum
2560 4011 2706 4062 inter
2740 4022 2799 4062 se
2838 4007 3073 4060 invicem
3111 4003 3415 4057 disseruis-

1838 4113 1980 4167 sent,
2012 4104 2319 4173 exiguoqne
2352 4109 2575 4171 sumpto
2602 4101 2753 4164 cibo,
2779 4099 2947 4154 Deum
2973 4098 3315 4156 laudassent.
3353 4110 3418 4148 ac

1837 4204 1950 4251 tres
1978 4196 2097 4250 dies
2126 4212 2234 4249 una
2262 4195 2695 4264 transegissent,
2726 4190 2989 4259 disjuncti
3022 4197 3153 4250 sunt
3173 4229 3186 4247 .
3216 4187 3415 4256 spiritu

1837 4304 1896 4341 se
1924 4302 2119 4339 rursus
2156 4296 2345 4338 mutnu
2380 4282 2758 4352 eouspecturi.
2786 4280 2921 4346 Quis
2952 4294 3084 4349 ergo
3113 4279 3278 4343 hujus
3309 4277 3410 4329 viri

1839 4377 2165 4445 sapientiam
2204 4393 2311 4431 nun
2357 4375 2682 4437 admiretur,
2725 4388 2833 4442 qua
2876 4372 3016 4426 duce
3041 4369 3240 4439 jejunii
3280 4378 3415 4423 lem-

1840 4484 1943 4537 pus
1982 4476 2248 4530 noverat,
2293 4475 2523 4521 noverat
2561 4475 2617 4520 et
2668 4463 3029 4533 philosophia:
3066 4478 3128 4514 ac
3163 4461 3418 4514 fraterna:

2269 4560 2488 4614 virtutis
2542 4573 2765 4628 quoque
2802 4556 3041 4626 partimn
3077 4553 3416 4607 tliﬂ'errntias

1843 4652 2092 4715 videbat,
2140 4661 2193 4706 et
2232 4668 2397 4721 quam
2428 4652 2515 4705 cui
2548 4651 2745 4704 cedere
2772 4659 3056 4719 oporteat,
3104 4658 3158 4701 et
3191 4646 3413 4700 cuinam

1841 4743 1896 4797 in
1928 4752 2169 4814 tempore
2203 4744 2429 4798 victoria
2468 4741 2762 4796 tribuenda
2789 4742 2879 4795 sit.

1911 4921 2144 4976 Possum
2175 4928 2229 4975 et
2258 4920 2405 4975 aliud
2438 4934 2911 4983 commemorare,
2959 4933 3024 4971 ex
3052 4934 3163 4987 quu
3202 4915 3323 4983 ejus
3361 4920 3411 4971 in

1838 5012 2044 5067 divinis
2069 5012 2331 5082 perfectio
2362 5018 2755 5080 cognoscatur.
2787 5007 3024 5063 Venerat
3060 5008 3128 5061 ad
3161 5008 3313 5061 illum
3348 5024 3411 5059 ex

1841 5103 2017 5171 patria
2051 5105 2208 5156 sbror
2241 5100 2363 5169 ejus
2415 5117 2536 5153 cum
2595 5098 2739 5161 lilio,
2787 5100 2882 5168 qui
2920 5108 2976 5163 et
3028 5104 3107 5152 vir
3157 5104 3307 5159 erat,
3361 5106 3418 5147 et

1842 5196 1994 5249 urbis
2037 5194 2163 5264 Cyri
2192 5195 2479 5249 obtinebat
2519 5193 2891 5262 principatum
2915 5234 2928 5253 ,
2963 5208 3083 5261 qua:
3108 5192 3174 5245 ad
3213 5192 3415 5245 victum

1844 5286 1919 5338 illi
1952 5288 2263 5340 necessaria
2288 5293 2448 5339 erant
2475 5283 2713 5339 alierens
2743 5283 2985 5338 abunde.
3022 5285 3074 5337 is
3110 5298 3240 5335 vero
3265 5298 3417 5335 soro-

1845 5393 1957 5431 rem
1995 5378 2180 5434 videre
2212 5394 2318 5432 non
2356 5377 2571 5450 1146
2597 5389 2682 5432 est
2712 5392 2907 5445 passus
2944 5397 2956 5430 τ
2993 5377 3206 5431 sororis
3235 5388 3416 5429 autem

1844 5470 2015 5523 lilium
2039 5511 2053 5535 ,
2105 5471 2365 5540 quoniam
2401 5486 2524 5525 eum
2556 5469 2873 5539 alloquendi
2910 5478 3125 5537 tempus
3160 5478 3308 5530 erat,
3365 5469 3415 5520 in

1843 5575 2197 5633 conspectum
2236 5563 2481 5619 admisit.
2509 5564 2647 5617 Cum
2687 5570 2870 5617 autem
2899 5571 3159 5631 rogarent
3188 5570 3242 5613 ut
3268 5561 3416 5613 acci-

1844 5664 1995 5725 peret
2034 5670 2154 5725 quae
2182 5655 2344 5708 allata
2373 5655 2592 5711 fuerant
2633 5675 2645 5709 :
2690 5676 2708 5708 ι
2733 5657 2839 5711 Per
2869 5664 3030 5723 quot,
3057 5654 3260 5720 inquit,
3297 5668 3419 5703 mo-

1843 5748 2085 5803 nasteria
2131 5748 2465 5809 transiistis,
2498 5755 2551 5803 et
2588 5749 2919 5818 quibusnam
2958 5747 3177 5800 illorum
3213 5760 3276 5797 ex
3331 5742 3413 5796 his

1844 5837 2049 5908 aliquid
2090 5840 2507 5909 impertiislis?»
2546 5842 2793 5911 Cumque
2824 5840 2870 5895 is
2902 5839 3036 5893 nulli
3073 5838 3258 5892 datum
3305 5852 3422 5895 esse
