4206 6456
799 393 930 461 i335

799 514 1168 577 respondisset
1219 532 1229 561 ;

795 603 963 655 listis.
1011 602 1121 654 Nos
1171 600 1314 653 enim
1355 601 1509 653 nullo
1551 599 1747 652 horum
1794 597 2137 667 indigemus,
2185 613 2286 650 nec
2319 599 2363 650 si

791 708 1077 759 egeremus
1118 696 1495 761 acciperenms
1522 731 1535 752 ,
1570 691 1699 759 quia
1748 705 1844 743 vos
1878 690 2147 742 naturalis
2182 688 2367 757 potius

792 784 1171 852 cognationis,
1234 800 1399 853 quam
1454 783 1621 834 divini
1669 781 1915 849 obsequii
1954 780 2177 842 studio,
2228 780 2367 833 hanc

792 879 840 926 in
896 893 998 929 nos
1048 878 1465 930 beneficentiam
1500 875 1790 927 exercetis.
1839 870 1955 924 Nisi
1990 871 2139 924 enim
2189 872 2363 924 solam

790 970 1007 1035 generis
1068 969 1535 1021 necessitudinem
1596 968 1962 1036 spectaretis,
2030 980 2139 1017 non
2206 963 2366 1016 nobis

790 1058 924 1109 solis
958 1058 1219 1124 itnpertiti
1259 1059 1371 1109 lucc
1411 1058 1627 1109 essctis.
1688 1075 1706 1105 ι
1749 1054 1873 1107 llaec
1916 1054 2135 1113 dicens,
2194 1050 2363 1104 lilium

788 1146 998 1199 sororis
1034 1162 1157 1199 cum
1204 1164 1391 1201 ειη-ονε
1422 1147 1662 1208 dimisit,
1713 1152 1911 1197 vetans
1948 1158 2012 1195 ne
2049 1140 2179 1210 quid
2215 1142 2363 1191 arci-

794 1248 1014 1302 perctur
1043 1254 1107 1290 cx
1143 1239 1208 1291 iis
1236 1255 1358 1306 qum
1395 1239 1714 1291 attulerant.
1766 1236 1858 1290 Sic
1883 1237 1973 1289 ille
2001 1245 2161 1289 extra
2194 1242 2362 1287 natu-

794 1328 961 1380 ralem
998 1330 1213 1395 positus
1268 1345 1321 1382 tn
1373 1331 1653 1382 ecelestem
1696 1331 1955 1398 migrarat
2000 1327 2364 1381 conversatio-

793 1435 934 1470 nem.
986 1418 1274 1483 Quodnam
1325 1422 1514 1481 enim,
1566 1421 1710 1487 quod
1774 1421 1882 1473 Deo
1934 1423 2132 1489 dignus
2181 1429 2359 1480 essm,

795 1512 1143 1568 manifestius
1190 1515 1371 1567 afferri
1412 1516 1586 1584 possit
1645 1515 1938 1576 indicium,
1981 1516 2139 1583 juxta
2190 1514 2363 1582 ipsius

797 1600 883 1654 Dei
924 1606 1155 1657 vocem?
1189 1624 1204 1653 ι
1232 1604 1333 1669 Qui
1368 1606 1514 1675 enim
1540 1646 1553 1666 ,
1587 1606 1659 1658 ait
1717 1622 1827 1659 non
1858 1605 2119 1674 relinquit
2152 1614 2362 1674 patrem

793 1706 844 1748 et
873 1705 1101 1749 matrem
1127 1739 1141 1762 ,
1181 1697 1383 1751 fratres
1410 1702 1463 1750 et
1498 1713 1746 1761 sorores,
1779 1706 1830 1750 et
1861 1712 2083 1750 uxorem
2114 1704 2167 1749 et
2198 1696 2360 1759 filios,

792 1800 897 1837 non
930 1794 1013 1837 est
1054 1801 1139 1839 me
1179 1787 1379 1855 dignus
1404 1782 1450 1838 δ.
1492 1810 1508 1836 ο
1544 1786 1697 1850 Quod
1751 1789 1796 1839 si
1835 1786 1926 1853 qui
1962 1801 2068 1837 non
2102 1785 2362 1850 relinquit

789 1876 1047 1943 indignus
1078 1886 1197 1941 est,
1252 1879 1345 1945 qui
1385 1878 1691 1946 relinquit,
1730 1887 1781 1930 et
1822 1885 1929 1928 tant
1980 1885 2172 1929 exacte
2222 1879 2362 1929 hanc

786 1970 1046 2023 observat
1108 1969 1544 2038 perfectionem,
1602 1973 1814 2024 clarum
1873 1978 1957 2025 est
2004 1986 2129 2023 eum
2193 1970 2364 2024 fuisse

784 2061 1195 2128 dignissimum.
1225 2063 1334 2132 Ego
1372 2080 1503 2116 vero
1544 2074 1741 2132 praeter
1778 2063 1890 2116 haec
1920 2063 2165 2116 admiror
2194 2062 2360 2116 etiam

785 2153 958 2219 ipsius
990 2153 1250 2206 eximiam
1280 2154 1330 2205 in
1360 2152 1565 2208 divinis
1593 2154 1835 2207 decretis
1862 2154 2223 2220 diligentiam.
2260 2153 2359 2207 lie-

785 2246 1091 2298 testabattn'
1130 2247 1276 2299 enim
1328 2248 1442 2299 Arii
1480 2248 1798 2311 vesaniam,
1848 2262 1968 2313 qua:
2009 2247 2360 2315 imperatoris

784 2338 1027 2405 potentia
1050 2339 1069 2356 ‘
1119 2338 1214 2391 illo
1244 2346 1491 2408 tempore
1524 2340 1949 2393 accendebatur.
1989 2338 2358 2391 Abominaba-

783 2443 874 2485 tur
915 2433 1120 2501 pariter
1165 2433 1457 2485 amentiam
1508 2431 1865 2500 Apollinaris.
1910 2428 2142 2483 Fortiter
2195 2431 2357 2481 etiam

783 2525 1050 2579 adversus
1074 2539 1171 2579 eos
1196 2523 1516 2581 decertabat
1541 2523 1634 2591 qni
1660 2540 1782 2577 cum
1821 2522 2061 2574 Sabellio
2090 2522 2355 2581 sentiunt,

782 2623 837 2668 et
885 2623 999 2669 tres
1061 2616 1384 2685 hypostases
1428 2616 1484 2667 in
1518 2628 1681 2667 unam
1734 2621 1959 2681 cogunt.
2008 2609 2177 2664 Valde
2226 2626 2359 2679 prae-

782 2718 928 2759 terea
961 2706 1320 2759 aversabatur
1360 2706 1625 2759 Euchitas
1658 2719 1799 2771 quos
1846 2711 2080 2763 vocant,
2114 2703 2207 2770 qui
2258 2702 2360 2755 sub

783 2800 1098 2851 monastieo
1150 2798 1337 2852 habitu
1396 2798 1587 2849 morbo
1622 2796 1877 2849 laborant
1911 2793 2356 2847 Manichaeorum.

787 2888 951 2943 Zelus
981 2901 1161 2943 autem
1198 2904 1297 2958 pro
1326 2888 1535 2959 1147
1564 2889 1801 2942 decretis
1829 2887 2221 2941 ecclesiasticis
2250 2897 2357 2938 tam

785 2983 985 3036 ardens
1043 2982 1095 3034 in
1153 2981 1247 3034 illo
1304 2980 1437 3043 fuit,
1473 2994 1530 3033 ιιι
1573 2981 1736 3034 etiam
1783 2981 2049 3033 adversus
2082 2979 2359 3032 admiran-

784 3074 912 3129 dum
954 3080 1009 3125 et
1041 3073 1285 3125 divinum
1325 3073 1503 3124 virum
1554 3072 1757 3141 justam
1786 3071 2196 3125 dimicationem
2234 3085 2358 3124 sus-

1756 395 2235 453 'l'HEODORETl
2300 395 2629 456 EPlSCOPl
2688 384 3053 458 CYRENSIS

1277 529 1293 559 ι
1338 509 1529 569 Abite,
1567 509 1764 577 inquit,
1800 523 1922 560 cum
1963 508 2031 561 iis
2068 523 2187 575 quae
2225 516 2361 560 attu-

2469 510 2759 578 ἐκομίσατε
2789 527 2801 540 ·
2844 514 3001 579 ἡμεῖς
3034 510 3142 581 γὰρ
3168 509 3369 562 τούτων
3396 509 3605 572 ουδενὺς
3640 512 3760 562 οὔτε
3791 512 4039 579 δεόμεθα.

3904 389 4037 451 i336

2467 600 2589 652 οὔτε
2642 604 2689 653 εἰ
2732 601 3015 669 δεοίμεθα,
3049 600 3333 670 δεξοίμεθα
3359 618 3374 631 ’
3426 602 3664 670 φυσικῆς
3695 604 3803 673 γὰρ
3850 619 4042 670 συγγε-

2467 691 2638 756 νείας,
2679 691 2793 743 ἀλλ’
2823 691 2884 742 οὐ
2918 691 3066 753 Θείας
3116 692 3413 760 Θεραπείας
3460 692 3887 762 πεφροντικότες
3928 693 4041 745 τού·

2466 798 2576 842 τοις
2609 783 2758 851 ἡμᾶς
2812 782 3250 852 φιλοφρονεῖσθαι
3305 781 3651 851 βεϐούλησθε.
3707 784 3769 845 Εἰ
3821 786 3936 853 γὰρ
3973 785 4041 853 μὴ

2471 874 2637 942 μόνην
2660 873 2755 925 τοῦ
2782 874 2970 940 γένους
3010 875 3235 942 ἐτιμᾶτε
3272 876 3372 944 τὴν
3406 876 3742 944 ἀγχιστείαν,
3779 877 3881 944 οὐχ
3916 878 4045 944 ἡμῖν

2471 967 2649 1034 μόνοις
2677 965 3017 1035 μετεδώκατε
3062 966 3127 1019 ἆν
3153 961 3227 1019 ὧν
3255 968 3541 1035 ἠνέγκατε,
3583 986 3602 1018 ι
3641 966 3827 1019 Ταῦτα
3870 966 4045 1033 λέγων

2463 1058 2555 1108 τὸν
2589 1056 2899 1125 ἀδελφιδοῦν
2935 1057 3070 1125 μετὰ
3110 1057 3208 1125 τῆς
3240 1057 3474 1126 ἀδελφῆς
3504 1056 3893 1125 ἀπεπέμψατο,
3926 1058 4045 1109 οὐδὲ

2467 1148 2641 1218 βραχύ
2686 1166 2738 1200 τι
2772 1148 2879 1201 τῶν
2932 1150 3063 1219 παρ’
3108 1149 3287 1201 αὐτῶν
3332 1149 3805 1218 προσενεχθέντων
3850 1149 4046 1201 ὑποδε-

2466 1238 2656 1307 χθῆναι
2708 1231 2989 1301 κελεύσας.
3037 1238 3225 1301 Οὕτως
3272 1238 3375 1304 ἔξω
3418 1240 3511 1308 τῆς
3546 1240 3759 1306 φύσεως
3801 1235 3907 1308 ἦν,
3953 1240 4046 1290 καὶ

2466 1330 2546 1389 είς
2575 1328 2671 1398 τὴν
2712 1330 2820 1381 τῶν
2850 1329 3094 1398 οὐρανῶν
3132 1330 3493 1397 μεταϐεϐήκει
3534 1329 3829 1381 πολιτείαν.
3888 1330 4046 1381 Ποῖον

2465 1421 2574 1490 γὰρ
2605 1421 2668 1472 ἂν
2694 1438 2775 1483 τις
2799 1404 2987 1473 τούτου
3016 1420 3346 1490 σαφέστερον
3372 1424 3640 1489 παράσχοι
3666 1423 4041 1489 παραῖειγμα.

2464 1512 2544 1564 ὅτι
2593 1510 2684 1563 τοῦ
2716 1511 2849 1563 Θεοῦ
2902 1512 3050 1576 ἄξιος
3097 1506 3195 1580 ἦν,
3230 1511 3373 1563 κατά
3411 1510 3508 1581 τὴν
3559 1511 3723 1564 αὑτοῦ
3760 1512 3854 1563 τοῦ
3906 1511 4044 1564 θεοῦ

2465 1604 2689 1671 φωνὴν;
2734 1621 2752 1653 ι
2793 1604 2852 1655 '0
2909 1603 2982 1672 μὴ
3029 1603 3454 1671 καταλιμπανων
3519 1603 3670 1671 γὰρ,
3708 1604 3879 1673 φησὶ,
3935 1621 4043 1655 πα-

2462 1696 2617 1765 τέρα,
2668 1696 2761 1748 καὶ
2802 1696 3036 1764 μητέρα,
3067 1696 3161 1747 καὶ
3201 1694 3479 1762 ἀδελφοὺς,
3530 1696 3624 1767 καὶ
3655 1695 3914 1764 ἀδελφὰς,
3949 1696 4046 1749 καὶ

2463 1790 2732 1854 γυναῖκα,
2781 1788 2873 1840 καὶ
2898 1786 3081 1848 τέκνα,
3122 1788 3220 1839 οὐκ
3254 1786 3370 1837 ἔστι
3410 1804 3510 1855 μου
3549 1785 3717 1851 ἄξιος.
3761 1806 3779 1836 ›
3816 1788 3879 1841 El
3926 1787 3985 1839 δὲ
4015 1790 4045 1839 6

2468 1878 2541 1948 μὴ
2587 1878 3012 1947 καταλιμπάνων
3056 1877 3274 1941 ἀνάξιος
3301 1916 3314 1936 ,
3357 1880 3384 1928 ό
3419 1877 3883 1947 καταλιμπάνων,
3949 1878 4047 1929 καὶ

2462 1966 2698 2032 τοσαύτῃ
2756 1965 3035 2035 χρώμενος
3087 1965 3307 2035 ἀκριϐεῖ
3368 1966 3698 2036 τελειότητι,
3755 1967 3915 2035 δῆλον
3969 1967 4046 2029 ὡς

2462 2054 2756 2118 ἀξιώτατος
2784 2051 2872 2125 ἦν.
2916 2052 3056 2120 Ἐγὼ
3099 2053 3155 2105 δὲ
3207 2054 3344 2122 πρὸς
3390 2054 3598 2118 τούτοις
3644 2049 3914 2123 θαυμάζω
3948 2057 4048 2107 καὶ

2462 2147 2559 2215 τὴν
2605 2146 2714 2198 τῶν
2757 2146 2916 2198 θείων
2959 2146 3125 2198 αὐτοῦ
3172 2143 3459 2213 δογμάτων
3503 2144 3807 2215 ἀκρίϐειαν.
3854 2145 4043 2196 Ἐδδε-

2461 2238 2681 2290 λύττετο
2713 2236 2811 2306 μὲν
2841 2238 2948 2308 γὰρ
2979 2238 3078 2306 τὴν
3125 2237 3336 2306 Ἀρείου
3368 2236 3566 2304 μανίαν
3593 2236 3697 2290 ὑπὸ
3736 2236 3838 2305 τῆς
3882 2234 4043 2304 βασι-

2458 2329 2615 2397 λικῆς
2652 2329 2967 2391 δυναστείας
3006 2329 3122 2380 κατ’
3165 2329 3371 2380 ἐκεῖνον
3399 2327 3489 2379 τὸν
3516 2327 3707 2396 καιρὸν
3731 2327 4043 2396 ἐξαπτομέ-

2461 2439 2556 2490 νην
2582 2439 2596 2453 ο
2625 2422 2961 2490 ἐμυσάττετο
2986 2421 3043 2473 δὲ
3071 2422 3163 2473 καὶ
3193 2420 3290 2489 τὴν
3325 2420 3712 2489 Ἀπολιναρίου
3743 2419 4045 2489 φρενοϐλα-

2460 2514 2631 2565 6ειείν.
2665 2514 2965 2586 Διεμάχετο
2992 2513 3048 2566 δὲ
3089 2513 3350 2579 γενναίως
3380 2512 3476 2564 καὶ
3507 2513 3619 2573 τοῖς
3648 2510 3717 2563 τὰ
3741 2510 4041 2565 Σαϐελλίου

2460 2604 2737 2674 φρονοῦσι,
2785 2606 2878 2657 καὶ
2923 2604 3021 2666 τὰς
3072 2606 3221 2674 τρεῖς
3257 2604 3585 2664 ὑποστάσεις
3618 2607 3697 2664 είς
3753 2602 3882 2671 μίαν
3912 2620 4044 2655 συν-

2459 2698 2702 2764 άγουσιν.
2726 2695 3126 2766 Ἀπεστρέφετο
3156 2696 3212 2749 δὲ
3243 2695 3437 2764 κομιδῇ
3474 2696 3564 2747 καὶ
3606 2694 3733 2757 τοὺς
3778 2695 4045 2762 ὀνομαζο-

2463 2789 2658 2856 μένους
2696 2786 2951 2855 Εύχίτας,
2984 2787 3043 2837 ὲν
3078 2784 3354 2854 μοναχικῷ
3394 2785 3744 2855 προσχήματι
3767 2785 3838 2839 τά
3864 2786 4045 2838 Μανι-

2460 2877 2626 2947 χαίων
2657 2877 2964 2940 νοσοῦντας.
2994 2875 3151 2929 Οὕτω
3175 2876 3229 2927 δὲ
3255 2875 3454 2945 θερμὸν
3485 2868 3600 2943 εἶχε
3638 2873 3727 2925 τὸν
3748 2873 3892 2943 ὑπὲρ
3928 2875 4042 2925 τῶν

2460 2970 2927 3039 ὲκκλησιαστικῶν
2961 2969 3244 3036 δογμάτων
3279 2968 3461 3036 ζῆλον,
3510 2966 3591 3018 ὅτι
3630 2967 3723 3017 καὶ
3758 2965 3895 3035 πρὸς
3948 2966 4044 3016 ἇν-

2459 3063 2561 3131 ὂρα
2595 3062 2898 3131 θαυμάσιόν
2926 3079 2985 3113 τε
3006 3063 3098 3113 καὶ
3125 3062 3265 3113 θεῖον
3288 3060 3500 3112 δικαίαν
3523 3056 3808 3121 ἀνεδέξατο
3834 3057 4039 3126 μάχην.

784 3166 1009 3231 ceperit.
1059 3164 1360 3218 Abraames
1414 3164 1557 3217 enim
1608 3163 1832 3232 quidam
1888 3178 2057 3217 senex
2100 3171 2216 3217 erat
2266 3162 2355 3215 illa

2462 3152 2783 3222 ’Λϐραάμης
2806 3169 2886 3213 τις
2910 3147 2977 3221 ἦν
3010 3151 3153 3204 κατὰ
3168 3152 3266 3220 τὴν
3305 3150 3510 3220 ἔρημον
3535 3148 3767 3217 ἐκείνην,
3798 3147 4043 3216 πρεσϐύ-

786 3255 1115 3320 solitndine,
1150 3257 1237 3309 vir
1279 3271 1419 3309 cano
1458 3255 1640 3324 capite
1668 3297 1680 3319 ,
1735 3255 1828 3310 sed
1872 3256 2045 3323 magis
2067 3269 2202 3307 cana
2229 3270 2361 3322 pru-

784 3347 997 3408 dentia,
1052 3346 1201 3399 omni
1260 3346 1465 3398 virtute
1516 3347 1733 3406 clarus,
1778 3352 1834 3397 et
1885 3346 2080 3399 uberes
2137 3345 2361 3399 assidue

790 3436 1027 3491 fundens
1094 3439 1368 3507 lacrymas
1424 3437 1887 3506 compunrtionis.
1939 3438 1989 3490 ls
2042 3438 2356 3507 principio,

785 3529 1021 3596 quadam
1050 3530 1311 3582 inductus
1338 3531 1691 3597 simplicitate
1710 3571 1725 3593 ,
1756 3530 1988 3597 primum
2010 3530 2211 3597 pascha
2238 3546 2358 3597 per-

787 3636 949 3690 agere
998 3637 1106 3673 non
1142 3621 1459 3676 dubitarat.
1502 3622 1767 3687 ignorans
1793 3661 1806 3681 ,
1841 3629 1898 3673 ut
1929 3630 2191 3690 apparet,
2239 3637 2359 3690 quae

785 3714 887 3765 hac
926 3713 996 3765 de
1028 3729 1087 3767 re
1114 3712 1308 3767 Nicaeae
1349 3728 1378 3765 a
1406 3713 1657 3767 Patribns
1686 3713 1903 3766 fuerant
1935 3715 2230 3767 constituta
2251 3755 2265 3780 ,
2305 3723 2359 3766 et

785 3805 1025 3873 antiquae
1059 3806 1289 3875 cupiens
1324 3808 1532 3859 servire
1557 3806 1966 3859 consuetudini.
2003 3806 2154 3859 Multi
2193 3822 2358 3875 porro

785 3897 973 3950 itidem
1003 3898 1094 3949 alii
1131 3898 1324 3951 eadem
1362 3898 1415 3949 id
1451 3900 1712 3965 temporis
1752 3898 2094 3965 ignoratione
2138 3898 2359 3952 labora-

784 3988 935 4041 bant.
980 3988 1083 4043 Sed
1119 4005 1348 4058 magnns
1371 3989 1685 4043 Marcianus
1711 4030 1724 4051 ,
1757 3991 1945 4045 multis
1991 4006 2132 4059 saepe.
2178 3993 2357 4047 verbis

783 4090 1016 4135 cenatus
1035 4095 1218 4135 senem
1242 4082 1567 4135 Abraamem
1604 4084 1705 4151 (sic
1731 4083 1883 4136 illum
1904 4084 2254 4153 appellabant
2278 4088 2357 4137 in-

782 4174 1015 4243 digenae)
1045 4185 1101 4227 ut
1128 4189 1250 4227 cum
1274 4172 1517 4228 Ecclesia
1540 4178 1872 4229 consentiret
1895 4178 2204 4237 traducere,
2232 4194 2355 4232 eum

783 4265 1148 4317 reluctantem
1186 4266 1433 4327 videret,
1471 4276 1658 4335 aperte
1689 4283 1811 4319 cum
1844 4283 1908 4321 eo
1942 4270 2357 4323 communicare

781 4356 1011 4409 destitit.
1046 4355 1335 4425 Temporis
1367 4366 1549 4410 tamen
1575 4374 1862 4423 successu,
1893 4359 2114 4413 divinus
2137 4360 2225 4413 ille
2249 4360 2352 4423 vir,

781 4452 1026 4503 abstersa
1047 4451 1280 4512 macula,
1295 4458 1348 4503 et
1369 4452 1421 4503 in
1440 4449 1579 4505 festo
1591 4451 1920 4504 celebrando
1938 4451 2197 4506 Ecclesize
2214 4467 2347 4503 eon-

782 4557 1001 4594 sensum
1027 4543 1333 4605 amplexus,
1361 4559 1486 4597 vere
1514 4544 1735 4605 cecinit,
1773 4564 1789 4595 ι
1820 4544 1968 4597 Beati
2012 4545 2347 4598 immaculati

782 4632 836 4685 in
883 4632 1002 4691 via.
1045 4635 1141 4692 qui
1194 4635 1475 4687 ambulant
1520 4636 1572 4688 in
1620 4637 1735 4704 lege
1776 4635 2084 4689 Dominid'.
2116 4656 2134 4688 ι
2173 4637 2351 4704 Atque

783 4721 947 4791 hujus
982 4724 1225 4790 praeclari
1257 4724 1524 4778 facinoris
1565 4734 1760 4779 auctor
1804 4726 1907 4784 fuit
1946 4742 2178 4795 magnus
2207 4726 2350 4781 Mar-

781 4829 994 4869 Cianus.

852 4968 991 5023 Huic
1033 4986 1163 5024 sane
1199 4972 1351 5024 mulli
1386 4975 1625 5027 oratoria
1674 4976 1859 5028 multis
1896 4977 1948 5028 iu
2000 4976 2135 5030 locis
2184 4978 2353 5031 indili-

782 5069 976 5112 carunt
1014 5078 1026 5113 :
1064 5061 1116 5113 in
1137 5063 1281 5132 (Zyro
1305 5064 1523 5131 quidem
1548 5067 1754 5118 sororis
1770 5066 1891 5134 ejus
1919 5068 2064 5121 filius
2092 5068 2347 5138 Alypius:

783 5148 835 5197 in
877 5148 1137 5203 Chalcide
1168 5166 1297 5204 vero
1349 5151 1664 5207 Zenobiana
1701 5157 1990 5224 quaedam,
2046 5168 2097 5212 et
2156 5176 2355 5227 genere

782 5241 927 5291 ilara
953 5282 966 5300 ,
1005 5250 1059 5293 ct
1090 5243 1330 5312 insignis
1366 5246 1603 5309 virtute,
1641 5257 1693 5300 et
1729 5250 1944 5318 magnis
1977 5251 2188 5319 pollens
2213 5252 2351 5305 divi-

786 5334 899 5386 tiis.
941 5332 1086 5386 idem
1120 5345 1173 5387 et
1222 5337 1312 5389 alii
1343 5355 1561 5407 quoque
1594 5340 1864 5394 faciebant
1908 5359 2017 5395 non
2051 5346 2239 5411 pauci,
2267 5347 2351 5399 vi-

784 5435 991 5477 ctorem
1032 5425 1182 5478 illum
1225 5428 1485 5482 athletam
1523 5431 1586 5482 ad
1630 5446 1689 5484 se
1719 5448 1910 5500 rapere
1938 5437 2349 5490 eontendenlis.

780 5514 934 5575 Quod
979 5515 1140 5569 homo
1186 5517 1279 5572 Dei
1322 5535 1443 5571 cum
1477 5522 1791 5584 didicisset,
1834 5524 2210 5580 admirabilem
2244 5531 2351 5581 Eu-

779 5604 993 5659 sebium
1054 5621 1242 5677 rugat,
1325 5614 1553 5665 terroris
1616 5615 1776 5681 pleno
1836 5615 1987 5668 illum
2041 5618 2348 5689 astringens

848 5782 870 5819 τ’
907 5784 1086 5839 Matth.
1131 5806 1179 5851 κ,
1223 5789 1303 5839 57.
1390 5790 1411 5826 ἀ
1450 5797 1462 5807 “
1501 5791 1640 5847 I'sal.
1678 5809 1863 5860 mritt,
1911 5798 1953 5848 Ι.

2462 3261 2560 3311 της
2594 3245 2752 3314 ἀνὴρ,
2787 3243 2979 3295 πολιὰν
3008 3242 3106 3311 μὲν
3138 3242 3275 3310 ἔχων
3315 3242 3413 3309 τὴν
3471 3240 3653 3309 τρίχα,
3707 3238 4042 3305 πολιώτερον

2461 3338 2516 3389 δὲ
2544 3337 2603 3388 τὸ
2628 3336 2903 3406 φρόνημα,
2938 3335 3107 3405 ἀρετῇ
3142 3333 3288 3403 πάσῃ
3310 3332 3565 3402 λάμπων,
3606 3332 3700 3386 καὶ⁵
3719 3330 4040 3393 ἀναϐλύζων

2461 3429 2549 3481 ἀεὶ
2600 3427 2663 3479 τὸ
2704 3428 2801 3497 τῆς
2844 3426 3185 3489 κατανύξεως
3232 3426 3487 3495 δάκρυον.
3534 3419 3702 3489 Οὗτος
3751 3424 4039 3493 καταρχὰς

2462 3521 2566 3573 ὑπό
2589 3538 2731 3583 τινος
2755 3521 3061 3588 ἁπλότητος
3098 3519 3360 3587 ὑπαχθεὶς
3383 3557 3397 3579 ,
3428 3518 3490 3570 τὸ
3522 3516 3735 3585 πρῶτον
3765 3515 4039 3567 ἐπιτελεῖν

2461 3613 2706 3681 ἠνείχετο
2756 3613 2949 3681 Πάσχα
2980 3628 2996 3643 ³
3055 3610 3268 3678 ἀγνοῶν
3324 3610 3443 3678 μὲν,
3506 3610 3580 3672 ὡς
3620 3608 3789 3669 εἰκὸς,
3815 3608 3885 3660 τὰ
3910 3609 4038 3675 περὶ

2459 3701 2650 3753 τούτου
2706 3705 2819 3764 τοῖς
2873 3701 3152 3770 Πατράσιν
3194 3702 3253 3753 ἐν
3287 3700 3491 3771 Νικαίᾳ
3543 3698 4035 3766 νενομοθετημένα.

2459 3792 2571 3844 ἔθει
2603 3792 2660 3844 δὲ
2690 3792 2905 3862 ἀρχαίῳ
2936 3790 3207 3843 δουλεύειν
3236 3792 3577 3859 αἱρούμενος.
3606 3789 3795 3841 Πολλοὶ
3838 3790 3899 3841 δὲ
3943 3791 4039 3840 καὶ

2458 3886 2606 3939 ἄλλοι
2650 3885 2768 3937 κατ’
2821 3885 2998 3936 ἐκεῖνο
3052 3882 3146 3935 τοῦ
3194 3883 3389 3952 καιροῦ
3438 3882 3643 3952 ταύτην
3686 3881 3910 3933 ἐνόσουν
3936 3884 4035 3950 τὴν

2457 3978 2699 4043 ἄγνοιαν.
2742 3975 2877 4026 Ἀλλ’
2903 3977 2930 4025 ὁ
2958 3975 3131 4044 μέγας
3162 3976 3498 4046 Μαρκιανὸς,
3531 3974 3741 4035 πολλοῖς
3774 3974 3875 4042 μὲν
3904 3974 4037 4025 πολ-

2458 4068 2614 4129 λάκις
2646 4068 2990 4137 χρησάμενος
3016 4066 3216 4133 λόγοις,
3247 4066 3507 4136 ἐπειράθη
3563 4066 3653 4118 τὸν
3714 4066 4038 4135 πρεσϐύτην

2469 4142 2812 4229 ’Ᾰὸραὰμηνο
2852 4157 2994 4210 οὕτω
3041 4157 3150 4225 γὰρ
3184 4156 3351 4209 ἀὑτὸν
3379 4157 3428 4209 οἱ
3465 4155 3722 4225 ἐγχώριοι
3757 4157 4040 4225 προσηγό-

2442 4272 2635 4324 ρευον,
2662 4255 2742 4316 είς
2766 4254 2865 4323 τὴν
2911 4254 3012 4321 τῆς
3058 4252 3385 4322 Ἐκκλησίας
3423 4254 3754 4321 μεταγαγεῖν
3799 4268 4036 4320 συμφω-

2456 4348 2595 4399 νίαν.
2644 4342 2999 4397 Ἀπειθοῦντα
3032 4344 3087 4395 δὲ
3130 4342 3496 4411 θεασάμενος,
3537 4342 3635 4408 τῆς
3694 4341 3831 4410 πρὸς
3866 4342 4036 4394 αὐτὸν

2458 4436 2751 4507 προφανῶς
2764 4435 3050 4496 κοινωνίας
3072 4435 3284 4501 ἀπέστη
3304 4450 3315 4461 ·
3350 4433 3488 4485 ἀλλά
3505 4434 3692 4502 χρόνου
3708 4432 4032 4495 διελθόντος,

2453 4530 2480 4579 ὁ
2503 4528 2786 4588 θεσπέσιος
2814 4527 3019 4587 ἐκεῖνος
3052 4525 3210 4595 ἀνὴρ,
3240 4524 3547 4594 ἀπορρίψας
3566 4524 3655 4576 τὸν
3678 4524 3891 4593 μῶμον,
3940 4527 4035 4577 καὶ

2455 4620 2554 4690 τῆς
2586 4618 2737 4680 θείας
2765 4617 2961 4688 ὲορτῆς
2980 4618 3272 4685 ἀγαπήσας
3295 4615 3394 4686 τὴν
3427 4616 3762 4684 συμφωνίαν,
3798 4615 4036 4683 ἔψαλλεν

2456 4709 2733 4782 ἀληθεύων
2769 4726 2781 4738 ·
2847 4728 2865 4759 ‹
2897 4708 3174 4777 Μακάριοι
3229 4709 3277 4760 oi
3340 4709 3560 4776 ἄμωμοι
3596 4709 3652 4759 ἐν
3678 4706 3819 4775 ὁδῷ,
3848 4709 3900 4759 οἱ
3933 4724 4034 4759 πο-

2460 4803 2744 4875 ρευομενοι
2794 4802 2852 4853 ὲν
2889 4800 3038 4869 νόμῳ
3091 4799 3316 4868 Κυρίου.
3350 4817 3368 4849 ι
3415 4800 3525 4851 Καὶ
3552 4798 3709 4851 τοῦτο
3733 4798 3791 4850 δὲ
3810 4798 3912 4867 τῆς
3931 4798 4030 4852 τοῦ

2462 4895 2697 4965 μεγάλου
2720 4890 3043 4963 Μαρκιανοῦ
3076 4890 3427 4953 διδασκαλίας
3454 4890 3802 4960 κατόρθωμα.

2527 4984 2713 5053 Τούτῳ
2756 4983 2939 5035 πολλοὶ
2992 4982 3090 5051 μὲν
3148 4982 3412 5051 πολλαχοῦ
3468 4982 3667 5050 σηκοὺς
3704 4982 4031 5050 εὐκτηρίους

2454 5076 2765 5144 ἐδείμαντοο
2819 5074 2876 5125 ἐν
2922 5072 3085 5142 Κύρνε)
3150 5073 3248 5140 μὲν
3292 5074 3320 5124 ὁ
3370 5071 3677 5139 ἀδελφιδοῦς
3731 5069 4025 5132 ’Δλύπιοςδ

2457 5165 2757 5235 Ζηνοϐιανῆ
2798 5164 2854 5216 δέ
2879 5181 2961 5225 τις
3001 5166 3057 5214 ἐν
3100 5162 3489 5231 Χα).κίδι,,κα“ι
3520 5162 3663 5228 γένει
3711 5160 4028 5231 λάμπουσα,

2461 5261 2555 5312 καὶ
2577 5261 2743 5326 ἀρετῇ
2775 5256 3173 5324 διαπρέπουσα,
3201 5255 3294 5305 καὶ
3345 5253 3573 5305 πλούτου
3614 5253 3900 5321 περιουσίᾳ
3938 5271 4030 5305 κο-

2465 5350 2642 5418 μῶσα.
2672 5348 2778 5399 Καὶ
2808 5346 2985 5414 ἕτεροι
3020 5344 3072 5395 δὲ
3113 5344 3211 5395 οὐκ
3242 5342 3411 5408 ὀλίγοι
3452 5342 3582 5394 αὐτὸ
3627 5340 3783 5393 τοῦτο
3830 5341 4027 5409 ἔδρων,

2457 5440 2545 5492 τὸν
2568 5440 2859 5506 νικηιρόρον
2893 5438 3098 5488 ἐκεῖνον
3122 5433 3361 5510 ἀθλητὴν
3384 5432 3628 5501 ἁρπάσαι
3661 5430 4031 5498 φιλονεικοῦνο

2454 5548 2563 5593 τες.
2594 5528 2764 5582 Τοῦτο
2788 5529 2947 5595 γνοὺς
2983 5528 3011 5579 ὁ
3046 5525 3138 5579 τοῦ
3187 5524 3322 5577 Θεοῦ
3366 5523 3666 5590 ἄνθρωπος,
3726 5522 4028 5590 παρεκάλει

2456 5623 2543 5674 τὸν
2572 5621 2873 5689 θαυμάσιον
2900 5622 3105 5672 ἐκεῖνον
3136 5616 3415 5678 Εὐσέϐιον,
3444 5616 3641 5684 ὅρκους
3670 5613 3818 5683 αὐτῷ
3862 5630 4028 5683 προσ-
