4206 6456
162 372 311 437 1337

1401 366 1799 438 BELIGIOSA
1840 368 2222 428 HISTORIA.

3300 371 3439 435 1338

167 481 413 547 ενεγκίυν
431 479 681 547 δείματος
698 477 894 540 παντὸς
912 478 1201 547 γέμοντας,
1217 476 1273 527 ὲν
1285 478 1477 547 ἐκείνῳ
1491 476 1569 546 τῷ
1580 478 1733 546 χωρίι

1863 477 2254 545 jurejurando,
2294 488 2349 531 ut
2378 493 2581 547 corpus
2612 494 2770 530 suum
2798 479 2891 532 illo
2925 478 2978 532 in
3008 480 3128 534 loco
3161 481 3437 551 deponat.

164 573 488 625 καταθεῖναι
515 571 576 623 τὸ
594 570 772 639 σῶμα,
794 571 887 621 καὶ
904 568 1105 639 μηδένα
1120 568 1409 636 διαγνῶναι
1443 570 1534 622 τὸν
1554 570 1745 637 τάφον,

164 665 310 733 πλὴν
328 664 427 716 δύο
442 663 551 716 τῶν
573 662 981 733 συνηθεστέρων
1004 660 1289 722 συνοίκων,
1322 661 1516 731 μέχρις
1556 661 1622 714 ἂν
1661 662 1747 713 διο

162 757 297 827 ὒ.θῃ
314 755 481 818 πολὺς
496 754 632 807 ἐτῶν
649 753 774 821 ἀρτθ
783 755 899 822 μός.
909 755 1017 807 Καὶ
1031 752 1215 806 τοῦτον
1228 753 1317 804 τὸν
1331 754 1492 821 ὅρκον
1503 755 1530 805 6
1542 751 1639 804 θαυ
1648 754 1748 821 μά-

161 864 278 909 σιος
291 849 502 908 ἐκεῖνος
521 846 656 915 ὲπλή
666 861 837 913 ρωσεν
854 844 949 898 ἀνθ
958 860 1158 914 ρωπος.
1178 843 1395 912 Ἐπειδὴ
1410 843 1517 913 γὰρ
1530 838 1630 914 ἧκε
1651 844 1746 895 τοῦ

158 938 464 1006 νικηφόρου
482 936 544 988 τὸ
557 936 731 1000 τέλος,
748 935 844 987 καὶ
856 936 1013 1004 χορὸς
1030 932 1281 1001 ἀγγέλων
1297 933 1395 1000 τὴν
1427 933 1577 1001 ίερὰν
1604 931 1747 984 ὲκεί-

156 1043 221 1092 νη
226 1046 255 1077 ν
274 1028 374 1079 καὶ
389 1026 446 1077 θε
456 1026 538 1077 ίαν
549 1024 725 1094 ψυχὴν
739 1026 819 1087 είς
829 1024 924 1087 τὰς
941 1027 998 1076 ιν
1017 1022 1230 1094 οὐρανῷ
1244 1021 1410 1090 μονάς
1429 1020 1743 1090 μετέθηκεν,

154 1119 215 1169 οὐ
240 1118 509 1185 πρότερον
544 1116 710 1169 αὑτοῦ
748 1116 847 1187 τὴν
891 1115 1144 1186 τελευτὴν
1204 1114 1601 1182 κατεμήνυσεν,
1640 1113 1744 1175 ἕως

155 1208 302 1275 μετά
326 1208 439 1259 τῶν
458 1206 552 1259 δύο
574 1206 682 1259 τῶν
715 1206 1155 1277 γνωριμωτέρων
1185 1206 1278 1259 τὸν
1308 1206 1476 1274 τάφον
1520 1205 1739 1274 ὀρύξας,

152 1299 250 1349 καὶ
283 1299 347 1350 τὸ
373 1299 532 1367 σῶμα
572 1298 849 1361 καταθεὶς,
881 1298 977 1367 τῆς
999 1301 1101 1366 γῆς
1130 1297 1228 1365 τὴν
1260 1298 1580 1364 ἐπιφάνειαν
1609 1297 1743 1363 ἐξω-

154 1391 379 1459 μάλισε.
434 1393 543 1445 Καὶ
598 1391 937 1460 πεντήκοντα
986 1389 1304 1443 διελθόντων
1354 1391 1638 1455 ἐνιαυτῶν,
1704 1392 1736 1460 ἢ

151 1483 445 1547 πλειόνων,
483 1484 688 1553 μυρίων
714 1483 1250 1552 συνδεδραμηκότων,
1316 1483 1410 1535 καὶ
1452 1483 1738 1553 διηρευνη-

151 1574 333 1624 κάτων
355 1575 417 1626 τὸ
445 1574 622 1642 σῶμα,
657 1574 853 1643 ἄδηλος
883 1576 909 1625 6
940 1574 1109 1640 τάφος
1144 1574 1472 1643 μεμένηκεν.
1519 1573 1737 1645 Ἐπειδὴ

148 1664 204 1715 δὲ
234 1666 469 1726 ἕκαστος
516 1666 624 1716 τῶν
671 1666 1085 1735 προειρημένων
1123 1664 1329 1734 σηκῶν,
1376 1667 1404 1717 6
1450 1665 1550 1736 μὲν
1598 1668 1734 1719 ἀπο-

150 1755 384 1820 στόλων,
415 1759 441 1807 6
467 1754 523 1807 δὲ
557 1754 849 1825 μαρτύρων
902 1755 1195 1819 ὑπεδέξατο
1243 1756 1491 1823 λείψανα,
1532 1757 1738 1829 θαρρή-

149 1860 351 1907 σαντες
392 1846 577 1897 λοιπὸν
628 1847 680 1897 οἱ
728 1847 827 1911 τῆς
868 1847 1079 1899 ἐκείνου
1129 1846 1336 1915 σκηνῆς
1384 1851 1473 1901 καὶ
1516 1848 1736 1918 διδαχῆς

144 1938 503 2007 κληρονόμοι.
540 1940 645 2009 πρὸ
673 1940 767 1993 δύο
810 1940 1013 1994 τούτων
1060 1941 1198 1993 ἐτῶν
1238 1943 1485 2013 λάρνακα
1527 1944 1737 2013 λιθίνην

144 2031 690 2093 κατασκευάσαντες,
717 2033 777 2085 ἂν
803 2033 973 2102 ταύτῃ
1000 2032 1095 2085 τοῦ
1118 2033 1300 2102 τιμίου
1350 2034 1602 2102 σώματος
1635 2052 1733 2105 με-

140 2117 393 2182 τέθηκαν
424 2120 492 2173 τά
522 2120 770 2190 λείψανα,
802 2124 921 2186 ἑνὸς
965 2123 1056 2176 τὸν
1096 2124 1263 2192 τάφον
1316 2125 1687 2191 ὑποδείξαντος
1717 2144 1730 2156 ·

138 2204 303 2273 οὗτος
324 2211 435 2282 γάρ
471 2214 629 2281 μόνος
654 2216 717 2267 ὲκ
736 2214 843 2267 τῶν
862 2215 1029 2282 τριῶν
1053 2219 1266 2286 περιῆν.

212 2303 477 2372 Ζηλωτὴς
512 2304 569 2356 δὲ
607 2304 896 2375 γενόμενος
937 2306 1036 2375 τῆς
1066 2308 1274 2362 ἐκείνου
1321 2313 1520 2382 ἀρετῆς
1556 2312 1728 2365 Εὐσέ-

140 2391 263 2454 ϐιος
292 2394 321 2444 6
342 2392 665 2461 θαυμάσιος.
697 2396 902 2448 πλείοσι
926 2396 1189 2451 διετέλεσε
1237 2400 1418 2464 πόνοις
1461 2402 1731 2473 κατατρύ-

142 2502 257 2554 χων
284 2484 344 2537 τὸ
377 2485 555 2555 σῶμα.
590 2487 774 2541 Εἴκοσι
804 2488 913 2557 γὰρ
951 2491 1044 2542 καὶ
1073 2491 1267 2545 ἑκατὸν
1309 2494 1529 2563 σιδήρου
1567 2512 1726 2563 περι-

142 2579 404 2646 κείμενος
458 2578 678 2649 λίτρας,’
721 2580 958 2647 ἐπέθηκε
1006 2582 1105 2652 μὲν
1158 2582 1334 2652 ἑαυτῷ
1384 2584 1478 2638 καὶ
1506 2585 1603 2648 τὰς
1637 2587 1729 2639 τοῦ

142 2667 426 2724 θειοτάτου
494 2667 804 2739 Ἀγαπητοῦ
828 2670 994 2734 ἄλλας
1028 2674 1388 2743 πεντήκοντα,
1419 2676 1729 2745 προσέθηκε

141 2758 198 2810 δὲ
240 2759 361 2829 ,καὶ
410 2758 510 2822 τάς
572 2759 665 2813 τοῦ
708 2761 943 2829 μεγάλου
1006 2765 1323 2834 Μαρκιανοῦ
1377 2766 1725 2835 ὀγδοήκοντα.

145 2847 315 2916 Ἔσχε
340 2847 400 2900 δὲ
429 2850 741 2919 οἰκητήριον
764 2849 963 2904 λάκκον
985 2851 1105 2905 τινὰ
1134 2853 1341 2906 ὑδάτων
1380 2856 1730 2925 ἀπηλλαγμέ-

138 2954 253 2999 νον,
274 2937 372 2989 καὶ
404 2937 571 3006 τριῶν
597 2939 734 2991 ἑτῶν
764 2940 997 3010 ἀριθμὸν
1017 2940 1208 2993 τοῦτον
1232 2942 1431 3011 διάγων
1464 2944 1727 2998 διετέλεσε

137 3031 229 3081 τὸν
259 3028 481 3098 τρόπον.
519 3031 613 3092 Είς
647 3031 868 3095 τούτους
910 3032 965 3085 δὲ
998 3032 1190 3102 ἐξέϐην
1222 3036 1347 3097 τοὺς
1381 3035 1592 3102 λόγους,
1623 3036 1729 3089 δεῖ·

139 3118 229 3183 ξαι
263 3118 591 3187 βουλόμενος
643 3119 786 3183 ὅσοις
812 3122 904 3173 καὶ
937 3121 1117 3185 ἄλλοις
1159 3123 1408 3191 μεγάλων
1449 3125 1721 3195 κατορθω-
1754 3154 1795 3209 c

143 3211 332 3278 μάτων
377 3211 406 3261 6
455 3212 629 3279 μέγας
667 3213 985 3282 Μαρκιανὸς
1040 3214 1257 3281 ἐγένετο
1308 3216 1583 3285 πρόξενος.
1610 3218 1721 3286 Τῆς

136 3298 331 3350 τούτου
367 3298 687 3366 φιλοσοφίας
718 3300 974 3354 ἀπώνατο
1007 3304 1100 3356 καὶ
1140 3304 1418 3368 Βασίλειος
1450 3309 1477 3359 6
1511 3307 1723 3377 θαυμά-

140 3406 277 3453 σιος,
297 3394 324 3442 6
348 3390 561 3453 πολλοῖς
592 3391 817 3461 ὕστερον
843 3394 1057 3463 χρόνοις
1077 3398 1224 3466 παρᾶ
1254 3397 1353 3468 τὴν
1386 3398 1715 3470 Σελευκόϐη-

137 3480 229 3531 λον
260 3496 282 3513 ·
316 3482 470 3545 πόλις
500 3483 555 3535 δὲ
591 3481 729 3553 αὕτη
769 3484 863 3553 τῆς
892 3485 1090 3551 Συρίας
1114 3504 1127 3516 ·
1178 3488 1237 3539 τὸ
1276 3491 1569 3559 μοναχικὸν
1614 3492 1720 3543 δει-

142 3573 386 3641 μάμενος
419 3573 784 3641 καταγώγιον,
823 3576 916 3628 καὶ
955 3576 1172 3646 λάμψας
1196 3580 1293 3647 μὲν
1310 3582 1367 3632 ὲν
1401 3581 1612 3644 πολλοῖς
1644 3584 1710 3636 εί·

137 3663 288 3715 δεσιν
319 3664 541 3733 ἀρετῆς,
570 3664 788 3733 λάμψας
819 3665 875 3718 δὲ
899 3665 1263 3738 διαφερόντως
1299 3673 1356 3724 ἐν
1376 3671 1451 3741 τῷ
1487 3672 1725 3742 θεοφιλεῖ

137 3755 239 3824 τῆς
268 3757 490 3826 ἀγάπης
524 3758 784 3825 κτήματι,
836 3760 929 3812 καὶ
971 3761 1049 3831 τῷ
1088 3761 1218 3833 θείῳ
1270 3767 1371 3833 τῆς
1417 3765 1721 3832 φιλοξενίας

139 3851 549 3921 κατορθώματι.
622 3854 821 3915 ὐσους
860 3855 915 3907 δὲ
958 3856 1051 3907 καὶ
1082 3850 1238 3919 οὗτος
1293 3862 1601 3931 παρέστησε
1642 3861 1719 3933 τῷ

138 3942 260 4011 Θεῷ
312 3960 330 3992 ι
366 3943 623 4013 ἐργάτας,
667 3944 1040 4009 άποστολικῶς
1094 3948 1286 4011 εἰπεῖν,
1349 3950 1715 4021 ἀνεπαισχύν-

138 4052 287 4097 τους,
349 4034 776 4104 ὀρθοτομοῦντας
812 4036 901 4090 τὸν
930 4038 1087 4105 λόγον
1121 4041 1217 4107 τῆς
1241 4040 1515 4110 ἀληθείας,
1559 4062 1577 4095 ι
1635 4046 1716 4107 τίς

138 4128 204 4179 ἂν
267 4126 467 4198 ῥαδίως
508 4127 894 4198 ἀριθμήσειεν;
958 4132 1076 4183 ἰνα
1108 4132 1212 4201 γάρ
1235 4135 1361 4195 τοὺς
1388 4135 1580 4198 ἄλλους
1625 4137 1716 4189 ἐπὶ

138 4218 232 4271 τοῦ
263 4218 530 4288 παρόντος
559 4220 873 4288 παραλίπω,
893 4223 1170 4290 εὐφημίας
1207 4225 1306 4291 μὲν
1326 4224 1485 4288 ὄντας
1510 4227 1713 4292 ἀξίους,

144 4311 319 4379 μῆκος
356 4309 413 4362 δὲ
460 4310 822 4379 ἐμποιοῦντας
868 4312 947 4381 τῷ
989 4314 1307 4384 διηγήματι,
1354 4316 1471 4378 ἐνὸς
1510 4318 1715 4371 τούτων

142 4400 238 4455 καὶ
274 4401 433 4469 μόνου
465 4400 861 4470 μνησθήσομαι.
909 4403 1156 4471 Ἐγένετό
1196 4424 1280 4467 τις
1310 4408 1500 4461 τούτου
1528 4425 1715 4478 φοιτη-

1852 571 1906 615 ct
1934 564 2251 633 sepulcrum
2293 566 2526 637 1148,
2582 566 2689 619 nisi
2741 575 2862 634 post
2907 570 3125 638 longam
3171 586 3441 629 annorum

1850 654 2084 717 seriem,
2134 669 2294 708 nemo
2325 658 2497 720 sciat,
2533 667 2729 725 preter
2756 659 3089 714 domesticos
3118 660 3257 714 duos
3284 672 3443 721 caete-

1849 744 1927 796 ris
1958 743 2367 798 familiariores.
2418 745 2821 815 Jusjurandum
2854 757 3036 803 autem
3072 767 3305 819 prorsus
3335 755 3436 805 im-

1846 838 2013 904 plevit
2053 837 2216 891 homo
2244 838 2335 891 ille
2375 838 2741 895 admirabilis.
2780 840 2916 894 Nam
2958 842 3123 896 simul
3153 859 3214 895 ae
3250 845 3431 899 victor

1848 930 2099 997 egregius
2128 930 2236 981 vita
2280 929 2505 984 functus
2575 941 2698 994 est,
2760 941 2814 986 et
2872 933 3191 1001 angelorum
3232 937 3437 992 chorus

1846 1033 2060 1071 sarram
2113 1019 2259 1071 illam
2319 1020 2675 1089 divinamque
2735 1024 2971 1076 animam
3023 1026 3078 1077 in
3131 1026 3435 1081 cwlestium

1844 1109 2071 1162 sedibus
2104 1111 2425 1176 collocavit,
2455 1128 2561 1165 non
2597 1114 2755 1183 prius
2786 1114 2908 1181 ejus
2937 1117 3144 1170 obitum
3176 1121 3188 1137 ‘
3222 1119 3437 1173 indica-

1844 1200 1952 1259 vit,
2005 1216 2170 1268 quam
2210 1217 2336 1256 cum
2366 1204 2582 1259 duobus
2623 1206 2731 1260 illis
2779 1206 3154 1261 familiaritate
3203 1210 3436 1277 conjun-

1844 1290 2119 1347 ctioribus
2152 1293 2294 1347 facta
2339 1294 2508 1358 fossa,
2555 1309 2610 1349 et
2662 1312 2893 1365 corpore
2940 1298 3231 1367 deposito,
3266 1311 3430 1355 terrae

1842 1385 2187 1449 superliciem
2218 1386 2657 1454 complanasset.
2686 1384 2838 1440 Unde
2865 1389 3267 1458 quinquaginta
3302 1400 3427 1459 post

1840 1486 2016 1527 annos
2051 1476 2133 1528 vel
2175 1476 2361 1543 plures
2390 1479 2643 1546 elapsos,
2681 1494 2804 1532 cum
2832 1495 2898 1533 eo
2931 1481 3165 1548 profecti
3198 1482 3426 1549 plurimi

1842 1578 2050 1631 corpus
2081 1567 2372 1636 diligenter
2405 1572 2863 1638 investigassent,
2924 1574 3170 1640 ignotqu
3218 1573 3423 1627 mansit

1840 1656 2176 1722 sepulcrum.
2197 1656 2496 1728 Postquam
2520 1668 2701 1713 autem
2729 1663 3167 1731 unumquodque
3196 1678 3260 1716 ex
3289 1676 3426 1732 pra:-

1840 1746 2007 1803 dictis
2054 1752 2355 1816 oratoriis,
2414 1750 2519 1805 hoc
2570 1754 2789 1822 quidem
2838 1755 3213 1823 apostolorum
3242 1797 3255 1819 ,
3291 1755 3426 1809 illud

1842 1854 1974 1890 vero
2006 1851 2309 1908 martyrum
2344 1841 2559 1909 accepit
2608 1843 2902 1910 reliquias,
2938 1859 3133 1898 secure
3162 1845 3427 1914 deinceps

1836 1929 1956 1996 ejus
1987 1930 2203 1985 cellulae
2240 1930 2623 2000 doctrinaeque
2677 1934 2926 1989 heredes
2962 1934 3015 1987 in
3067 1950 3251 1988 arcam
3287 1936 3427 2005 lapi-

1835 2022 1991 2076 deam
2013 2062 2028 2086 ,
2057 2024 2282 2077 biennio
2308 2032 2436 2077 ante
2479 2034 2856 2079 constructum
2875 2067 2891 2089 ,
2924 2027 3147 2095 pretiosi
3175 2029 3425 2097 corporis

1835 2115 2099 2183 reliquias
2137 2116 2583 2180 transtulerunt,
2648 2133 2795 2180 uno,
2832 2118 2926 2187 qui
2972 2134 3036 2171 ex
3090 2119 3272 2175 tribus
3312 2121 3424 2175 illis

1835 2205 2305 2275 solus-superstes
2336 2216 2495 2271 erat,
2533 2208 2852 2278 sepulcrum
2888 2210 3240 2265 ostendente.

1913 2298 2047 2364 Ejus
2090 2314 2254 2367 porro
2279 2299 2503 2354 virtutis
2552 2300 2838 2355 annulator
2875 2300 3216 2357 admirabilis
3247 2303 3420 2359 Euse-

1839 2390 1959 2443 l.ius
1998 2405 2201 2458 corpus
2253 2390 2509 2459 plurimis
2552 2391 2838 2448 laboribus
2884 2391 3125 2462 affligere
3170 2410 3278 2449 non
3324 2396 3423 2452 de-

1833 2482 1990 2536 stitit.
2018 2481 2149 2534 Nam
2184 2498 2307 2535 cum
2346 2482 2475 2536 ferri
2515 2493 2739 2538 centum
2774 2492 2827 2538 et
2865 2485 3054 2554 viginti
3092 2487 3259 2544 libras
3293 2504 3420 2544 cor-

1832 2574 1949 2641 pori
1985 2572 2210 2625 haberet
2254 2572 2540 2642 impositas
2568 2618 2584 2639 ,
2616 2574 2722 2627 sibi
2769 2574 2906 2629 alias
2951 2575 3215 2645 imposuit
3246 2579 3420 2635 divini

1832 2664 2053 2733 Agapeti
2087 2665 2490 2732 quinquaginta
2525 2684 2538 2719 :
2565 2667 2698 2733 quin
2728 2672 2781 2719 et
2812 2666 2995 2733 magni
3028 2683 3251 2738 quoque
3277 2669 3420 2724 Mar-

1831 2756 1971 2807 ciani
2028 2756 2164 2809 alias
2215 2757 2417 2823 adjecit
2470 2758 2773 2826 octoginta.
2822 2759 3060 2827 Eratque
3091 2761 3139 2813 ei
3189 2761 3420 2816 domici-

1833 2848 1962 2899 lium
2017 2848 2169 2902 lacus
2233 2848 2456 2917 quidam
2514 2849 2675 2918 aquis
2719 2864 2971 2913 vacuus,
3036 2852 3089 2904 itt
3140 2866 3251 2921 quo
3307 2862 3418 2909 tres

1831 2955 2007 2993 annos
2064 2940 2385 3007 hujusmodi
2448 2941 2618 2994 vitam
2673 2941 2851 2997 duxit.
2914 2944 2993 2998 Ad
3058 2945 3171 3000 haec
3229 2954 3414 3003 autem

1829 3032 2158 3099 explicanda
2189 3048 2254 3086 eo
2275 3048 2398 3085 sum
2423 3033 2711 3101 digressus
2734 3073 2749 3099 ,
2787 3042 2844 3087 ut
2876 3037 3223 3091 ostenderem
3250 3054 3417 3107 quam

1830 3123 2015 3175 multis
2051 3124 2173 3177 aliis
2203 3122 2533 3177 eximiarum
2578 3124 2842 3178 virtutum
2877 3136 3076 3181 auctor
3106 3127 3271 3183 fuerit
3296 3144 3416 3183 ma-

1826 3226 1965 3281 gnus
1981 3210 2312 3266 Marcianus.
2332 3213 2509 3281 Hujus
2534 3212 2898 3284 philosophiae
2922 3215 3163 3270 fructum
3194 3233 3416 3287 quoque

1836 3303 2086 3371 percepit
2118 3301 2480 3357 admirandus
2522 3304 2614 3357 ille
2653 3304 2928 3371 Basilius,
2962 3308 3055 3377 qui
3087 3308 3251 3379 longo
3293 3319 3417 3378 post

1824 3401 2077 3462 tempore
2130 3394 2273 3463 apud
2311 3394 2731 3451 Seleucohelum
2779 3397 2951 3469 Syrite
3005 3401 3194 3455 urbem
3226 3417 3415 3457 mona-

1823 3487 2033 3539 sticum’
2061 3485 2277 3556 1149
2316 3488 2590 3540 exstruxit
2636 3489 3043 3556 habitaculum,
3096 3501 3149 3547 et
3194 3508 3317 3546 cum
3357 3494 3411 3548 in

1823 3578 2012 3630 multis
2055 3579 2351 3645 generibus
2388 3580 2652 3631 virtutum
2698 3582 2959 3634 enituerit
2983 3624 2996 3647 ,
3033 3591 3143 3635 tum
3177 3584 3413 3639 maxime

1822 3668 1876 3721 in
1909 3665 2019 3719 Deo
2055 3668 2219 3736 longe
2250 3669 2569 3737 gratissima
2604 3674 2959 3739 possessione
2993 3674 3285 3729 charitatis
3308 3715 3322 3737 ,
3357 3686 3411 3730 et

1820 3759 1874 3811 in
1899 3757 2087 3812 divino
2123 3773 2285 3825 opere
2318 3760 2740 3827 hospitalitatis.
2767 3761 2942 3827 Quam
2981 3765 3182 3818 multos
3218 3775 3405 3821 autem

1822 3850 1910 3902 hic
1947 3864 2169 3918 qucque
2204 3849 2314 3903 Deo
2352 3851 2664 3905 exhibuerit
2706 3871 2724 3903 ι
2762 3854 3051 3921 operarios
3092 3856 3395 3913 inconfusi-

1818 3942 1982 4007 biles,
2031 3952 2090 3995 ut
2136 3958 2259 3996 cum
2312 3942 2576 4013 Apostolo
2628 3945 2808 3998 dicam
2836 3957 2880 4011 ο,
2918 3955 3069 4001 recte
3100 3956 3405 4005 tractantes

1821 4035 2049 4086 verbum
2091 4034 2341 4087 veritatis
2375 4074 2387 4095 ,
2446 4052 2464 4084 ι
2502 4034 2629 4102 quis
2678 4033 2839 4090 facile
2887 4038 3218 4091 enunieret?
3269 4037 3404 4092 Nam

1820 4137 1873 4179 ut
1909 4126 2049 4178 alios
2084 4124 2136 4178 in
2168 4127 2461 4195 praesentia
2495 4127 2912 4193 pnetermittam
2944 4170 2957 4189 ,
2994 4129 3153 4183 laude
3186 4132 3406 4199 quidem

1819 4219 2017 4288 dignos
2048 4260 2055 4265 .
2094 4220 2188 4271 sed
2224 4218 2316 4287 qui
2353 4218 2621 4287 prul'mm
2666 4217 2959 4273 rcddment
2987 4229 3251 4277 narratm,
3276 4238 3402 4276 em,

1818 4325 1986 4363 unum
2050 4310 2317 4362 duulaxat
2370 4311 2821 4363 commemorabo
2900 4310 3025 4385 Fuit
3090 4314 3234 4367 inter
3284 4313 3404 4380 ejus

1818 4401 2119 4469 discipulos
2166 4399 2391 4469 quidam
2440 4399 2682 4454 Sabinus
2734 4404 2995 4466 nomine,
3055 4403 3148 4472 qui
3197 4418 3403 4473 corpus

143 4491 261 4561 τὴς,
295 4489 519 4542 Σαϐῖνον
551 4489 609 4541 δὲ
630 4489 791 4542 αὑτὸν
812 4494 1249 4562 προσηγόρευον,
1286 4494 1345 4557 ὃς
1378 4495 1560 4558 πόνοις
1616 4514 1718 4566 μυ-

1844 4494 2107 4547 mmensis
2144 4493 2423 4546 laboribus
2455 4494 2772 4546 maecrabat
2826 4492 2961 4546 Nam
2992 4510 3170 4562 neque
3203 4497 3362 4564 panis
3385 4538 3400 4561 ,

149 4586 282 4651 ρίοις
327 4582 387 4634 τὺ
433 4581 591 4650 σῶμα
648 4582 1111 4653 κατεδαπάνησεν.
1170 4585 1304 4639 Οὔτε
1359 4587 1468 4657 γὰρ
1528 4588 1713 4657 ἄρτου,

143 4674 263 4726 ιῦτε
299 4674 429 4739 ὄψου
450 4673 594 4735 τινὸς
650 4674 1024 4743 μετελάμϐανε
1054 4693 1067 4706 ·
1117 4677 1287 4747 τροφὴ
1346 4678 1401 4730 δὲ
1456 4674 1525 4748 ἦν
1570 4680 1716 4750 αὖτῷ

146 4766 369 4833 ἄλευρον
399 4762 551 4815 ὕδατι
587 4761 896 4832 δευόμενον.
928 4763 1195 4830 Μιγνύναι
1228 4765 1284 4817 δὲ
1320 4764 1493 4828 οὕτως
1536 4766 1715 4819 εἰώθει

148 4856 325 4907 πᾶσαν
374 4851 466 4905 τοῦ
523 4852 689 4923 μηνὸς
737 4853 836 4922 τὴν
882 4853 1109 4923 τροφὴν,
1160 4856 1236 4915 ὡς
1290 4857 1589 4928 εὐρωτιᾷν,
1622 4861 1714 4912 καὶ

146 4944 344 5013 πολλὴν
371 4943 678 5012 ἐκπέμπειν
707 4943 805 5010 τὴν
832 4942 1109 4997 δυσωδίαν.
1149 4942 1431 4997 Ἐϐούλετο
1466 4946 1522 4997 δὲ
1565 4949 1714 5018 αὐτῷ

146 5035 299 5087 τοῦτο
330 5035 429 5104 τῆς
472 5033 684 5086 τοιᾶσδε
735 5034 937 5102 τροφῆς
975 5034 1036 5086 τὸ
1091 5030 1229 5097 είδος
1276 5036 1569 5106 ἀμϐλύνειν
1622 5039 1715 5091 τοῦ

149 5124 395 5192 σώματος
419 5124 515 5187 τὰς
554 5125 781 5193 ὀρέξεις,
815 5125 909 5176 καὶ
944 5128 1010 5195 τῇ
1071 5125 1304 5197 δυσωδία
1356 5129 1455 5197 τῆς
1508 5131 1717 5199 τροφῆς

153 5213 431 5282 μαραίνειν
451 5214 551 5283 τὴν
574 5212 787 5281 ἡδονήν.
825 5212 979 5265 Οὕτω
1014 5214 1070 5266 δὲ
1099 5215 1218 5266 καθ’
1259 5216 1448 5267 ἑαυτὸν
1492 5216 1713 5285 διάγων,

151 5304 341 5356 εἴποτέ
368 5322 451 5366 τις
474 5304 582 5355 τῶν
635 5303 925 5373 γνωρίμων
962 5305 1206 5372 ἀφίκετο,
1260 5305 1367 5357 τῶν
1422 5308 1716 5377 παρατιθε-

154 5396 325 5461 μένων
363 5395 618 5447 ἀπάντων
661 5395 936 5458 ἁπλοϊκῶς
992 5396 1385 5466 μετελάμϐανε.
1434 5400 1714 5469 Τοσαύτην

151 5486 202 5536 δὲ
228 5487 383 5554 χάριν
416 5484 600 5536 θεόθεν
625 5484 859 5550 ἐδέξατο,
886 5486 959 5548 ὡς
988 5489 1220 5553 γυναῖκά
1263 5498 1385 5541 τινα
1444 5490 1550 5543 τῶν
1592 5492 1710 5543 ἐπι-

158 5580 357 5643 σήμων,
424 5574 515 5625 καὶ
564 5575 655 5628 ἐπὶ
717 5576 859 5639 γένει
899 5577 988 5629 καὶ
1031 5577 1241 5647 πλούτῳ
1278 5581 1707 5649 σεμνυνομένων,

237 5747 258 5777 ⁸
283 5746 323 5801 ll
359 5748 599 5804 Timoth.
640 5767 694 5810 tt,
736 5751 811 5805 15.

1824 4600 2002 4653 neque
2029 4585 2243 4639 obsonii
2279 4585 2391 4636 ullo
2416 4600 2613 4654 genere
2638 4585 2983 4639 vescebatur:
3022 4588 3113 4641 sed
3143 4587 3300 4642 cibus
3324 4588 3400 4643 illi

1819 4686 1935 4731 erat
1958 4674 2129 4730 farina
2160 4691 2299 4745 aqua
2328 4676 2382 4730 in
2415 4676 2560 4729 hunc
2585 4678 2804 4731 modum
2830 4678 3155 4731 madefacta.
3181 4680 3402 4733 Solebat

1823 4776 1995 4819 totum
2036 4764 2200 4819 unius
2250 4768 2458 4820 tnensis
2486 4767 2667 4821 cibmn
2710 4767 2778 4821 de
2813 4768 3082 4822 industria
3132 4770 3399 4829 miscere,

1822 4864 1880 4907 ut
1931 4856 2096 4908 situm
2141 4854 2528 4917 contraheret,
2586 4865 2639 4909 et
2692 4858 2834 4909 male
2888 4857 3081 4911 oleret.
3129 4858 3401 4926 Cupiebat

1825 4944 1971 4998 enim
2002 4943 2103 4995 hoc
2134 4957 2335 5011 genere
2378 4943 2628 4996 alimenti
2664 4944 2911 4997 hebetari
2953 4948 3204 5013 corporis
3234 4961 3399 5015 appe-

1820 5036 1985 5095 titus,
2030 5037 2047 5055 ⁶
2082 5042 2135 5087 et
2169 5032 2319 5085 illius
2370 5032 2545 5087 fetore
2592 5034 2821 5087 obtundi
2857 5038 3215 5104 voluptatem.
3260 5037 3395 5090 Cum

1822 5134 2002 5177 autem
2041 5125 2157 5193 ipse
2190 5124 2271 5177 sic
2310 5126 2558 5187 viveret,
2600 5126 2643 5177 si
2686 5127 2813 5193 quis
2857 5136 3036 5178 tamen
3080 5142 3143 5179 ex
3202 5127 3393 5181 amicis

1821 5213 1884 5265 ad
1917 5229 2038 5267 eum
2072 5214 2367 5282 aliquando
2398 5216 2656 5277 veniret,
2689 5216 2756 5269 iis
2786 5229 2907 5285 qua!
2937 5217 3184 5284 apposita
3214 5224 3397 5276 erant.

1824 5308 1942 5362 sine
1972 5306 2184 5359 delectu
2215 5307 2565 5361 vescebatur.
2628 5306 2859 5359 Tantam
2900 5308 3062 5376 igitur
3094 5323 3122 5359 a
3154 5306 3261 5359 Deo
3299 5308 3396 5361 ad~

1820 5410 1975 5466 eptus
2004 5406 2086 5451 est
2118 5400 2384 5467 gratiam,
2422 5407 2481 5451 ut
2508 5400 2705 5453 mulier
2729 5402 2973 5469 quiedam
3004 5400 3345 5453 Antiochena
3378 5439 3390 5459 ,

1820 5502 2016 5555 genere
2049 5488 2283 5549 nobilis,
2323 5495 2374 5541 et
2404 5490 2601 5557 opibus
2633 5489 2835 5543 ﬂorens
2861 5531 2873 5551 ,
2926 5490 2990 5543 ad
3036 5506 3158 5544 eum
3192 5488 3383 5542 confu-

1820 5578 1989 5644 gerit,
2027 5580 2344 5648 rogaritque
2387 5590 2444 5634 ut
2475 5580 2598 5634 filim
2648 5596 2673 5632 a
2716 5580 2961 5634 tlzemone
2986 5590 3199 5634 vexata!
3234 5596 3391 5651 opem
