4206 6456
768 369 908 431 1339

1797 363 2279 425 'l'll'Etfl‘DORETI
2327 360 2659 421 EPISCOPI
2801 357 3068 417 RENSIS

3890 352 4030 415 1340

768 484 959 535 terret.
1000 478 1188 532 Visum
1235 476 1380 528 enim
1415 475 1519 530 sibi
1553 476 1732 529 aiebat
1772 472 2061 542 quemdam
2096 471 2150 523 in
2200 484 2342 522 som-

2456 465 2560 518 ἀπὸ
2583 466 2680 535 τῆς
2730 464 3045 532 Ἀντιοχέων
3076 462 3222 532 αὐτῷ
3253 464 3619 532 προσδραμεῖν
3641 502 3653 525 ,
3686 462 3778 515 καὶ
3815 461 4032 514 ἱκετεῦ-

770 590 856 627 nis
882 612 897 634 ,
932 571 1023 640 qui
1057 578 1112 623 ιιι
1145 583 1212 623 eo
1242 583 1301 622 se
1332 566 1609 621 conferret
1634 566 1980 627 hortabatur,
2014 570 2067 617 et
2091 559 2342 629 praesidis

772 656 1089 720 monasterii
1128 657 1386 724 precibus
1426 655 1660 710 salutem
1709 654 1832 707 tiliae
1871 657 2207 721 procuraret.
2255 648 2346 702 Di-

768 757 929 800 cente
978 758 1157 799 autem
1195 745 1291 798 illo
1343 746 1438 813 qui
1490 757 1751 811 responsa
1801 743 2002 802 dabat,
2053 737 2341 807 praesidem

771 837 918 904 loqui
957 852 1083 889 cum
1134 836 1458 888 mulieribUs
1495 848 1603 887 nou
1657 834 1876 896 solere,
1937 847 2059 884 eum
2114 832 2346 883 instaret

773 928 973 981 mulier
1022 943 1146 980 eum
1197 927 1455 996 laerymis
1511 936 1558 979 et
1598 926 1800 994 ejulatu
1831 964 1844 985 ,
1888 924 2347 989 vehementerque

772 1023 1166 1083 obtestaretur,
1226 1036 1428 1089 praeses
1484 1021 1650 1073 venit.
1699 1017 1912 1087 1150
1958 1018 2061 1069 Sed
2116 1017 2346 1086 negabat

775 1113 974 1166 mulier
1007 1112 1151 1164 hunc
1185 1127 1308 1165 esse
1340 1129 1352 1164 :
1393 1104 1558 1162 alium
1591 1110 1735 1163 enim
1771 1108 1876 1162 sibi
1924 1109 2141 1163 dicebat
2167 1117 2349 1160 osten-

777 1219 897 1257 sum
924 1198 1095 1256 fuisse
1116 1244 1129 1265 ,
1162 1201 1529 1254 rubicundum
1557 1242 1571 1264 ,
1597 1209 1651 1255 et
1680 1201 1775 1269 qui
1802 1201 2053 1271 pustulas
2080 1199 2345 1267 quasdam

777 1294 1003 1348 haberet
1035 1294 1085 1346 in
1122 1293 1293 1360 genis.
1324 1291 1423 1346 Ubi
1450 1308 1580 1362 ergo
1610 1301 1985 1363 cognoverunt
2014 1307 2174 1361 quem
2204 1308 2349 1359 qua:-

778 1386 932 1438 rebat
963 1384 1102 1447 (erat
1139 1395 1320 1437 autem
1371 1385 1417 1438 is
1451 1386 1646 1438 tcrtiu‘s
1683 1383 2001 1438 monasterii
2031 1424 2045 1447 ,
2096 1398 2204 1436 non
2236 1384 2348 1452 pri-

780 1475 923 1543 mus)
948 1515 962 1536 ,
1000 1476 1351 1527 adduxerunt
1382 1491 1503 1527 eum
1538 1476 1601 1527 ad
1637 1476 1916 1528 mulierem
1945 1516 1960 1538 ,
2010 1474 2170 1543 cujus
2200 1474 2347 1526 vultu

780 1570 848 1618 ab
874 1584 935 1619 ea
969 1567 1151 1620 statim
1182 1569 1386 1635 agnito,
1416 1567 1590 1621 malus
1618 1566 1831 1620 daemon
1868 1567 2176 1620 vociferatus
2201 1567 2350 1634 puel-

780 1659 886 1710 iam
937 1658 1177 1727 reliquit.
1215 1657 1541 1725 llujusmodi
1575 1658 1726 1711 fuere
1755 1660 1935 1726 magni
1966 1658 2227 1710 Marciani
2268 1657 2350 1709 di-

782 1748 1116 1813 scipulorum
1156 1746 1404 1799 facinora
1437 1766 1450 1800 :
1486 1747 1621 1801 tales
1658 1747 1875 1814 plantas
1916 1748 2155 1815 optimus
2200 1747 2346 1813 agri-

778 1840 897 1889 cola
955 1837 1159 1906 ubique
1195 1839 1439 1907 gentium
1499 1839 1836 1907 propagavit.
1895 1837 2008 1907 Ego
2049 1854 2179 1891 vero
2227 1838 2352 1891 huic

781 1945 974 1982 rursus
1007 1930 1309 1983 narrationi
1346 1929 1507 1984 ﬁnem
1546 1930 1871 1998 imponens,
1898 1944 1994 1982 oro
2013 1938 2064 1980 et
2095 1930 2350 1992 obsecro,

781 2030 833 2072 ut
873 2021 1064 2072 horum
1096 2022 1338 2074 omnium
1383 2022 1777 2078 intercessione
1808 2022 2054 2076 divinum
2088 2022 2353 2075 auxilium

774 2110 1073 2179 adipiscar.

1260 2402 1346 2455 IV.
1386 2435 1449 2442 —
1504 2402 1862 2459 EUSEBIU‘S.

850 2513 1051 2578 Quales
1099 2512 1209 2568 Deo
1257 2514 1470 2567 fructus
1521 2517 1710 2570 sterile
1741 2516 2027 2570 desertum
2067 2520 2351 2580 attulerit,

781 2607 1142 2673 tempestivos
1169 2613 1225 2660 et
1272 2614 1517 2661 maturos
1537 2649 1551 2669 ,
1586 2615 1639 2661 et
1683 2610 1976 2677 plautatori
2005 2627 2105 2665 suo
2131 2622 2317 2681 gratos
2339 2654 2352 2674 ,

780 2698 1254 2766 prudentibusque
1306 2699 1440 2754 viris
1474 2701 1734 2757 amabiles
1781 2712 1835 2757 et
1889 2705 2258 2774 expetendos,
2301 2706 2355 2758 in

2452 572 2542 607 σαι
2572 554 2847 622 ἐπαμῦναι
2880 556 2953 624 τῇ
3000 553 3234 624 θυγατρὶ
3294 553 3398 606 ὑπὸ
3442 554 3695 623 δαίμονος
3756 551 4032 621 πολεμου-

2451 645 2607 715 μένῃ.
2642 646 2813 714 Ὀναρ
2852 644 2980 713 γὰρ,
3026 646 3211 714 φησὶν,
3264 644 3576 713 ἐθεασάμην
3617 644 3738 697 τινὰ
3791 643 4033 696 ἐνταῦθα

2446 737 2669 807 δραμεῖν
2694 722 3109 806 παρεγγυῶντα,
3144 738 3236 788 καὶ
3259 737 3379 794 ταῖς
3412 737 3594 805 εὐχαῖς
3615 734 3707 788 τοῦ
3731 736 3828 804 τῆς
3857 734 4031 803 μονῆς

2449 833 2872 903 ἡγεμονεύοντος
2905 836 2971 901 τῇ
3016 832 3244 901 θυγατρὶ
3290 832 3511 901 πορίσαι
3570 830 3669 900 τὴν
3728 830 4027 899 σωτηρίαν.

2452 926 2643 991 Ἔλεγε
2671 924 2848 977 τοίνυν
2876 926 2902 976 ὁ
2931 926 3030 986 τὰς
3058 923 3379 993 ἀποκρίσεις
3409 922 3733 990 ποιούμενος
3754 964 3769 985 ,
3803 922 3880 984 ὡς
3931 924 4021 974 οὐκ

2448 1017 2532 1086 εἴη
2562 1016 2681 1078 ἔθος
2713 1015 2802 1067 τὸν
2832 1014 3269 1082 προστατεύοντα
3291 1013 3506 1081 γυναιξὶ
3534 1013 3881 1081 διαλέγεσθαι
3903 1031 3917 1043 ·
3955 1014 4032 1075 ὡς

2448 1105 2502 1155 δὲ
2529 1106 2782 1157 ἐπέκειτο
2815 1105 3126 1173 δακρύουσα
3172 1107 3203 1175 ἡ
3262 1103 3421 1175 γυνὴ,
3482 1104 3580 1156 καὶ
3632 1104 4029 1173 ὀλοφυρομένη,

2450 1197 2545 1249 καὶ
2580 1196 2792 1267 πικρῶς
2840 1196 3203 1265 ποτνιωμένη,
3233 1195 3519 1265 ἐξελήλυθε
3554 1196 3651 1265 μὲν
3680 1198 3708 1248 ὁ
3736 1196 3836 1265 τῆς
3862 1197 4034 1263 μονῆς

2450 1287 3037 1357 ἡγούμενοςιἜφασκε
3058 1287 3113 1340 δὲ
3143 1289 3177 1357 ἡ
3205 1287 3341 1357 γυνὴ
3367 1288 3441 1358 μὴ
3469 1287 3631 1341 αὑτὸν
3659 1283 3820 1348 εἶναι,
3843 1286 4035 1355 ἕτερον

2449 1378 2505 1431 δὲ
2532 1379 2667 1448 αὐτῇ
2701 1377 3078 1448 ὑποδειχθῆναι
3127 1378 3453 1449 ὑπέρυθρον,
3500 1379 3850 1449 ἐξανθήματα
3910 1396 4035 1433 τινα

2452 1472 2591 1523 κατὰ
2617 1470 2723 1522 τῶν
2753 1470 2995 1540 παρειῶν
3020 1470 3231 1539 ἔχοντα.
3269 1471 3355 1533 Ὦς
3382 1470 3450 1524 -δέ
3496 1472 3737 1538 ἔγνωσαν
3784 1473 3873 1525 τὸν
3934 1474 4034 1541 ζη-

2450 1562 2732 1630 τούμενον,
2764 1560 2945 1627 τρίτος
2969 1560 3023 1612 δὲ
3047 1556 3112 1629 ἦν
3142 1560 3243 1628 τῆς
3291 1559 3477 1628 μονῆς.
3520 1559 3641 1611 άλλ⁹ν
3680 1562 3743 1612 οὑ
3792 1561 4037 1630 πρῶτος.

2452 1652 2739 1713 πείσαντες
2772 1649 2934 1701 αὑτὸν
2963 1650 3170 1719 ἤγαγον
3199 1650 3334 1719 πιρδς
3353 1650 3451 1720 τὴν
3476 1652 3729 1719 γυναῖκα,
3759 1653 3854 1703 καὶ
3890 1669 4037 1720 παρ-

2452 1741 2652 1793 αυτίκα
2701 1741 2733 1809 ή
2775 1740 2869 1808 μὲν
2908 1740 3125 1807 ἐπέγνω
3158 1741 3220 1791 τὸ
3247 1740 3562 1810 πρόσωπον,
3620 1743 3647 1794 ὁ
3694 1741 3753 1793 δὲ
3800 1745 4039 1810 πονηρθις

2454 1834 2665 1903 δαίμων
2688 1834 2888 1903 βοήσας
2920 1833 3019 1903 τὴν
3076 1835 3246 1904 κόρην
3294 1834 3575 1888 κατέλιπε.
3638 1834 3874 1888 Τοιαῦτα
3930 1834 4042 1886 τῶν

2455 1926 2547 1979 τοῦ
2580 1924 2814 1995 μεγάλου
2844 1922 3163 1995 Μαρκιανοῦ
3198 1925 3468 1994 φοιτητῶν
3491 1925 3561 1977 τά
3601 1924 4037 1995 κατορθώματα·

2459 2019 2676 2073 τοιαῦτα
2700 2017 2842 2087 φυτὰ
2870 2017 3141 2088 πανταχοῦ
3177 2018 3577 2087 κατεφύτευσεν
3601 2021 3630 2072 ὁ
3654 2020 3873 2088 ἄριστος
3934 2037 4043 2086 φυ-

2453 2110 2702 2180 τουργός.
2751 2108 2891 2177 Ἐγὼ
2910 2109 2966 2161 δὲ
2991 2110 3152 2162 πάλιν
3183 2110 3360 2179 τούτῳ
3408 2111 3562 2173 τέλος
3608 2110 3685 2179 τῷ
3732 2111 4045 2180 διηγήματι

2455 2197 2721 2262 δεδωκὼς,
2752 2198 3016 2251 ἀντιϐολῶ
3043 2201 3137 2253 καὶ
3162 2200 3351 2268 δέομαι
3370 2200 3460 2253 διὰ
3491 2201 3589 2268 τῆς
3628 2200 3835 2253 τούτων
3899 2200 4047 2253 πάν-

2455 2308 2562 2343 των
2591 2288 2887 2360 πρεσϐείας
2915 2290 3012 2360 τῆς
3044 2289 3192 2354 θείας
3224 2291 3543 2363 ἐπικουρίας
3562 2297 3763 2364 τυχεῖν.

2968 2406 3020 2455 Δ¹
3054 2434 3125 2444 -
3164 2404 3513 2460 ΕΥΣΕΒΙΟΣ.

2541 2522 2789 2587 Ὀποίους
2823 2522 2918 2593 μὲν
2948 2521 3253 2591 καρποὺςὴ
3288 2521 3535 2597 ἄκαρπος
3574 2522 3778 2591 ἔρημος
3805 2521 3882 2589 τῷ
3917 2521 4046 2592 Θεῷ

2456 2615 2877 2687 προσενήνοχεν,
2908 2613 3156 2685 ὼρίμους
3189 2613 3282 2666 καὶ
3335 2613 3630 2684 πεπείρους
3686 2614 3779 2665 καὶ
3814 2612 3891 2681 τῷ
3941 2631 4046 2680 (ρυ-

2454 2701 2671 2775 τουργῷ
2699 2702 3037 2775 προσφιλεῖς,
3065 2702 3305 2764 καὶτοῖς
3357 2697 3416 2755 εὖ
3464 2701 3719 2773 φρονοῦσι
3765 2701 3876 2753 τῶν
3943 2704 4045 2753 ἁν-

780 2789 1179 2857 supraseriptis
1215 2792 1631 2847 narrationibus
1687 2782 2045 2850 ostendimus.
2103 2794 2182 2851 Ne
2233 2799 2359 2866 quis

2457 2792 2691 2864 θρώπων
2733 2792 3028 2864 ἐρασμίους
3080 2793 3180 2845 ’καὶ
3231 2791 3625 2862 τριποθήτους,
3682 2794 3739 2844 ἐν
3767 2796 3882 2854 τοῖς
3935 2794 4043 2863 ἥδη

779 2890 961 2934 autem
1010 2879 1133 2933 loco
1176 2882 1657 2951 circumscriptam
1698 2899 1821 2939 esse
1863 2887 2119 2940 virtutem
2164 2887 2357 2940 existi-

780 2981 921 3037 met,
982 2975 1267 3043 solamque
1318 2975 1669 3030 solitudinem
1740 2977 1805 3030 ad
1860 2980 1995 3033 tales
2059 2989 2355 3049 proventus

782 3062 1074 3127 idoneam,
1134 3079 1233 3132 age
1282 3064 1587 3120 orationem
1639 3068 1902 3138 deinceps
1951 3072 2015 3123 ad
2079 3072 2356 3127 habitatas

2459 2886 2851 2954 συγγραφεῖσιν
2879 2882 3235 2954 ὑπεδείξαμεν
3262 2883 3617 2953 διηγήμασιν.
3669 2884 3757 2945 Ὠς
3786 2884 3852 2936 ἂν
3879 2882 3937 2934 δὲ
3965 2886 4043 2951 μή

2456 2991 2538 3037 τις
2563 2974 2807 3045 ὑπολάϐῃ
2829 2975 2980 3045 τόπῳ
3024 2973 3469 3046 περιγεγράφθαι
3514 2974 3613 3043 τὴν
3672 2974 3898 3044 ἀρετὴν,
3945 2975 4047 3024 καὶ

2462 3066 2628 3135 μόνην
2659 3059 2919 3134 εἶναιτὴν
2955 3065 3162 3138 ἔρημον
3193 3069 3276 3130 εἰς
3317 3065 3569 3135 τοιαύτης
3615 3064 3879 3137 προσόδου
3942 3081 4046 3131 φορ

778 3170 906 3209 ora!
953 3167 1378 3221 convertamus,
1436 3173 1640 3228 easque
1687 3162 2044 3219 ostendamus
2097 3165 2354 3232 parandas

2461 3158 2558 3227 ρὰν
2608 3157 2920 3228 ἐπιτηδείαν
2957 3175 2970 3188 ·
3016 3158 3148 3229 φέρε
3187 3157 3374 3211 λοιπὸν
3432 3159 3511 3221 είς
3570 3158 3670 3227 τὴν
3712 3156 4047 3229 οἰκουμένην

780 3247 1141 3322 philosophiae
1176 3249 1569 3318 impedimento
1605 3268 1714 3307 non
1752 3269 1894 3309 esse.

852 3446 1004 3501 .‘ilons
1034 3457 1117 3503 est
1145 3451 1477 3518 pra'celsus.
1509 3453 1816 3509 Antiochiae
1854 3456 2073 3524 quidem
2115 3457 2255 3513 situs
2287 3457 2353 3511 ad

779 3548 1073 3600 Orientem,
1119 3539 1392 3596 Bcrrhcea:
1440 3558 1569 3597 vero
1611 3544 1676 3598 ad
1724 3546 2095 3611 occidentem,
2141 3547 2353 3603 vicinos

780 3647 945 3699 supra
1009 3642 1224 3687 montes
1282 3635 1564 3699 eminens,
1622 3638 1743 3690 coni
1797 3639 2024 3708 liguram
2097 3655 2356 3709 supremo

779 3725 1076 3779 cacumine
1128 3725 1375 3780 referens
1399 3766 1414 3789 ,
1447 3727 1515 3781 ab
1545 3728 1837 3785 altitudine
1867 3746 2067 3786 nomen
2104 3732 2354 3787 sortitus.

781 3814 1087 3884 (Toi'yphem
1134 3818 1311 3877 enim,
1358 3817 1409 3870 id
1455 3826 1541 3871 est
1568 3821 1850 3885 verticem,
1883 3823 2158 3891 appellare
2180 3825 2359 3878 solent

781 3907 871 3973 qui
902 3907 1108 3960 circum
1132 3908 1401 3962 habitant.
1434 3911 1493 3964 In
1520 3911 1687 3980 hujus
1712 3912 1843 3966 olim
1893 3928 2109 3969 summo
2135 3918 2153 3936 θ
2205 3917 2358 3987 apice

781 3996 1047 4064 templum
1084 4006 1203 4049 erat
1232 3997 1574 4063 daemonum,
1625 4001 1824 4056 vicinis
1863 4003 2121 4071 gentibus
2166 4005 2358 4074 praeci-

784 4104 887 4153 pue
920 4088 1319 4143 venerandum.
1358 4087 1568 4145 Subtus
1618 4091 1686 4145 ad
1744 4093 2062 4156 meridiem,
2115 4096 2167 4147 in
2201 4095 2357 4149 sinus

783 4178 1025 4244 Speciem
1102 4190 1426 4248 exporrecta
1494 4182 1782 4251 planities,
1837 4184 2043 4238 cubitis
2104 4188 2361 4256 utrinque

784 4286 891 4323 non
929 4270 1221 4324 admodum
1262 4272 1390 4327 altis
1433 4274 1858 4332 circumducta:
1901 4278 2110 4348 1151
2150 4281 2244 4348 qui
2291 4281 2359 4334 ad

781 4372 1088 4428 equestrem
1120 4379 1295 4432 usque
1340 4366 1482 4418 viam
1524 4369 1809 4435 protensi,
1850 4369 2012 4424 binas
2062 4372 2291 4426 semitas
2328 4386 2358 4424 a

2460 3248 2782 3319 μεταϐῶμεν
2808 3248 2886 3318 τῷ
2909 3249 3071 3319 λόγῳ,
3106 3249 3199 3301 καὶ
3234 3249 3496 3318 δείξωμεν
3533 3251 3599 3320 τῇ
3657 3247 3757 3317 τῆς
3817 3247 4045 3315 φιλοσο-

2457 3340 2585 3410 φίας
2617 3340 2807 3412 κτήσει
2832 3340 3033 3411 ἥκιστα
3051 3340 3255 3412 ταύτην
3283 3340 3533 3411 ἐμποδῶν
3567 3345 3879 3411 γινομένην.

2531 3455 2695 3524 Ὄρος
2731 3454 2877 3506 ἐστὶν
2911 3452 3130 3524 ὑψηλὸν,
3173 3454 3308 3525 πρὸς
3350 3454 3424 3506 ἕω
3456 3453 3553 3523 μὲν
3599 3457 3696 3523 τῆς
3738 3453 4043 3523 Ἀντιόχου,

2458 3546 2678 3614 Βεροίας
2699 3546 2758 3598 δὲ
2797 3545 2933 3616 πρὸς
2966 3546 3204 3616 ἑσπέραν
3237 3545 3604 3615 διακείμενον,
3633 3544 3741 3598 τῶν
3771 3563 4046 3616 παρακει-

2461 3635 2639 3707 μένων
2663 3635 2804 3707 ὀρῶν
2842 3635 3259 3707 ὑπερκείμενον,
3288 3634 3435 3689 κατὰ
3472 3634 3569 3705 τὴν
3601 3636 3913 3704 ἀκροτάτην
3950 3654 4046 3689 κο·

2461 3729 2637 3801 ρυφὴν
2660 3729 2940 3791 κωνοειδὲς
2973 3727 3311 3799 μιμούμενον
3345 3729 3553 3798 σχῆμα,
3584 3726 3693 3782 ἀπὸ
3728 3727 3824 3779 τοῦ
3872 3727 4047 3796 Sapo-4;

2456 3821 2555 3892 τὴν
2600 3820 2971 3892 προσηγορίαν
3028 3817 3354 3888 δεξάμενον·
3392 3818 3636 3888 κορυφὴν
3666 3818 3775 3887 γὰρ
3823 3819 3962 3871 αὐτὸ
3998 3822 4047 3871 ot

2459 3895 2729 3984 περίοικοι
2758 3910 3186 3985 προσαγορεύειν
3216 3909 3462 3964 εἰώθασι.
3487 3910 3689 3963 Τούτου
3714 3911 3889 3964 πάλαι
3925 3915 4048 3964 κατ’

2459 4004 2628 4075 αὑτὴν
2659 4004 2757 4075 τὴν
2783 4005 3125 4073 ἀκρωνυχίαν
3159 4002 3383 4072 τέμενος
3408 3998 3474 4073 ἦν
3509 4003 3777 4073 δαιμόνων
3802 4004 3911 4056 ὑπὸ
3936 4005 4049 4055 τῶν

2460 4096 2874 4165 γειτονευόντων
2896 4094 3016 4147 λίαν
3052 4094 3361 4166 τιμώμενον
3386 4110 3398 4122 ’
3444 4094 3579 4165 πρὸς
3613 4094 3965 4166 μεσημϐρίαν
3989 4098 4048 4149 δὲ

2460 4190 2640 4243 πεδίον
2683 4188 2989 4252 κολποειδὲς
3028 4188 3440 4258 ὑπεστόρεσται,
3477 4186 3722 4255 ἀγκῶσιν
3758 4188 4047 4257 ἐκατέρωι

2461 4284 2551 4338 θεν
2598 4284 2658 4337 οὑ
2707 4284 2827 4337 λίαν
2883 4282 3111 4354 ὑψηλοῖς
3165 4281 3637 4354 περιειργόμενον.
3688 4281 3954 4352 Διήκουσι
3984 4283 4047 4335 δὲ

2460 4375 2607 4433 οὗτοι
2639 4380 2807 4449 μέχρι
2829 4379 2929 4447 τῆς
2955 4377 3381 4447 διιππευομένης
3403 4374 3545 4439 ὁδοῦ,
3570 4375 3669 4437 τὰς
3696 4374 4049 4443 ἑκατέρωθεν

784 4453 1015 4508 meridie
1049 4456 1103 4508 in
1153 4457 1588 4524 septentrionem
1638 4461 1929 4516 tendentes
1959 4462 2261 4532 excipiunt.
2299 4462 2356 4516 In

2458 4471 2565 4523 ἀπὸ
2601 4470 2949 4541 μεσημϐρίας
2975 4470 3066 4522 ἐπὶ
3086 4470 3184 4539 τὴν
3209 4469 3410 4537 ἄρκτον
3435 4468 3879 4537 ἁνατεμνομένας
3907 4468 4046 4519 ὑπο-

786 4546 886 4597 hac
913 4545 1139 4612 planitie
1172 4547 1373 4617 oppida
1409 4556 1539 4603 sunt
1564 4558 1620 4604 et
1648 4566 1845 4620 magna
1880 4559 1932 4604 et
1963 4568 2130 4621 parva
2151 4592 2165 4617 ,
2198 4567 2358 4606 mon-

2460 4560 2738 4629 δεχόμενοι
2766 4561 3007 4629 τρίϐους.
3064 4560 3154 4612 Ἐν
3181 4558 3355 4629 τούτῳ
3376 4559 3563 4629 ,χωρία
3599 4559 3693 4611 καὶ
3735 4558 3910 4627 μικρὰ
3949 4558 4047 4609 καὶ

782 4637 931 4689 tibus
958 4637 1085 4690 hinc
1126 4638 1253 4693 inde
1282 4640 1593 4708 adjacentia
1621 4660 1635 4696 :
1669 4641 1736 4695 ad
1772 4643 1948 4711 ipsius
1984 4660 2114 4697 vero
2145 4645 2354 4700 excelsi

789 4727 992 4781 montis
1024 4728 1238 4783 radices
1266 4732 1421 4785 vicus
1445 4732 1717 4788 maximus
1743 4740 1797 4787 et
1828 4733 2156 4802 populosus,
2193 4751 2354 4805 quem

782 4819 976 4872 incolae
1021 4816 1197 4889 patria
1247 4837 1381 4878 voce
1426 4822 1686 4878 Teledam
1742 4826 2052 4879 nominant.
2089 4826 2265 4895 Supra
2303 4828 2357 4879 in

783 4910 951 4964 latere
1001 4912 1200 4967 montis
1246 4915 1421 4968 saltus
1460 4916 1685 4969 minime
1726 4916 1966 4983 arduus,
2010 4918 2108 4972 sed
2163 4918 2358 4973 leniter

784 4996 1047 5064 inﬂexus,
1082 5002 1364 5069 planitiem
1390 5010 1556 5072 atque
1580 5012 1834 5059 austrum
1860 5017 2138 5074 spectans.
2165 5007 2221 5059 In
2253 5008 2356 5060 hoc

782 5088 1142 5159 philosophia:
1164 5092 1412 5147 scholam
1443 5092 1770 5149 Ammianus
1809 5097 2032 5163 quidam
2060 5099 2359 5158 exstruxit,

781 5183 865 5233 \ir
896 5199 1019 5237 cum
1061 5185 1184 5239 aliis
1212 5185 1511 5240 virtutibus
1542 5186 1761 5248 clarus,
1793 5193 1907 5240 tum
1942 5188 2208 5257 singulari
2245 5204 2361 5241 mo-

781 5274 957 5329 destia
1007 5279 1264 5334 omnibus
1310 5279 1674 5334 antecellens.
1721 5278 1893 5348 Cujus
1942 5283 2020 5335 rei
2047 5283 2151 5337 hoc
2191 5299 2360 5354 argu-

784 5372 1025 5418 mentum
1051 5375 1172 5434 est,
1236 5370 1381 5438 quod
1436 5383 1562 5423 cum
1617 5368 1870 5424 doctrina
1926 5373 2191 5441 polleret,
2238 5392 2359 5443 quae

786 5471 888 5509 non
919 5457 1096 5512 solum
1130 5458 1250 5530 ejus
1283 5459 1607 5530 discipulis,
1648 5459 1744 5516 sed
1789 5463 2015 5516 totidem
2047 5464 2168 5521 aliis
2193 5467 2344 5522 suffi-

782 5560 907 5601 cere
932 5557 1159 5618 posset,
1213 5566 1358 5621 saepe
1401 5560 1585 5606 tamen
1629 5552 1696 5606 ad
1733 5568 1992 5623 magnum
2030 5556 2143 5610 ibat
2179 5556 2351 5613 Euse-

779 5634 964 5702 bium,
1009 5653 1208 5707 rogans
1236 5654 1360 5693 eum
1410 5648 1575 5710 atque
1602 5641 1929 5705 obsecrans,
1979 5652 2037 5697 ut
2060 5644 2278 5715 adjutor
2301 5657 2354 5701 et

788 5728 1081 5790 juedotriba
1121 5745 1181 5783 ac
1216 5732 1475 5802 magister
1510 5748 1630 5787 csse
1669 5733 1823 5789 vellet
1856 5736 2120 5803 palmstrxe
2143 5780 2155 5801 ,
2190 5755 2352 5810 quam

2464 4650 2672 4721 μεγάλα
2724 4650 3058 4721 κατῴκισται
3091 4653 3202 4713 τοῖς
3251 4651 3589 4720 ἑκατέρωθεν
3636 4649 3786 4719 ὄρεσι
3834 4666 4045 4718 συνημ-

2465 4741 2601 4811 μένα
2621 4758 2634 4771 ·
2672 4744 2800 4813 παρ’
2831 4742 2969 4795 αὑτά
3006 4742 3063 4794 δὲ
3084 4739 3178 4795 τοῦ
3207 4740 3411 4811 ὑψηλοῦ
3445 4740 3604 4811 ὅρους
3639 4740 3707 4791 τά
3735 4738 4043 4808 κράσπεδα,

2459 4833 2620 4905 κώμη
2659 4835 2743 4897 τίς
2785 4836 2901 4896 ἐστι
2949 4833 3183 4903 μεγίστη
3237 4835 3333 4887 καὶ
3375 4832 3819 4901 πολυάνθρωπος,
3870 4833 3940 4900 τῇ
3986 4832 4046 4882 δὲ

2461 4927 2710 4998 ἐγχωρίῳ
2732 4931 2881 4999 φωνῇ
2909 4927 3140 4981 Τελεδᾶν
3178 4925 3348 4996 αὐτὴν
3373 4925 3749 4994 ὀνομάζουσιν.
3785 4925 3939 4975 ’Δνω
3987 4923 4045 4975 δὲ

2458 5017 2559 5084 τῆς
2595 5018 2874 5088 ὑπωρείας
2910 5018 3058 5087 νάπη
3108 5016 3192 5079 τίς
3241 5017 3390 5068 ἐστιν
3440 5014 3501 5066 οὑ
3545 5014 3666 5066 λίαν
3706 5012 4043 5080 προσάντης.

2458 5105 2596 5159 ἀλλὰ
2631 5106 2866 5177 μετρίως
2899 5104 3180 5175 ἐπικλινὴς
3229 5105 3362 5175 πρὸς
3395 5103 3456 5156 τὸ
3503 5102 3681 5155 πεδίον
3732 5103 3910 5152 ἐκεῖνο
3948 5104 4045 5151 καὶ

2458 5198 2610 5250 νότον
2662 5198 2863 5267 ἄνεμον
2916 5196 3325 5251 ἀποϐλέπουσα.
3368 5194 3457 5247 Ἐν
3502 5192 3675 5263 ταύτῃ
3719 5191 4042 5258 φιλοσοφίας

2461 5288 2874 5357 φροντιστήριον
2912 5286 3211 5357 Ἀμμιανός
3240 5303 3323 5349 τις
3357 5285 3627 5354 ἐδείματο,
3658 5284 3798 5352 ἀνὴρ
3829 5282 4043 5344 πολλοῖς

2464 5377 2563 5446 μὲν
2589 5377 2682 5430 καὶ
2716 5376 2895 5439 ἄλλοις
2916 5378 3116 5447 ἀρετῆς
3145 5376 3311 5429 εῖδεσι
3344 5374 3598 5442 λάμπων,
3640 5374 3951 5442 φρονήματι
3985 5373 4043 5425 δὲ

2462 5468 2543 5519 ὅτι
2574 5466 2805 5536 μάλιστα
2833 5468 3038 5537 μετρίῳ
3068 5467 3194 5528 τοὺς
3216 5456 3408 5528 ἄλλους
3429 5464 3788 5519 ἐπλεονέκτει.
3821 5463 4044 5531 Τεκμή-

2465 5572 2578 5628 ριον
2603 5556 2680 5619 δὲ,
2705 5556 2962 5627 ἀποχρῶν
2986 5556 3094 5626 γὰρ
3117 5557 3197 5618 είς
3221 5553 3565 5608 διδασκαλίαν
3594 5554 3654 5605 οὑ
3678 5556 3789 5614 τοῖς
3812 5553 4037 5612 οἰκείοις

2464 5648 2624 5717 μόνον
2659 5646 2973 5711 θιασώταις,
3022 5647 3157 5700 ἀλλὰ
3207 5649 3298 5699 καὶ
3335 5647 3414 5709 δίς
3466 5644 3737 5705 τοσούτοις
3784 5644 4038 5713 ἐξαρκεῖν

2464 5740 2779 5811 δυνάμενος,
2823 5742 2916 5795 καὶ
2952 5740 3209 5804 πολλάκις
3270 5738 3397 5809 πρὸς
3427 5738 3518 5791 τὸν
3576 5737 3749 5807 μέγαν
3779 5735 4037 5792 Εὐσέϐιον
