4206 6456
205 350 339 415 1341

1424 360 1828 421 RELlGIOSA
1869 365 2255 427 HISTORIA.

3319 375 3457 438 1342

199 466 426 532 έδραμε,
455 466 711 535 συνεργὸν
739 466 919 520 λαϐεῖν
949 468 1224 531 ἱκετεύων,
1255 468 1344 520 καὶ⁵
1368 470 1461 539 τῆς
1488 471 1578 522 ὑπ’
1604 471 1768 524 αὐτοῦ

1877 476 2223 531 fundaverat.
2260 480 2461 535 Aberat
2498 486 2677 540 autem
2722 481 2919 535 stadiis
2956 481 3142 547 \igiuti
3175 488 3442 554 quinque.

200 556 475 623 παγείσης
522 558 858 623 παλαίστρας
894 558 1241 627 παιδοτρίϐην
1283 576 1341 610 τε
1381 560 1474 612 καὶ
1506 559 1765 613 ὃιδάσκαυ

198 645 309 698 λον.
359 646 699 714 Ἀφειστήκει
728 647 783 699 δὲ
816 648 1068 710 σταδίους
1119 649 1277 701 πέντε
1318 650 1411 701 καὶ
1444 648 1666 711 εἴκοσιν,
1696 655 1769 723 μὲν

197 735 461 803 οἰκήματι
495 737 712 807 σμικρῷ
744 755 845 789 τινι
873 738 1010 799 λίαν,
1045 739 1163 791 οὐδὲ
1209 740 1574 807 φωταγωγοὺς
1596 740 1771 809 ἔχοντι

197 825 617 894 καθειργμένος.
684 829 1020 899 Ἐποδήγησε
1074 829 1129 882 δὲ
1186 830 1344 881 αὐτὸν
1388 830 1522 899 πρὸς
1566 830 1771 899 ταύτην

195 916 294 984 τὴν
322 918 524 985 ἀρετὴν
552 919 827 987 Μαριανος
855 922 883 972 ό
906 920 1094 972 τούτου
1123 922 1220 989 μὲν
1246 920 1405 981 θεῖος,
1436 920 1528 972 τού
1552 920 1608 972 δὲ
1635 920 1770 973 Θεοῦ

194 1007 391 1067 πιστὸς
432 1008 705 1077 θεράπων.
750 1011 937 1079 Ἀρκεί
988 1010 1096 1080 γάρ
1135 1010 1385 1063 τοσοῦτον
1421 1012 1615 1075 είπεῖν,
1648 1012 1771 1063 ἐπεὶ

196 1098 282 1147 καὶ
320 1098 527 1167 Μωσῆν
556 1100 647 1150 τὸν
676 1100 849 1168 μέγαν
874 1105 939 1170 τῇ
964 1103 1246 1171 ἐπωνυμίᾳ
1284 1102 1456 1173 ταύτῃ
1479 1102 1773 1171 τετίμηκεν

191 1188 219 1237 ὁ
243 1188 545 1256 Δεσπότης.
574 1182 737 1251 Οὗτος
764 1192 791 1242 ό
816 1192 1112 1261 Μαρια-θος,
1143 1192 1235 1244 τοῦ
1264 1192 1407 1244 θείου
1440 1194 1773 1260 γευσάμενος

194 1278 422 1344 ἔρωτος,
456 1281 554 1331 οὐκ
599 1280 833 1349 ἠθέλησε
872 1282 1027 1350 μόνος
1072 1286 1183 1344 τοῖς
1216 1284 1438 1349 ἀγαθοῖς
1482 1281 1771 1350 έντρυφᾷν,

192 1362 332 1413 ἀλλὰ
367 1364 597 1426 πολλοὺς
626 1367 721 1433 μὲν
746 1368 839 1420 καὶ
868 1368 1059 1431 ἀλλους
1088 1370 1424 1439 σ’δντραστὰς
1458 1372 1772 1439 ἐποιήσατο,

194 1452 465 1520 ἐθῆρευςε
494 1456 548 1507 δὲ
581 1458 676 1509 καὶ
706 1458 796 1511 τὸν
834 1460 1006 1527 μέγαν
1036 1462 1314 1524 Εὐσέϐιον,
1348 1464 1439 1514 καὶ
1468 1462 1557 1514 τὸν
1586 1461 1771 1514 τούτου

193 1543 447 1611 ἀδελφὸν,
494 1546 585 1596 καὶ
624 1547 765 1599 κατά
818 1549 910 1599 τὸν
950 1548 1063 1616 βίον
1092 1551 1219 1602 ὖντα
1250 1568 1310 1617 γε
1361 1550 1610 1616 ἀδελφόν.
1662 1549 1774 1600 Οὐκ

192 1633 417 1698 εὖλογον
452 1633 557 1703 γάρ
590 1634 765 1705 ᾠήθη,
792 1638 914 1700 τοὺς
943 1639 1041 1707 μὲν
1068 1640 1217 1692 οὐδὲν
1246 1640 1393 1709 αύτῷ
1423 1640 1775 1709 διαφέροντας

192 1721 471 1790 ἀγρεῦπαι
504 1724 638 1793 πρὸς
667 1725 893 1795 ἀρετὴν.
924 1729 1049 1790 τοὺς
1079 1728 1134 1781 δὲ
1169 1728 1479 1798 ἀδελφιδοῦς
1510 1726 1775 1798 ἀναγρεύ-

1879 582 2047 635 parvo
2093 574 2145 619 et
2198 569 2317 623 sine
2381 570 2639 623 fenestris
2693 570 2942 625 inclusus
2981 573 3309 627 habitacula
3374 574 3453 626 Ad

1883 657 2022 711 hanc
2052 672 2219 725 porro
2276 659 2426 712 illum
2494 662 2753 715 virtutem
2810 662 3113 717 deduxerat
3176 662 3453 718 Marianos

1876 751 2053 818 ipsius
2084 760 2315 819 patruus
2337 792 2351 813 ,
2385 751 2558 807 fidelis
2593 752 2685 807 Dei
2716 753 2954 807 famulus
2994 773 3005 807 :
3040 754 3142 807 hoc
3175 756 3319 808 enim
3366 756 3452 808 di-

1878 858 2004 896 cere
2056 853 2139 895 sat
2172 842 2373 907 fuerit,
2408 857 2532 897 eum
2581 859 2835 912 magnum
2862 859 3080 913 quiaque
3115 845 3317 901 Mosem
3350 847 3454 901 Do-

1876 936 2059 987 minus
2094 933 2194 986 boc
2243 934 2465 987 nomine
2506 934 2830 989 bonestarit.
2874 934 3152 991 hlarianus
3181 937 3269 990 hic
3305 937 3450 991 divi-

1875 1038 2004 1076 num
2054 1040 2293 1078 amorem
2321 1040 2443 1077 cum
2488 1025 2869 1095 degustasset,
2920 1029 3073 1083 solus
3121 1028 3279 1082 bonis
3329 1029 3435 1081 frui

1876 1114 2055 1167 noluit
2085 1133 2097 1168 :
2151 1113 2247 1168 sed
2274 1124 2328 1167 et
2363 1114 2499 1167 alios
2545 1116 2751 1169 mullos
2784 1116 2838 1169 in
2868 1130 3053 1171 amore
3090 1118 3273 1173 socios
3302 1118 3448 1172 asci—

1876 1207 1988 1267 vit,
2034 1215 2087 1258 ct
2123 1220 2379 1273 magnum
2425 1208 2587 1260 simul
2626 1206 2959 1269 Eusebium,
2992 1216 3156 1275 atque
3185 1208 3301 1277 ejus
3338 1209 3451 1262 frao

1876 1305 2045 1355 trem.
2080 1296 2229 1349 illius
2260 1296 2424 1350 etiam
2456 1298 2560 1350 vita
2598 1313 2720 1351 vere
2760 1299 2983 1352 fratrem
3020 1299 3228 1354 allexit.
3265 1299 3452 1369 Neque

1875 1390 2017 1443 enim
2072 1397 2501 1442 consentaneum
2559 1390 2922 1451 existimavit,
2970 1397 3032 1449 ut
3080 1405 3175 1442 eos
3234 1391 3326 1457 qui
3379 1390 3447 1441 ad

1878 1481 2054 1547 ipsum
2131 1481 2263 1533 nihil
2329 1482 2627 1534 attinerent
2698 1480 2949 1533 incitaret
3018 1481 3082 1531 ad
3148 1481 3445 1542 virtutem,

1880 1569 2065 1622 fratris
2124 1584 2252 1623 vero
2324 1571 2466 1623 filios
2514 1585 2622 1622 non
2686 1573 2838 1622 item.
2900 1568 3008 1623 llos
3068 1585 3195 1639 ergo
3256 1570 3449 1623 ambos

1878 1658 2074 1710 cellula
2129 1658 2374 1711 inclusos
2424 1658 2633 1727 1152
2678 1661 2937 1727 angelica:
2987 1660 3111 1713 vitae
3165 1660 3453 1727 praeceptis

1878 1750 2183 1803 erudiebat.
2224 1749 2329 1804 Sed
2361 1752 2585 1803 morbus
2636 1750 2858 1805 fratrem
2915 1751 3181 1805 invadens
3229 1765 3451 1804 cursum

192 1829 316 1875 τους
370 1814 708 1868 καταλιπεῖν.
768 1818 1002 1882 Τούτους
1055 1821 1395 1889 ἀμφοτέρους
1440 1822 1497 1871 έν
1540 1820 1766 1886 οίκίσκῳ

1874 1840 2197 1908 interrupit,
2230 1842 2595 1908 morbumque
2628 1856 2776 1894 mors
2807 1850 2889 1894 est
2928 1848 3224 1896 consecuta
3257 1859 3273 1894 ι
3319 1855 3455 1908 pau-

194 1903 489 1972 ιιαθείρξας
525 1904 741 1975 βραχεῖ,
763 1908 855 1978 τὴν
881 1909 1179 1977 ἀγγελικὴν
1212 1912 1484 1963 πολιτείαν
1519 1909 1768 1965 ἐπαίδευ-

194 2012 308 2047 σεν.
348 1998 513 2051 Ἀλλά
555 2001 632 2070 τῷ
672 2003 770 2071 μὲν
802 2003 1015 2074 ἀδελφῷ
1055 2005 1207 2067 νόσος
1242 2006 1649 2075 προσγενομένη
1676 2004 1766 2056 τὸν

1877 1932 1958 2055 iis
1992 1933 2135 1985 enim
2164 1939 2285 2001 post
2319 1931 2511 1985 diebus
2544 1946 2707 2000 quam
2734 1932 2884 1985 illinc
2914 1933 3256 1987 abscesserat
3286 1930 3451 1985 vitam

1900 2002 2045 2055 iniit.

1900 2002 2045 2055 iniit.

192 2092 393 2162 δρόμον
444 2099 648 2149 ἐκεῖνον
693 2098 972 2168 διέκοψεν·
1014 2100 1297 2168 ἠκολούθει
1333 2102 1389 2153 δὲ
1426 2105 1491 2172 τῇ
1529 2101 1667 2172 νόσῳ
1698 2100 1791 2154 καὶ
1838 2101 1865 2151 ὁ
1899 2097 2160 2160 θάνατος’
2193 2095 2379 2163 ὀλίγας
2418 2095 2527 2165 γὰρ
2570 2096 2706 2166 μετὰ
2743 2096 2842 2166 τὴν
2874 2097 3080 2149 ἐκεῖθεν
3132 2097 3307 2163 ἔξοδον
3333 2096 3451 2149 δια-

194 2183 401 2248 ϐιὼσας
434 2190 667 2256 ἡμέρας,
699 2188 793 2241 τοῦ
830 2189 945 2259 βίου
978 2190 1039 2243 τὸ
1066 2190 1220 2253 τέλος
1251 2192 1489 2257 ἐδέξατο.

264 2278 511 2345 Διέμεινε
566 2281 619 2332 δὲ
670 2283 698 2333 ό
742 2282 913 2350 μέγας
966 2284 1220 2347 Εὐσέϐιος
1270 2284 1419 2356 παρα
1451 2284 1625 2337 πάντα
1673 2282 1768 2335 τοῦ

197 2368 345 2421 Θεεου
380 2370 471 2423 τὸν
524 2373 659 2441 βίον,
707 2374 829 2427 οὔτε
877 2376 1014 2445 πρός
1051 2393 1173 2429 τινα
1218 2378 1619 2447 διαλεγόμενος,
1650 2374 1770 2428 οὔτε

196 2458 257 2509 τὸ
291 2460 411 2526 φῶς
445 2462 737 2531 θεώμενος,
773 2466 905 2517 ἀλλὰ
928 2466 1189 2534 διηνεκῶς
1224 2468 1635 2538 καθειργμένος.
1661 2466 1772 2517 Kal.

200 2551 337 2617 μετά
373 2553 472 2621 τὴν
524 2555 732 2608 ἐκείνου
762 2558 817 2609 δὲ
850 2558 1104 2627 τελευτὴν
1137 2560 1325 2611 τοῦτον
1368 2560 1652 2628 ἠσπάσατο
1684 2557 1772 2610 τὸν

198 2640 334 2708 βίον,
379 2644 483 2706 ἕως
516 2633 562 2697 ’ὀ
601 2644 901 2717 Θαυμάσιος
946 2650 1154 2712 ἐκεῖνος
1213 2650 1507 2719 ’Δμμιανὸς
1553 2648 1773 2711 πολλαῖς

201 2732 368 2785 αὐτὸν
427 2737 761 2803 καταθέλξας
804 2739 1036 2803 ἱκεσίαις
1087 2740 1404 2794 ἀνέπεισενο
1438 2759 1455 2790 ι
1490 2740 1621 2792 Εἰπὲ
1667 2739 1775 2809 γάρ

202 2836 314 2887 μοι.
358 2823 496 2891 πρὸς
536 2826 703 2878 αὑτὸν
749 2826 875 2897 ἔφη,
909 2822 953 2881 ὦ
989 2829 1200 2898 ἄριστε,
1246 2830 1351 2882 τίνι
1385 2829 1617 2898 νομίζων
1643 2828 1774 2897 ἀρέ-

200 2915 484 2967 σκειν.τὸν
512 2917 769 2969 ἐπίπονον
809 2918 1007 2971 ’τοῦτον
1044 2920 1138 2971 καὶ
1170 2920 1452 2989 αὐχμηρὸν
1486 2918 1776 2988 μετελήλυ-

196 3003 296 3066 θας
330 3006 465 3074 βίον.
499 3027 517 3058 ι
540 3009 658 3067 ,Τοῦ
689 3011 744 3061 δὲ
774 3029 791 3060 ι
832 3012 920 3062 τὸν
947 3011 1097 3073 Θεὸν,
1128 3012 1200 3073 ὡς
1230 3012 1373 3074 εἰκός
1392 3006 1481 3082 ἦν,
1506 3010 1774 3081 δήπουθεν

196 3097 505 3166 εἰρηκότος.
532 3100 623 3150 τὸν
670 3104 762 3153 καὶ
802 3101 901 3168 τῆς
946 3102 1146 3171 ἀρετῆς
1180 3104 1475 3172 νομοθέτην
1508 3103 1603 3155 καὶ
1630 3102 1771 3155 διδά-

200 3188 401 3241 σκαλον
422 3206 433 3217 '
468 3210 486 3241 ι
512 3192 737 3256 Οὐκοῦν,
778 3193 966 3263 ἐπειδὴ
997 3197 1185 3247 τούτου
1228 3196 1381 3265 ἐρᾷς,
1411 3198 1439 3247 ό
1477 3194 1773 3265 ’Λμμιανὸς

195 3277 325 3346 εφη,
358 3280 470 3347 ἐγώ
511 3298 594 3334 σοι
623 3283 823 3352 τρόπον
852 3285 1122 3348 ἐπιδείξω,
1154 3286 1220 3337 δι’
1249 3280 1308 3337 οὗ
1359 3288 1451 3338 καὶ
1479 3286 1568 3338 τὸν
1598 3285 1772 3356 ἔρωτα

197 3367 384 3419 πλεῖον
414 3368 653 3437 ἐξάψεις,
690 3374 785 3424 καὶ
826 3374 917 3425 τὸν
960 3375 1235 3444 ἐρώμενον
1285 3375 1660 3445 Θεραπεύσεις.
1701 3376 1774 3428 Τὸ

200 3458 300 3527 μὲν
328 3458 439 3529 γάρ
463 3462 641 3513 πᾶσαν
670 3465 748 3525 είς
780 3465 971 3516 ἑαυτόν
1002 3482 1125 3518 τινα
1154 3468 1478 3536 περιστῆσαι
1506 3468 1606 3537 τὴν
1642 3469 1762 3519 ἐπι·-

199 3550 449 3615 υιέλειαν,
479 3554 579 3603 οὐκ
613 3552 701 3617 ἂν,
732 3554 805 3616 ὡς
842 3551 1016 3624 οἶμαι,
1055 3556 1335 3623 φιλαυτίας
1364 3558 1616 3624 διαφύγοι
1640 3574 1768 3626 γρα-

199 3646 332 3711 φήν.
369 3642 427 3694 Ὀ
455 3644 565 3713 γὰρ
597 3644 737 3707 θεῖος
779 3647 941 3715 νόμος
967 3649 1188 3718 ἀγαπᾷν
1213 3648 1305 3701 τὸν
1332 3649 1500 3703 πέλας
1539 3651 1613 3711 ὡς
1644 3652 1774 3702 έαυ-

197 3735 295 3786 τὸν
344 3734 687 3804 διαγορεύει⁶
742 3737 803 3788 τὸ
845 3737 899 3789 δὲ
950 3739 1176 3803 πολλοὺς
1223 3742 1301 3801 είς
1351 3742 1631 3792 κοινωνίαν
1682 3743 1773 3794 τοῦ

200 3822 435 3876 πλούτου
461 3824 667 3890 λαϐεῖν,
700 3826 795 3878 τοῦ
826 3829 925 3895 τῆς
948 3829 1170 3897 ἀγάπης
1205 3830 1319 3881 ἐστὶ
1354 3830 1774 3898 κατορθώματος

198 3914 358 3969 ἴδιον.
388 3916 605 3987 Ταύτην
639 3918 694 3969 δὲ
740 3920 768 3970 ό
819 3918 1102 3983 θεσπέσιος
1134 3921 1342 3984 Παῦλος
1382 3942 1399 3971 ι
1431 3922 1595 3991 νόμου
1637 3924 1774 3993 πλή-

201 4022 367 4075 ρωμα
405 4025 423 4057 ι
472 4009 917 4078 προσηγόρευσε·
960 4012 1056 4079 βοᾷ
1085 4011 1142 4063 δὲ
1188 4014 1281 4063 καὶ
1331 4013 1490 4064 πάλιν
1530 4016 1556 4065 ὁ
1588 4013 1771 4081 λόγος*

205 4117 224 4147 ι
260 4098 321 4149 ’0
350 4097 511 4165 νόμος
543 4099 638 4150 καὶ
670 4100 720 4150 οἱ
760 4101 1035 4171 προφῆται
1075 4102 1129 4153 ὲν
1175 4102 1347 4171 τούτῳ
1372 4102 1446 4171 τῷ
1477 4103 1618 4173 λόγῳ
1646 4104 1773 4156 ava-

204 4188 653 4256 κεφαλαιοῦνται,
697 4192 754 4243 ὲν
801 4192 878 4261 τῷ
922 4194 1253 4261 Ἀγαπήσεις
1296 4195 1387 4246 τὸν
1420 4195 1645 4265 πλησίον
1681 4213 1775 4248 σου

202 4281 278 4341 ὼς
309 4281 519 4333 ἑαυτόν.
544 4301 562 4332 ι
592 4283 701 4334 Καὶ
730 4285 759 4335 ό
794 4283 995 4353 Κύριος
1019 4285 1075 4336 δὲ
1106 4287 1163 4337 ὲν
1193 4290 1302 4349 τοῖς
1336 4288 1499 4357 ίεροῖς
1530 4289 1775 4356 Εὑαγγε-

204 4370 340 4433 λίοις
365 4370 444 4439 τῷ
478 4372 668 4443 Πέτρῳ
706 4372 864 4425 πλέον
893 4374 1000 4425 τῶν
1029 4374 1201 4427 ἄλλων
1234 4376 1405 4443 φιλεῖν
1439 4376 1601 4429 αὑτὸν
1628 4377 1775 4447 ὠμο-

1943 2278 2251 2335 Permansit
2315 2288 2499 2334 autem
2568 2295 2799 2351 magnus
2871 2282 3139 2336 Eusebius
3208 2282 3450 2351 quandiu

1875 2378 2105 2439 patruus
2144 2372 2301 2437 vixit,
2339 2386 2437 2425 nec
2464 2372 2556 2424 ulli
2599 2372 2847 2440 loquens,
2892 2388 2991 2425 nec
3021 2372 3196 2426 lucem
3248 2372 3453 2441 aspici-

1872 2478 1991 2526 ens,
2024 2463 2116 2518 sed
2148 2470 2411 2533 perpetuo
2446 2463 2716 2517 inclusus.
2762 2463 2825 2517 Et
2878 2475 3000 2533 post
3038 2464 3189 2518 illius
3235 2480 3453 2534 quoque

1876 2560 2132 2615 mortem,
2166 2550 2415 2605 eamdem
2448 2552 2612 2603 vitam
2664 2549 2840 2611 duxit,
2900 2551 3071 2605 donec
3113 2551 3453 2607 admirabilis

1880 2643 2313 2697 illeAmmiauns
2351 2643 2537 2696 multis
2588 2642 2841 2711 precibus
2876 2642 3162 2696 delinitum
3221 2642 3449 2697 inﬂexit.

1886 2752 1905 2784 ι
1943 2733 2039 2788 Dic
2063 2734 2207 2787 enim
2242 2735 2395 2796 milii,
2434 2735 2633 2798 aiebat,
2658 2748 2690 2785 0
2714 2734 2856 2787 bone
2880 2734 2983 2794 vir.
3012 2738 3027 2753 '
3062 2734 3284 2787 cuinam
3338 2734 3453 2803 pla-

1880 2841 2006 2882 cere
2024 2826 2250 2881 studens
2306 2826 2633 2879 laboriosam
2667 2834 2720 2879 et
2744 2825 3051 2893 squalidam
3116 2826 3255 2879 banc
3284 2827 3451 2879 vitam

1879 2917 2138 2986 clegistil
2183 2936 2201 2969 ι
2236 2915 2453 2971 Etcum
2481 2918 2590 2980 ille,
2622 2924 2680 2969 ut
2729 2930 2828 2984 par
2867 2924 3007 2976 erat,
3050 2917 3451 2985 respondisset,

1885 3028 1903 3063 ι
1946 3008 2054 3063 lleo
2115 3008 2209 3078 qui
2269 3008 2496 3062 virtutis
2548 3016 2631 3062 est
2666 3006 2947 3076 legislator
2983 3016 3038 3060 et
3094 3004 3374 3075 magister.
3427 3024 3446 3056 ι

1880 3101 2145 3166 Quoniam
2170 3116 2301 3170 ergo
2339 3101 2487 3154 hunc
2518 3114 2691 3161 amas,
2735 3099 2911 3167 inquit
2946 3098 3290 3161 Ammianus,
3352 3112 3454 3166 ego

1878 3193 1972 3247 tibi
2008 3193 2149 3246 viam
2191 3191 2502 3250 ostendam.
2538 3207 2633 3260 per
2661 3206 2821 3258 quam
2853 3200 2904 3245 et
2945 3191 3232 3244 ardentius
3284 3205 3452 3253 ames,

1872 3291 1926 3337 et
1953 3283 2031 3335 illi
2053 3283 2262 3336 servias
2301 3297 2462 3349 quem
2487 3296 2665 3334 amas.
2704 3278 2838 3332 Nam
2878 3280 3131 3349 quisquis
3186 3282 3293 3333 sibi
3350 3281 3451 3333 soli

1872 3374 2137 3437 consulit,
2170 3373 2348 3426 nimiaa
2388 3389 2503 3426 sua:
2544 3371 2720 3441 ipsius
2777 3386 2925 3425 curae
2979 3387 3087 3424 non
3140 3380 3342 3439 potest,
3396 3381 3455 3424 ut

1874 3468 2091 3536 opinor,
2129 3465 2609 3534 reprehensionem
2659 3462 2920 3531 eﬂ'ugere.
2970 3461 3132 3516 Jubet
3184 3465 3328 3515 enim
3368 3463 3453 3516 lex

1874 3557 2057 3610 divina
2095 3554 2404 3623 proximum
2440 3566 2625 3604 amare
2659 3558 2716 3604 ut
2748 3552 2991 3619 seipsnm
3030 3550 3451 3604 :multisautem

1876 3662 2011 3713 opes
2075 3659 2207 3697 suas
2275 3642 2719 3705 communicare,
2782 3641 3063 3708 proprium
3112 3648 3195 3693 est
3251 3654 3454 3693 munus

1876 3734 2182 3797 cbaritatis,
2214 3747 2378 3801 quam
2419 3731 2642 3783 divinus
2668 3730 2872 3784 Paulus
2910 3729 2927 3767 ί
2974 3749 2992 3780 ι
3040 3731 3172 3799 legis
3210 3730 3452 3798 plenitu-

1875 3826 2058 3878 dinem
2114 3843 2130 3875 ι
2208 3823 2549 3892 appellavit,
2616 3820 2870 3889 idemque
2927 3836 3120 3874 rursus
3184 3822 3388 3873 clamat
3437 3840 3448 3874 :

1882 3934 1898 3964 ι
1939 3914 2073 3965 'l‘ota
2117 3914 2197 3966 lex
2232 3922 2282 3966 et
2304 3913 2584 3980 propheta:
2607 3913 2660 3964 in
2690 3912 2790 3965 hoc
2815 3926 3069 3964 sermone
3096 3911 3148 3963 in
3176 3926 3451 3964 summam

1876 4007 2200 4074 rediguntur
2249 4024 2261 4056 :
2318 4003 2518 4073 Diliges
2570 4005 2877 4073 proximum
2948 4011 3101 4054 tuum
3174 4002 3316 4055 sicut
3375 4010 3454 4057 te—

1879 4099 2057 4166 ipsum
2085 4106 2133 4151 ι.
2175 4115 2193 4147 ›
2231 4094 2492 4149 Dominus
2522 4110 2742 4163 quoque
2779 4096 2833 4148 in
2876 4095 3050 4149 sacris
3085 4093 3266 4153 Evam.
3309 4095 3318 4125 ‘
3352 4110 3395 4145 ιε
3423 4094 3449 4133 δ

1877 4186 2059 4248 Petro,
2092 4187 2182 4255 qui
2215 4203 2273 4239 se
2315 4185 2466 4237 illum
2523 4199 2633 4252 prae
2680 4183 2893 4237 caeteris
2929 4198 3115 4236 amare
3170 4181 3452 4251 professus

1878 4286 2019 4341 erat,
2061 4292 2286 4345 pascere
2343 4292 2473 4330 oves
2523 4292 2652 4330 suas
2716 4275 2995 4347 praecepit.
3032 4256 3147 4328 Eos
3180 4290 3312 4327 vero
3353 4274 3452 4342 qui

1879 4371 1993 4423 haec
2023 4368 2299 4438 negiigunt
2324 4368 2618 4435 increpans
2641 4382 2735 4436 per
2762 4366 3082 4436 pr0plietam
3113 4366 3247 4420 dicit
3284 4385 3294 4418 :
3338 4384 3354 4415 ι
3396 4365 3440 4419 Ο

202 4460 498 4528 λογηκότι,
553 4465 866 4532 ποιμαίνειν
915 4465 1078 4518 αύτοῦ
1129 4466 1199 4518 τὰ
1260 4466 1506 4539 πρόϐατα
1554 4485 1771 4542 παρηγ-

1881 4468 2149 4529 pastores,
2180 4458 2423 4535 putriquid
2453 4466 2701 4527 pastores
2724 4458 2938 4526 seipsos
2958 4465 3213 4525 pascunt,
3241 4456 3451 4526 1153

206 4552 411 4620 τύησε’
448 4556 557 4616 τοῖς
594 4554 651 4606 δὲ
686 4554 845 4607 τοῦτο
890 4554 964 4625 μὴ
1002 4556 1356 4626 πεποιηκόσιν
1398 4558 1645 4625 ἐγκαλῶν
1685 4560 1774 4613 διὰ

202 4641 297 4693 τοῦ
330 4644 613 4713 προφήτου
667 4644 800 4715 βοᾷηο
836 4665 853 4697 ι
880 4640 951 4697 Ὠ
980 4648 1027 4698 oi
1057 4648 1336 4715 ποιμένες,
1370 4646 1445 4717 μὴ
1478 4648 1703 4711 ἑαυτοὺς
1728 4650 1775 4699 οἱ

204 4733 466 4802 ποιμένες
529 4734 845 4803 βόσκουσιν,
892 4738 1013 4805 οὐχὶ
1054 4738 1123 4789 τὰ
1169 4738 1411 4807 πρόϐατα
1463 4738 1721 4808 νέμουσι;
1754 4759 1772 4791 ι

205 4823 411 4875 Τούτου
448 4826 608 4896 χάριν
632 4828 724 4879 καὶ
756 4828 846 4879 τὸν
879 4829 1053 4897 μέγαν
1097 4829 1282 4880 Ἠλίαν
1310 4830 1496 4883 τοῦτον
1525 4829 1777 4898 μετιόντα

204 4918 298 4968 τὸν
330 4915 442 4984 βίον
473 4916 530 4965 ὲν
580 4915 727 4985 μέσῳ
754 4917 1082 4986 στρέφεσθαι
1103 4917 1209 4969 τῶν
1261 4917 1472 4970 ἀσεϐῶν
1503 4918 1774 4972 ἐκέλευσε.

209 5007 319 5058 Καὶ
357 5005 449 5057 τὸν
495 5004 747 5075 δεύτερον
794 5007 999 5067 Ἠλίαν,
1044 5006 1292 5077 Ἰωάννην
1337 5008 1427 5059 τὸν
1472 5008 1635 5070 πάνυ,
1679 5008 1778 5076 τὴν

207 5099 416 5164 ἔρημον
438 5094 837 5164 ἀσπαζόμενον,
861 5099 980 5159 ταῖς
1007 5096 1099 5149 τοῦ
1136 5097 1396 5167 Ἰορδάνου
1419 5098 1778 5167 παρέπεμψεν

207 5186 420 5255 ὄχθαις,
450 5189 565 5239 ἐκεῖ
590 5187 872 5255 βαπτίζειν
904 5189 997 5241 καὶ
1037 5189 1333 5259 κηρύσσειν
1368 5194 1777 5261 παρεγγυήσας.

221 5280 440 5348 Ἐπειδὴ
488 5279 667 5332 τοίνυν
715 5281 807 5332 καὶ
848 5281 910 5331 σὺ
948 5280 1147 5350 θερμὸς
1188 5282 1421 5352 ἐραστὴς
1453 5278 1502 5333 εἷ
1540 5282 1635 5334 τοῦ
1687 5300 1775 5334 πε·

210 5370 501 5434 ποιηκότος
527 5368 619 5418 καὶ
667 5370 965 5431 σεσωκότος
999 5368 1155 5432 Θεοῦ,
1186 5370 1411 5433 πολλοὺς
1452 5372 1541 5422 καὶ
1590 5370 1779 5433 ἀλλους

212 5458 727 5525 συγκατασκεύασον
762 5460 1015 5529 ἐραστάς.
1050 5459 1217 5511 Τοῦτο
1244 5464 1358 5530 γάρ
1377 5461 1452 5530 τῷ
1480 5461 1644 5529 κοινῷ
1683 5464 1777 5514 As-

214 5551 388 5622 σιιότη
418 5551 538 5603 λίαν
569 5550 685 5603 ἐστὶ
719 5552 1037 5622 προσφιλές.
1063 5553 1159 5603 Διὰ
1182 5551 1337 5604 τοῦτο
1370 5554 1461 5605 καὶ
1489 5552 1579 5605 τὸν
1621 5553 1780 5617 ’ίοεζε-

302 5731 317 5767 ί
360 5728 510 5793 Rom.
569 5746 687 5792 xm,
747 5733 823 5786 l0.
908 5734 1149 5787 SMalth.
1205 5752 1337 5800 \xu,
1373 5733 1457 5797 39,
1492 5736 1579 5789 40.

1658 5730 1680 5769 δ
1714 5729 1867 5784 Joan.
1911 5748 2015 5794 χχι,
2059 5734 2139 5786 16.

1876 4562 2053 4608 etnon
2084 4568 2213 4606 oves
2249 4554 2263 4592 ἱ
2296 4553 2318 4601 ‘l
2348 4571 2366 4602 ι
2405 4551 2699 4621 Propterea
2725 4565 2980 4621 magnum
3009 4566 3228 4620 quoque
3256 4550 3449 4612 Elian»,

1880 4644 1973 4713 qui
2018 4644 2161 4697 hanc
2199 4643 2363 4696 vitam
2414 4643 2751 4706 sectabatur,
2798 4643 2941 4695 inter
2997 4642 3193 4710 impios
3245 4639 3451 4694 versari

1874 4735 2071 4805 jussit,
2094 4743 2149 4788 et
2188 4734 2493 4788 secundum
2525 4734 2693 4786 Elian:
2718 4733 3124 4787 sanctissimum
3163 4730 3449 4795 Joannem,

1879 4832 1971 4901 qui
2034 4828 2335 4885 solitudine
2396 4816 2921 4888 delectabaturﬁad
2983 4823 3240 4877 Jordanis
3302 4823 3451 4890 ripas

1882 4924 2029 4977 misit
2056 4930 2115 4974 ut
2157 4922 2457 4989 baptizaret
2505 4928 2559 4972 et
2593 4918 2932 4986 praedicaret.
3000 4915 3266 4980 Quoniam
3322 4929 3453 4981 ergo

1881 5026 1935 5070 tu
1962 5029 2181 5085 quoque
2206 5011 2399 5072 Deum,
2440 5011 2531 5079 qui
2566 5018 2615 5063 te
2650 5010 2776 5062 fecit
2798 5018 2851 5063 et
2886 5007 3136 5071 salvavit,
3188 5005 3449 5059 ardenter

1882 5123 2057 5169 amas,
2096 5104 2180 5157 fac
2214 5103 2351 5156 alios
2388 5110 2570 5155 tecum
2602 5098 2799 5155 reddas
2834 5108 3131 5154 amatores.
3170 5097 3285 5152 Hoc
3305 5100 3449 5151 enim

1882 5195 2156 5249 communi
2195 5192 2423 5245 Domino
2460 5198 2767 5260 pergratum
2802 5198 2903 5245 cst.
2958 5188 3031 5243 Ea
3072 5191 3138 5243 de
3181 5203 3347 5242 causa
3400 5196 3453 5241 et

1887 5284 2218 5340 Ezeeliielem
2260 5283 2659 5350 speculatorem
2695 5281 3009 5348 appellavit,
3042 5278 3455 5347 peccatoribus-

1885 5393 1990 5447 que
2030 5374 2304 5429 testiﬁcari
2336 5373 2503 5442 jussit
2534 5390 2548 5438 ;
2584 5378 2638 5425 et
2665 5370 2855 5425 Jonam
2887 5369 3138 5425 Ninivcm
3174 5370 3447 5439 proficisci

1889 5466 2162 5538 praecepit.
2191 5475 2244 5519 et
2283 5480 2405 5523 eum
2465 5464 2543 5516 ire
2592 5464 2759 5517 nollet
2786 5463 3025 5515 vinctum
3061 5461 3443 5541 transmisit._»

1891 5560 2011 5612 Haec
2048 5556 2317 5611 elsimilia
2359 5554 2570 5619 dicens,
2620 5564 2867 5607 sanctum
2922 5554 3093 5605 viruzu
3163 5550 3444 5611 emollivit,

2228 5744 2238 5769 ι
2281 5729 2478 5783 Ειρςιι.
2528 5745 2707 5798 χλιιι,
2745 5730 2796 5780 ‘2.
