4206 6456
755 318 889 379 1313

1736 319 1781 377 Τ
1785 317 2187 376 HEODORET
2195 316 2218 374 I
2248 315 2581 375 EI‘ISCOPI
2620 318 2983 377 Cl'liENSIS

3864 310 4003 378 13H

754 438 918 492 atque
947 441 1011 479 ex
1050 424 1358 477 voluntario
1392 422 1483 475 illo
1516 436 1735 478 carcere
1764 425 2020 480 eductum
2076 424 2323 485 abduxit.

2454 425 2559 495 ιιὴλ
2611 426 3017 495 προσηγόρευσε
3070 425 3310 488 σκοπὸν,
3357 428 3450 478 καὶ
3499 427 3605 488 τοῖς
3654 424 4003 494 ἁμαρτωλοῖς

753 532 1095 586 .uorumque
1125 517 1195 567 illi
1230 514 1498 570 sodalium
1540 514 1727 568 curam
1756 516 2005 587 tradidit.
2040 516 2153 585 Ego
2200 533 2331 571 vero

755 618 938 659 utrum
963 596 1087 675 plus
1120 605 1357 659 admirer
1383 606 1593 667 nescio,
1622 605 1844 659 illiusne
1885 607 2228 669 modestiam,
2264 624 2329 660 au

758 703 1061 766 promptam
1092 696 1257 765 hujus
1284 696 1680 751 obedientiam.
1729 696 1943 751 Etenim
1975 699 2215 770 fugiebat
2243 700 2333 751 ille

758 787 1149 856 principatum,
1212 795 1266 841 et
1332 787 1679 840 subditorum
1739 804 1881 841 unus
1935 803 2059 842 esse
2116 790 2331 855 maluit,

759 878 1096 946 praefectura:
1150 879 1455 946 perieulum
1514 862 1905 931 reformidans.
1971 880 2037 931 Et
2104 894 2332 955 magnus

761 972 1047 1032 Eusebius,
1078 972 1330 1036 quamvis
1370 971 1654 1023 hominum
1708 969 2066 1039 frequentiam
2106 988 2332 1025 aret-sa-

761 1062 940 1124 luitur,
974 1062 1145 1114 cessit
1179 1071 1386 1123 tamen,
1429 1070 1481 1115 et
1523 1063 1734 1129 laqueis
1766 1064 2053 1117 cltaritatis
2082 1066 2335 1117 irretitus

757 1152 938 1219 gregis
960 1166 1147 1204 curam
1194 1149 1456 1219 suscepit,
1490 1151 1834 1220 chormuque
1867 1152 2048 1220 duxit,
2080 1155 2144 1207 ad
2174 1171 2333 1224 quem

761 1244 1062 1296 docendum
1107 1244 1294 1297 multis
1327 1242 1400 1297 illi
1445 1244 1629 1298 verbis
1670 1258 1808 1313 opus
1841 1260 1947 1297 non
1996 1255 2132 1300 erat.
2177 1234 2337 1300 Sufﬁ-

763 1335 943 1387 ciebat
969 1337 1111 1388 enim
1151 1334 1315 1401 hujus
1372 1343 1649 1403 aspectus,
1691 1345 1748 1387 ut
1814 1337 1893 1389 vel
1957 1337 2333 1390 tardissimum

764 1440 1036 1493 quemque
1092 1425 1156 1478 ad
1208 1406 1433 1479 virtutis
1483 1440 1706 1478 cursum
1746 1427 2027 1481 excitaret.
2060 1432 2078 1449 '
2105 1426 2337 1480 Narrant

759 1518 907 1569 enim
925 1516 1019 1585 qui
1046 1516 1317 1579 viderant,
1353 1519 1565 1568 vultum
1594 1515 1714 1584 ejus
1749 1532 1866 1569 eam
1914 1533 2128 1586 semper
2162 1520 2335 1585 gravi

761 1618 925 1660 tatem
976 1624 1086 1675 prae
1126 1624 1185 1662 se
1224 1608 1457 1672 tulisse,
1498 1623 1619 1677 quae
1669 1608 1735 1661 ad
1793 1609 2044 1662 timorem
2101 1611 2336 1679 aliquem

761 1701 1135 1766 Spei-tantibus
1170 1700 1544 1753 incutiendum
1577 1700 1716 1755 satis
1748 1711 1907 1754 esset,
1940 1700 2132 1755 Cibum
2158 1710 2337 1755 autent

2431 517 2906 587 διαμαρτύρασθαι
2948 518 3279 588 παρηγγύα’
3308 518 3518 570 καὶτὸν
3554 518 3738 569 Ἰωνᾶν
3786 517 3870 577 είς
3912 516 4007 581 τὴν

2433 610 2620 661 Νινευὶ
2648 609 2903 662 ἐκέλευσε
2934 610 3169 679 τρέχειν,
3194 610 3288 661 καὶ
3327 608 3400 677 μὴ
3442 606 3763 676 βουλόμενον
3793 602 4009 670 δεσμὼο

2432 716 2529 769 την
2570 699 2918 770 παρέπεμψε.
2964 699 3147 753 Ταῦτα
3204 701 3299 752 acati.
3341 700 3409 752 τά
3435 697 3657 750 τοιαῦτα
3688 696 3867 762 λέγων
3916 694 4007 745 τὸν

2399 863 2402 865 Α
2435 794 2579 845 Θείον
2623 792 2998 866 κατεκήλττσεν
3033 792 3221 860 ἀνδρα,
3262 790 3357 842 καὶ⁷
3384 790 3483 859 τὴν
3520 787 3825 841 ἐθελούσιον
3859 787 4007 837 ὲκεί-

2434 903 2531 953 νην
2562 883 2813 952 διορύξας
2843 882 3085 952 εἱρκτὴν,
3122 881 3282 948 ὲξῆγέ
3310 896 3369 930 τε
3400 879 3495 931 καὶ
3535 876 3737 943 ἀπῆγε,
3767 874 3861 926 καὶ
3899 874 4008 925 τῶν

2435 974 2717 1028 θιασωτῶν
2769 971 3056 1044 παρεδίδου
3101 971 3199 1041 τὴν
3233 970 3569 1039 ἐπιμέλειαν.
3605 967 3755 1034 Ἐγὼ
3800 966 3859 1019 δὲ
3908 967 4011 1018 οὐκ

2435 1063 2552 1119 οἶδα
2575 1067 2798 1137 πότερον
2825 1066 2983 1118 πλέον
3009 1064 3292 1133 Θαυμάσω,
3311 1062 3501 1115 τούτου
3521 1060 3619 1129 τὴν
3656 1058 4009 1129 μετριότητα,

2436 1157 2468 1225 ἢ
2487 1158 2693 1210 ἐκείνου
2711 1156 2814 1226 τὴν
2828 1155 3158 1208 εὐπείθειαν.
3172 1154 3283 1205 Καὶ
3299 1152 3406 1222 γὰρ
3418 1144 3571 1212 οὗτος
3587 1149 3684 1219 τὴν
3707 1146 4011 1218 ἠγεμονίαν

2437 1248 2784 1319 ὲδραπέτευε,
2809 1246 3029 1299 καὶτῶν
3072 1244 3328 1317 ὑπηκόων
3350 1239 3596 1307 εἷς-εἷναι
3629 1240 3829 1309 μᾶλλον
3850 1237 4013 1291 £605-

2436 1339 2575 1403 λετο,
2607 1341 2704 1409 τῆς
2736 1338 3070 1408 προστασίας
3092 1336 3183 1389 τὸν
3216 1335 3460 1389 κίνδυνον
3496 1332 3867 1402 ὑφορώμενος.
3903 1329 4015 1381 Καὶ

2436 1436 2464 1486 6
2520 1433 2692 1502 μέγας
2750 1430 3007 1491 Εὐσέϐιος
3057 1428 3158 1494 τὴν
3232 1426 3367 1497 μετὰ
3419 1425 3678 1477 πλειόνων
3734 1419 4016 1486 διαγωγὴν

2439 1524 2814 1594 ἀπεστρέφετο
2840 1522 2957 1591 μὲν,
2994 1517 3104 1583 εἶξε
3131 1520 3185 1571 δὲ
3209 1520 3377 1586 ὅμως,
3408 1517 3500 1569 καί
3521 1518 3631 1576 τοῖς
3658 1513 3758 1581 τῆς
3791 1513 4019 1578 ἀγάπης

2438 1615 2671 1677 δικτύοις
2702 1615 2861 1676 ἁλοὺς
2890 1613 3104 1681 ἐδέχετο
3146 1611 3243 1679 τῆς
3275 1609 3508 1678 ποίμνης
3538 1608 3635 1676 τὴν
3674 1604 4018 1671 ἐπιμέλειαν,

2442 1706 2534 1757 καὶ
2563 1701 2665 1773 ¹ἦγε
2690 1704 2781 1756 τὸν
2824 1704 2982 1771 χορὸν
3007 1704 3067 1754 ού
3101 1700 3310 1753 πολλῶν
3348 1698 3522 1764 λόγων
3557 1699 3635 1756 εἰς
3665 1693 4020 1747 διδασκαλίαν

760 1790 875 1856 ipse
908 1791 1127 1858 quidem
1174 1798 1297 1859 post
1343 1800 1456 1844 tres
1518 1796 1850 1859 quatuorve"
1879 1792 1996 1846 dies
2044 1794 2335 1860 capiebat:

2454 1796 2715 1864 δεόμενος.
2750 1795 2948 1861 Ἤρκει
2987 1790 3097 1860 γὰρ
3142 1791 3236 1843 καὶ
3276 1787 3599 1857 φαινόμενος
3633 1783 3757 1847 ὀξὺν
3790 1782 4022 1853 ἐργάζευ

760 1882 944 1934 socios
969 1896 1095 1935 vero
1120 1883 1349 1937 alternis
1371 1882 1563 1936 diebus
1590 1882 1734 1935 vesci
1754 1883 2004 1951 juleebat.
2038 1882 2175 1936 Cum
2232 1884 2339 1936 lino

760 1973 981 2026 assidue
1029 1974 1267 2043 colloqui
1317 1974 1696 2042 prtecipiebat.
1748 1960 2072 2044 nullumque
2131 1976 2343 2047 11513.

759 2073 975 2131 tempus
1014 2066 1081 2116 ab
1138 2064 1239 2117 hoc
1302 2081 1527 2119 munere
1578 2081 1805 2119 vaeuum
1842 2068 2154 2137 relinquere
2196 2085 2208 2121 :
2246 2074 2340 2123 sed

759 2151 1123 2203 communiter
1197 2151 1437 2220 quidem
1498 2154 1763 2220 pru-liuita
1830 2156 2001 2209 ollicia
2072 2146 2341 2227 exsequi,

761 2242 1136 2298 intercedente
1168 2253 1348 2298 autem
1382 2246 1648 2312 temporis
1676 2248 1851 2312 spatio
1875 2264 2330 2319 unumquemque

761 2334 1036 2395 privatim,
1075 2335 1154 2390 vel
1193 2337 1296 2389 sub
1346 2336 1582 2405 alicujus
1615 2338 1831 2393 arboris
1874 2341 2088 2405 umbra,
2154 2343 2235 2396 vel
2269 2343 2334 2396 αι

762 2439 951 2493 rupem
985 2427 1243 2494 aliquam,
1273 2428 1352 2482 vel
1382 2427 1474 2481 ubi
1503 2429 1740 2496 quietem
1778 2431 2014 2499 quisque
2046 2433 2334 2501 delegerit,

760 2524 853 2567 aut
883 2524 1138 2582 stantem,
1158 2527 1253 2571 aut
1282 2518 1429 2571 humi
1465 2526 1825 2588 prostratum,
1858 2536 2017 2576 orare
2047 2517 2333 2578 Dominum

757 2616 814 2662 et
850 2610 952 2663 sibi
1006 2610 1239 2665 salutem
1301 2626 1546 2681 poscere.
1608 2612 1868 2683 Singulas
1927 2629 2053 2668 vero
2091 2620 2338 2685 corporis

760 2710 944 2769 partes
976 2703 1039 2755 ad
1059 2703 1314 2756 virtutem
1338 2704 1559 2768 erudiit,
1595 2711 1653 2757 ut
1689 2720 1751 2759 ea
1786 2707 1898 2759 sola
1926 2706 2171 2762 facerent
2219 2727 2339 2778 qua:

763 2795 901 2847 ratio
939 2796 1221 2863 permittit.
1257 2796 1412 2861 Quod
1446 2804 1505 2849 ut
1553 2797 1807 2851 omnibus
1840 2799 2188 2854 manifestum
2227 2804 2336 2869 liat,

760 2900 824 2938 ex
857 2885 1112 2954 plurimis
1146 2888 1265 2956 ejus
1291 2884 1460 2957 gesfts
1495 2904 1663 2943 unum
1698 2902 1992 2958 exponam.

2446 1888 2568 1940 σΟαι
2596 1886 2728 1956 πρὸς
2753 1885 2845 1937 τὸν
2878 1884 2977 1954 τῆς
3020 1881 3220 1953 ἀρετῆς
3262 1879 3463 1949 δρόμον
3489 1876 3585 1930 καλ
3622 1875 3716 1927 τὸν
3743 1875 3885 1939 ἄγαν
3916 1891 4023 1925 νω-

2444 1980 2723 2033 θέστατον.
2755 1977 2893 2031 Φασὶ
2950 1976 3007 2028 δὲ
3067 1974 3229 2027 αὐτὸν
3279 1974 3329 2024 οἱ
3361 1968 3717 2038 τεθεαμένοι,
3758 1964 4026 2034 ἐμϐριθὲς

2444 2074 2530 2127 ἀεὶ
2554 2072 2613 2124 τὸ
2638 2069 2925 2139 πρόσωπον
2957 2068 3274 2136 ἐσχηκέναι,
3302 2065 3395 2118 καὶ
3420 2062 3538 2125 δέος
3572 2060 3756 2113 ἱκανὸν
3780 2057 4027 2111 ἐνθεῖναι

2446 2168 2557 2229 τοῖς
2596 2164 2907 2232 θεωμένοις.
2934 2161 3150 2230 Τροφῆς
3175 2158 3230 2210 δὲ
3272 2156 3434 2217 αὐτὸς
3478 2154 3576 2223 μὲν
3622 2153 3710 2205 διὰ
3739 2150 3909 2221 τριῶν
3934 2149 4029 2201 καὶ

2440 2257 2720 2325 τεττάρων
2753 2252 3032 2322 ἀπήλαυεν
3063 2249 3287 2319 ἡμερῶν
3309 2265 3322 2278 ·
3352 2252 3466 2310 τοῖς
3487 2247 3541 2299 δὲ
3573 2246 3839 2305 συνοίκοις
3872 2242 4029 2311 παρά

2446 2347 2576 2418 μίαν
2610 2344 3040 2420 μεταλαγχάνειν
3079 2342 3316 2394 ἐκέλευε.
3351 2338 3625 2407 Διηνεκῶς
3666 2336 3722 2388 δὲ
3753 2351 4029 2404 προσομιρ

2443 2437 2555 2490 λεῑν
2586 2434 2664 2505 τῷ
2696 2432 2816 2503 Θεῷ
2866 2430 3185 2503 παρηγγύα,
3228 2431 3323 2482 καὶ
3361 2428 3565 2497 μηδένα
3600 2426 3794 2495 καιρὸν
3820 2423 4031 2491 ταύτης

2444 2529 2675 2598 ἄμοιρον
2706 2527 2804 2593 τῆς
2835 2523 3097 2593 ἐργασίας
3126 2523 3253 2592 ὲᾷν·
3285 2520 3418 2573 ἀλλά
3455 2520 3606 2587 κοινῇ
3636 2518 3732 2586 μὲν
3766 2516 3867 2576 τὰς
3894 2514 4031 2583 ὡρι-

2448 2619 2655 2688 σμένας
2682 2615 3026 2684 λειτουργίας
3051 2612 3338 2675 ἐπιτελεῖν,
3367 2610 3434 2663 τά
3462 2609 3609 2660 δὲδὲν
3642 2607 3794 2676 μέσῳ
3818 2604 4032 2657 τούτων

2445 2713 2543 2782 τῆς
2576 2713 2787 2782 ἡμέρας
2830 2709 2993 2778 μόρια
3032 2705 3152 2759 καθ’
3187 2705 3376 2759 ἑαυτὸν
3403 2703 3655 2762 ἕκαστον,
3686 2700 3719 2770 ἢ
3750 2700 3859 2752 ὑπὸ
3899 2699 4033 2767 σκιᾷ

2444 2823 2551 2859 τινι
2603 2802 2840 2872 δένδρου,
2899 2800 2932 2866 ἢ
2973 2798 3125 2866 παρά
3154 2813 3275 2849 τινα
3307 2794 3533 2865 πέτραν,
3583 2796 3617 2861 ἢ
3652 2792 3779 2844 ἔνθα
3837 2791 3903 2843 ἄν
3946 2790 4033 2852 τίς

2448 2912 2595 2957 τινος
2625 2892 2858 2964 ἡσυχίας
2907 2888 3193 2949 ἀπολαύοι,
3243 2888 3277 2956 ἢ
3311 2884 3544 2947 ἑστῶτα,
3576 2885 3610 2954 ἦ
3653 2882 3913 2953 κείμενον
3945 2884 4033 2933 ἐπ’

763 2975 1013 3043 ιδάφουςν
1050 2978 1349 3032 ἀντισολεῖν
1382 2978 1473 3031 τὸν
1525 2980 1827 3049 Δεσπότην,
1872 2982 1965 3034 καὶ
2011 2983 2112 3054 τὴν
2161 2988 2436 3057 σωτηρίαν
2475 2988 2663 3040 αἰτεῖν.
2698 2982 2854 3035 Οὕτω
2886 2982 2942 3034 δὲ
2995 2981 3106 3032 τῶν
3162 2978 3256 3031 τοῦ
3323 2976 3573 3045 σώματος
3616 2976 3819 3046 μορίων
3900 2976 4035 3028 ’ἑκα-

764 3087 887 3123 στον
927 3071 1025 3142 τὴν
1073 3073 1275 3144 ἀρετὴν
1325 3073 1731 3138 ὲξεπαίδευσεν,
1781 3075 1856 3138 ὡς
1888 3079 2067 3131 ἐκεῖνα
2110 3079 2263 3151 δρᾷν,
2309 3083 2344 3135 ἀ
2379 3083 2540 3154 μόνος
2619 3082 2647 3132 6
2705 3077 2963 3145 λογισμὸς
3018 3072 3325 3145 ἐπιτρέπει·
3355 3071 3473 3123 Ἵνα
3553 3069 3609 3121 δὲ
3659 3067 3820 3120 τοῦτο
3871 3067 4037 3135 δῆλον

762 3160 935 3215 ἀπασι
973 3167 1324 3233 καταστήσω,
1361 3166 1480 3226 ὲνδς
1516 3167 1626 3219 τῶν
1655 3168 1777 3220 κατ’
1821 3169 1984 3221 αὑτὸν
2031 3173 2414 3245 μνησθήσομαι
2446 3174 2804 3243 διηγήματος.

832 3255 1211 3309 Consedcrant
1233 3260 1285 3311 in
1314 3273 1448 3313 saxo
1472 3260 1709 3327 quodam
1754 3262 1873 3330 ipse
1908 3272 1964 3317 et
1987 3266 2333 3339 Ammianus,
2364 3272 2406 3340 ς

763 3348 1186 3417 divinarumque
1201 3348 1617 3421 Evangeliorum
1647 3352 1929 3407 historiam
1954 3356 2090 3410 alter
2108 3357 2347 3427 legebat,

765 3441 905 3493 alter
926 3440 1319 3496 obscuriorum
1352 3443 1474 3511 ejus
1499 3444 1746 3497 locorum
1775 3446 2105 3515 explanahat
2134 3463 2353 3505 senten-

763 3532 919 3584 tiam.
944 3530 1169 3585 Terram
1191 3533 1244 3587 in
1266 3534 1753 3604 subjecta'planitie
1769 3539 2056 3593 arautibus
2074 3541 2348 3611 agricolis.

765 3621 833 3675 ad
857 3637 1045 3676 eorum
1080 3626 1604 3695 contemplationem
1669 3629 1932 3699 abreptus
1994 3641 2080 3687 est
2121 3650 2353 3701 magnus

767 3715 1055 3771 Eusebius.
1089 3716 1224 3771 Cum
1274 3734 1407 3790 ergo
1440 3722 1621 3775 locum
1683 3726 2061 3795 evangelicum
2126 3729 2351 3799 legisset

764 3806 987 3860 divinus
1042 3807 1532 3889 Ammianussab
1590 3827 1767 3882 eoque
1843 3815 2352 3888 interpretationem

766 3896 1180 3963 sciscitaretur,
1230 3912 1284 3953 et
1322 3888 1492 3972 repeti
1530 3888 1822 3961 lectionem
1867 3909 2100 3977 jnbente
2160 3929 2357 3983 magno

766 3986 1022 4051 Eusebio.
1047 3991 1369 4059 subjeeisset
1387 3996 1476 4049 ille
1494 4015 1506 4047 :
1522 4015 1539 4047 ι
1563 3996 1819 4053 Fortasse
1837 4002 2096 4069 agricolis
2115 4003 2358 4059 delecta-

771 4089 1232 4151 tus,utapparet,
1258 4099 1364 4137 non
1387 4087 1715 4155 exaudiisti;
1756 4108 1773 4141 ι
1825 4091 2000 4145 oculis
2048 4093 2164 4148 suis
2190 4095 2356 4163 legem

766 4171 1023 4241 deinceps
1043 4172 1321 4243 imposuit,
1342 4188 1397 4230 ut
1421 4194 1597 4247 neque
1613 4195 1863 4248 campum
1911 4182 2061 4238 illum
2094 4195 2362 4254 spectaret

768 4268 1364 4334 uuquam,nequecmli
1412 4279 1792 4337 astrorumque
1823 4284 2044 4341 aspectu
2066 4275 2365 4332 oblectare-

767 4352 1001 4407 turzsed
1025 4356 1411 4423 angustissima
1454 4358 1520 4411 ad
1559 4361 1859 4415 oratorium
1895 4379 2125 4435 pergens
2146 4368 2361 4436 semita,

772 4444 928 4513 cujus
946 4461 1254 4501 mensuram
1282 4450 1443 4518 palmi
1477 4451 1639 4508 unius
1660 4452 1830 4509 fuisse
1855 4455 2038 4521 aiunt,
2067 4468 2221 4517 extra
2245 4476 2362 4515 eam

767 4535 1030 4605 deinceps
1047 4536 1229 4606 egredi
1276 4554 1382 4593 non
1406 4550 1721 4610 estpassus.
1753 4542 1969 4600 Vixisse
1997 4562 2162 4614 porro
2211 4549 2362 4602 illum

2523 3264 2647 3318 Ἐπί
2682 3279 2826 3323 τινος
2864 3259 3103 3328 καθῆστο
3137 3258 3345 3327 πέτρας
3384 3255 3547 3316 αὑτός
3580 3270 3637 3307 τε
3676 3256 3770 3306 καὶ
3799 3253 4041 3323 ’Ᾱμμιαρ

2452 3357 2541 3420 νὸς
2586 3358 2613 3409 6
2665 3353 2991 3422 Θαυμάσιος,
3049 3350 3142 3401 καὶ
3189 3348 3298 3400 τῶν
3332 3346 3493 3398 θείων
3545 3345 3896 3413 Εὑαγγελίων
3937 3346 4041 3415 τὴν

2452 3447 2691 3519 ἱστορίαν
2720 3446 2748 3497 ὁ
2800 3444 2896 3513 μὲν
2928 3441 3313 3508 ἀνεγίνωσκεν,
3340 3440 3368 3491 6
3402 3438 3458 3489 δὲ
3484 3435 3591 3489 τῶν
3621 3437 3901 3504 ἀσαφεστέ
3910 3454 4023 3506 ρων

2454 3539 2642 3609 ἐδήλου
2677 3535 2775 3605 τὴν
2808 3534 3036 3586 ἔννοιαν.
3064 3531 3326 3600 Γηπόνων
3365 3529 3426 3581 δέ
3474 3546 3637 3580 τινων
3682 3529 3741 3580 ἑν
3784 3528 3865 3596 τῷ
3897 3530 4035 3581 ὑπο-

2457 3628 2697 3699 κειμένῳ
2729 3626 2895 3695 πεδίῳ
2942 3621 3347 3692 νεουργούντων
3392 3620 3491 3689 τὴν
3531 3621 3655 3689 γῆν,
3686 3620 3782 3672 ἐπὶ
3831 3620 4040 3688 ταύτην

2458 3721 2716 3791 εἱλκύσθη
2746 3720 2843 3789 τὴν
2882 3717 3118 3788 θεωρίαν
3146 3718 3173 3768 6
3207 3716 3381 3785 μέγας
3418 3712 3697 3775 Εὐσέϐιος.
3731 3714 4040 3782 Ἀμμιανοῦ

2456 3817 2516 3870 δὲ
2554 3810 2970 3869 τοῦίθεσπεσίου
3014 3807 3385 3875 ἀνεγνωκότος
3409 3804 3471 3857 τὸ
3519 3804 3881 3872 εύαγγελικδν
3933 3823 4041 3873 χω-

2461 3910 2597 3981 ρίον,
2640 3908 2739 3976 τὴν
2787 3905 2843 3957 δὲ
2869 3901 3168 3975 ἑρμηνείαν
3202 3897 3586 3971 μαστεύοντος,
3620 3896 3919 3949 ἀναλαϐεῖν
3952 3898 4042 3948 ὲκ-

2458 4002 2644 4054 έλευσε
2694 3997 2793 4067 τὴν
2842 3994 3150 4062 ἀνάγνωσιν
3200 3992 3229 4043 6
3287 3990 3460 4061 μέγας
3498 3988 3773 4049 Εὸσέσιος.
3822 3986 3934 4039 Τοῦ
3986 3987 4042 4039 δὲ

2460 4091 2761 4163 εἰρηκότος,
2816 4090 2900 4142 ὅτι
2953 4107 2970 4139 ι
3011 4087 3136 4147 Τοῖς
3196 4081 3421 4153 ἀροῦσιν
3463 4081 3895 4150 ὲπιτερττόμενος
3946 4079 4048 4131 οὐκ

2461 4184 2795 4250 ὲπήκουσας,
2837 4179 2913 4240 ὼς
2948 4176 3121 4240 εἰκὸς,
3154 4192 3172 4222 ι
3228 4172 3514 4242 νομοθετεῖ
3556 4173 3666 4229 τοῖς
3713 4168 4047 4238 ὀφθαλμοῖς,

2467 4275 2601 4344 μήτε
2637 4274 2694 4324 ὲν
2723 4270 2803 4342 τῷ
2845 4268 3013 4333 πεδίῳ
3048 4264 3241 4332 ἐκείνῳ
3268 4262 3544 4332 Θεωρῆσαί
3591 4277 3744 4324 ποτε,
3787 4260 3931 4328 μήτε
3968 4260 4051 4329 τῷ

2464 4364 2699 4436 οὐρανίῳ
2754 4361 2971 4424 κάλλει,
3012 4360 3107 4412 καὶ
3152 4357 3230 4426 τῷ
3281 4355 3390 4406 τῶν
3439 4354 3685 4422 ἀστέρων
3720 4351 4050 4421 ὲστιαθῆναι

2464 4455 2633 4527 χορῷ,
2678 4453 2801 4508 ἀλλ’
2841 4448 3074 4522 ἀτραπῷ
3124 4447 3409 4519 χρώμενος
3467 4444 3776 4513 στενωτάτῃ
3802 4484 3817 4505 ,
3854 4438 3928 4513 ἦς
3990 4444 4051 4495 τὸ

2472 4548 2668 4618 μέτρον
2713 4542 2996 4613 σπιθαμῆς
3046 4536 3185 4593 εἶναι
3226 4554 3411 4607 φασιν,
3460 4536 3554 4588 ἐπὶ
3606 4534 3702 4587 τὸν
3752 4534 4049 4603 εύκτήριον

770 4634 893 4693 post
914 4626 1238 4697 banclegem
1266 4632 1487 4686 tradunt
1508 4648 1683 4688 annos
1707 4636 1941 4704 amplius
1968 4638 2355 4709 quadraginta;

2468 4617 2617 4694 οἷκον
2675 4636 2950 4709 φερούσῃ,
3008 4634 3114 4699 ἔξω
3173 4631 3376 4699 ταύτης
3423 4628 3609 4681 λοιπὸν
3670 4625 3885 4696 βαδίσαι
3949 4627 4050 4677 οὐκ

770 4720 945 4787 Atque
967 4728 1024 4772 ut
1041 4736 1163 4775 eum
1186 4733 1481 4792 spontanea
1510 4720 1789 4783 voluntaie
1808 4731 1873 4784 ad
1903 4733 2014 4785 haec
2033 4732 2184 4787 illum
2206 4734 2367 4788 simul

774 4813 1015 4882 adigeret
1038 4815 1218 4885 aliqua
1250 4820 1574 4885 necessitas,
1604 4821 1811 4879 lumbis
1836 4839 1975 4878 zona
2031 4825 2208 4881 ferrea
2232 4842 2379 4895 praem

774 4904 987 4969 cinctis,
1013 4915 1066 4960 et
1096 4908 1292 4961 cervici
1317 4911 1645 4978 gravissimo
1666 4914 1855 4968 collari
1878 4914 2154 4985 imposito,
2180 4930 2371 4968 zonam

772 4994 963 5049 collari
987 4996 1092 5049 alio
1117 4994 1262 5051 ferr‘o
1288 4999 1593 5068 conjunxit,
1649 5010 1705 5055 ut
1743 5002 1845 5057 hoc
1892 5003 2052 5057 modo
2075 5004 2368 5057 inclinatus

778 5085 832 5139 iu
873 5093 1074 5139 terram
1117 5090 1339 5145 assidue
1373 5091 1584 5162 1155
1620 5092 1905 5163 despicere
1927 5103 2235 5163 cogeretur.
2264 5093 2373 5149 Has

776 5176 842 5231 de
859 5193 917 5231 se
940 5192 1128 5247 poenas
1168 5182 1368 5249 exegit,
1421 5184 1566 5250 quod
1591 5186 1863 5254 agricolas
1917 5184 2038 5240 illos
2057 5195 2201 5240 esset
2230 5200 2365 5239 cou-

779 5269 1093 5337 templatus.
1124 5268 1229 5325 Ista
1247 5288 1375 5327 vero
1402 5290 1487 5329 me
1516 5284 1569 5330 et
1610 5276 1703 5329 alii
1736 5278 1891 5330 multi
1923 5277 2249 5358 docuerunt,
2272 5279 2364 5346 qui

780 5362 935 5415 illum
975 5361 1239 5429 viderant,
1272 5374 1325 5418 et
1354 5380 1441 5419 res
1466 5367 1585 5435 ejus
1610 5383 1801 5423 omnes
1864 5377 2178 5438 perspectas
2204 5371 2366 5423 habe-

784 5454 942 5507 bant:
970 5453 1062 5508 sed
1079 5454 1183 5508 hoc
1208 5455 1385 5525 ipsum
1403 5459 1647 5512 narravit
1662 5475 1827 5514 senex
1858 5476 2087 5529 magnus
2109 5459 2364 5525 Aeacius,

784 5544 945 5610 cujus
1006 5560 1035 5597 a
1072 5561 1159 5600 me
1201 5547 1313 5616 jam
1348 5549 1472 5605 aliis
1516 5550 1571 5604 in
1629 5552 1792 5606 rebus
1828 5553 1971 5605 facta
2002 5561 2087 5607 est
2135 5553 2358 5607 mentio.

788 5631 988 5685 Aiebat
1015 5645 1226 5699 autem,
1276 5650 1342 5691 ex
1370 5652 1435 5691 eo
1473 5654 1531 5692 se
1578 5649 1965 5707 percontatum
2004 5622 2357 5711 Ialiquando,

789 5737 914 5775 cum
950 5724 1294 5781 incurvatum
1354 5728 1431 5782 sic
1477 5730 1702 5796 videret,
1734 5748 1973 5799 quonam
2010 5750 2110 5787 suo
2176 5734 2354 5787 fructu

2478 4731 2748 4801 ήνέσχετο.
2780 4727 3005 4779 Πλείονα
3031 4725 3088 4777 δὲ
3116 4724 3149 4793 ἦ
3180 4720 3591 4792 τεσσαράκοντα
3617 4718 3709 4787 ἔτη
3738 4717 3871 4786 φασὶ
3908 4718 4050 4787 μετά

2472 4821 2659 4875 τοῦτον
2686 4818 2847 4872 αὑτὸν
2872 4815 3158 4870 διαϐιῶναι
3196 4814 3285 4867 τὸν
3319 4813 3501 4882 νόμον.
3539 4808 3654 4862 Ἵνα
3681 4809 3737 4862 δὲ
3777 4808 3921 4878 μετά
3950 4809 4051 4877 τῆς

2468 4911 2695 4981 γνώμης
2720 4910 2813 4963 καὶ
2859 4908 3073 4977 ἀνάγκη
3098 4923 3183 4970 τις
3226 4906 3390 4959 αὑτὸν
3441 4904 3533 4957 ἐπὶ
3560 4901 3731 4955 ταῦτα
3778 4900 4047 4970 καθέλκῃ,

2469 5000 2613 5071 ζώνῃ
2644 4999 2839 5069 σιδηρᾷ
2871 4998 2969 5067 τὴν
3003 4995 3175 5064 ὀσφὺν
3217 4994 3555 5061 καταδήσας,
3600 4990 3693 5042 καὶ
3738 4986 4051 5057 βαρύτατον

2472 5092 2647 5147 κλοιὸν
2679 5090 2930 5163 περιθεὶς
2957 5087 3035 5159 τῷ
3070 5086 3345 5159 τραχήλῳ,
3381 5084 3527 5153 ἄλλῳ
3553 5082 3659 5134 τινὶ
3706 5080 3916 5150 σιδήρῳ
3946 5080 4051 5148 τὴν

2473 5186 2648 5255 ζώνην
2675 5186 2981 5254 συνήρμοσε
3007 5180 3084 5251 τῷ
3111 5180 3205 5233 τοῦ
3234 5178 3507 5249 τραχήλου
3543 5174 3727 5242 κλοιῷ,
3752 5174 3841 5226 ἴνα
3870 5172 4052 5242 τούτῳ

2470 5279 2548 5350 τῷ
2570 5280 2755 5350 τρόπῳ
2786 5277 3173 5347 καμπτόμενος
3208 5276 3288 5335 είς
3314 5274 3420 5342 γῆν
3470 5270 3841 5325 κατακόπτειν
3869 5269 4052 5338 διηνε·

2472 5372 2582 5433 κῶς
2611 5369 3009 5439 ἀναγκάζηται.
3043 5365 3309 5430 Τοιαύτας
3352 5364 3559 5417 ἑαυτῶν
3589 5364 3687 5431 τῆς
3724 5360 3835 5412 τῶν
3872 5362 4054 5429 mnd-

2471 5480 2575 5514 νων
2602 5461 2824 5514 ἐκείνων
2848 5458 3077 5529 Θεωρίας
3110 5455 3471 5527 εἰσεπράξατο
3486 5454 3660 5515 δίκας.
3680 5451 3863 5505 Ταῦτα
3885 5453 3945 5505 δέ
3976 5468 4047 5518 με

2472 5554 2655 5606 πολλοὶ
2691 5554 2790 5624 μὲν
2823 5553 2915 5605 καὶ
2947 5552 3095 5604 ἄλλοι
3138 5551 3248 5604 τῶν
3280 5551 3487 5602 ἐκεῖνον
3532 5546 3921 5616 ίστορηκὸτων,
3956 5546 4055 5595 καὶ

2469 5646 2536 5696 τὰ
2583 5644 2701 5696 κατ’
2748 5644 2908 5696 αὑτὸν
2937 5642 3178 5713 ἀκριϐῶς
3214 5638 3616 5708 ἐπισταμένων.
3650 5637 3898 5700 ἐδίδαξαν
3919 5650 3932 5663 ο
3966 5634 4050 5687 δι-

2474 5735 2713 5801 ηγήσατο
2743 5734 2795 5785 δὲ
2841 5732 2996 5785 τοῦτο
3046 5731 3174 5785 αὐτὸ
3222 5731 3281 5783 τὸ
3317 5730 3563 5800 διήγημα
3605 5729 3633 5780 ὁ
3667 5722 3983 5793 πρεσϐύτης
4024 5725 4053 5775 6
