4206 6456
186 406 327 469 1345

1414 401 1818 462 RELIGIDSA
1858 403 2243 463 HISTORIA.

3307 398 3319 456 l
3336 398 3443 461 36ίί

186 519 361 587 μέγας
387 514 444 568 Ἀ
456 517 662 576 κάκιος,
689 504 748 567 οὗ
775 515 867 566 καὶ
898 512 1130 586 πρόσθεν
1156 512 1214 563 ὲν
1242 514 1355 574 τοῖς
1379 512 1555 572 ἄλλοις
1575 511 1761 580 διηγή-

1871 528 2048 581 neque
2083 514 2282 567 caelum
2316 513 2587 580 aspicere.
2624 526 2798 581 neque
2835 511 3144 579 subjectum
3185 521 3435 575 campum

184 624 352 677 μασιν
378 605 967 675 άπεμνημονεύσαμεν.
987 606 1133 673 Ἔφη
1153 604 1208 655 δὲ
1234 603 1328 655 καὶ
1357 602 1574 674 ἔρεσθαι
1599 602 1758 653 αὐτόν

182 714 315 751 ποτε
367 698 746 765 συγκεκυφότα
779 695 1133 765 θεασάμενος,
1179 694 1340 747 ποίαν
1382 693 1759 763 καρπούμενος

180 788 517 858 δνησιν,ούτ“
542 792 619 851 εἰς
649 788 874 858 οὐρανὸν
903 788 1123 856 βλέπειν
1144 787 1413 856 ἀνέχεται,
1433 785 1554 838 οὔτε
1582 786 1643 837 τὸ
1666 802 1759 837 πε-

179 879 291 930 δίον
312 880 490 930 ἐκεῖνο
512 878 572 929 τδ
601 876 959 945 ὑποκείμενον
989 876 1234 945 θεωρεῖν.
1267 874 1388 927 οὔτε
1418 876 1515 944 τῆς
1567 874 1759 941 στενῆς

179 969 285 1032 ἔξω
320 966 559 1038 βαδίζειν
585 966 734 1020 ὁδοῦ·
762 966 950 1019 τοῦτον
972 967 1028 1019 δὲ
1057 966 1244 1035 φάναι.
1266 964 1437 1018 ταῦτα
1476 967 1759 1035 τεχνάζειν

180 1058 317 1128 πρὸς
342 1060 413 1110 τὰ
428 1058 522 1109 τοῦ
548 1056 785 1126 πονηροῦ
808 1059 1173 1127 μηχανήματα
1193 1057 1466 1127 δαίμονος.
1496 1057 1609 1109 Ἵνα
1631 1057 1758 1127 γάρ,

179 1149 305 1217 ἔφη,
329 1149 407 1218 μὴ
431 1149 560 1217 περὶ
589 1149 839 1216 μεγάλων
858 1150 1092 1219 πολεμῇ,
1128 1148 1479 1219 σωφροσύνην
1510 1147 1761 1201 κλέπτειν

179 1238 545 1308 πειρώμενος,
564 1240 655 1290 καὶ
679 1238 1044 1307 δικαιοσύνην,
1065 1241 1156 1291 καὶ
1178 1242 1269 1292 τὸν
1297 1240 1465 1308 θυμὸν
1494 1238 1754 1300 ὁπλίζων,

178 1331 272 1381 καὶ
288 1329 392 1397 τὴν
418 1330 712 1398 ἐπιθυμίαν
734 1329 1002 1393 ἐξάπτων,
1023 1332 1115 1383 καὶ
1138 1331 1490 1409 φλεγμαίνειν
1507 1330 1583 1398 τῷ
1606 1329 1761 1399 τύφῳ

180 1417 271 1468 καὶ
303 1417 659 1483 ἐξογκοῦσθαι
703 1420 1160 1488 παρασκευάζων,
1193 1424 1286 1472 καὶ
1330 1419 1461 1474 ἄλλα
1490 1421 1589 1471 ὅσα
1621 1420 1761 1473 κατά

178 1508 274 1575 τῆς
312 1509 456 1577 ἐμῆς
485 1509 728 1577 ’πυρεύων
755 1510 954 1579 ψυχῆς,
995 1513 1074 1573 είς
1103 1510 1170 1563 τά
1202 1513 1408 1580 σμικρά
1447 1512 1619 1564 ταῦτα
1661 1529 1761 1580 με-τ

178 1599 442 1668 ταφὲρειν
484 1601 760 1671 πειρῶμαι
807 1604 898 1655 τὸν
951 1603 1207 1671 πόλεμον,
1238 1604 1364 1656 ἔνθα
1396 1606 1487 1659 καλ⁵
1534 1608 1759 1675 νικήσας

178 1690 237 1741 ού
268 1691 488 1759 μεγάλα
513 1692 778 1758 λωϐᾶται,
808 1694 905 1747 καὶ
925 1692 1183 1764 ἡττηθεὶς
1228 1694 1759 1765 καταγελαστότερος

178 1780 412 1847 γίνεται,
452 1782 545 1833 ᾶτε
575 1782 637 1852 δὴ
684 1785 821 1852 μήτε
860 1784 919 1835 ὲν
956 1787 1069 1846 τοῖς
1119 1786 1334 1854 μικροῖς
1380 1785 1759 1855 περιγενέσθαι

1867 603 2088 664 intueri,
2122 617 2295 669 neque
2339 617 2405 656 ex
2447 609 2679 670 angusta
2721 603 2811 654 illa
2865 603 2954 655 via
3009 598 3197 668 egredi
3226 599 3432 650 vellet:

1866 693 2019 745 illum
2082 706 2210 744 vero
2271 693 2665 760 respondisse,
2730 692 2839 744 ista
2869 706 2930 745 se
2984 690 3112 743 mali
3169 686 3440 742 daemonis

1866 782 2370 839 machinationibus
2428 798 2729 852 opponere.
2776 780 2907 834 Nam
2956 796 3025 834 ne
3081 780 3149 833 de
3203 777 3437 845 magnis.

1867 873 2065 940 inquit,
2104 875 2270 929 rebus
2311 873 2442 927 mihi
2478 874 2682 928 bellum
2717 872 2923 927 inferat
2949 910 2964 934 ,
3011 869 3439 939 temperantiam

1865 972 1917 1017 et
1937 963 2212 1033 justitiam
2247 964 2467 1019 auferre
2498 967 2705 1031 nitens,
2735 966 2874 1019 iram
2904 978 3203 1020 exacuens.
3229 970 3278 1013 et
3304 975 3438 1012 con-

1864 1057 2269 1125 cupiscentiam
2314 1058 2587 1121 etcitans,
2618 1069 2712 1111 aut.
2748 1058 2891 1111 fastu
2924 1055 3123 1111 inﬂans
3159 1062 3215 1109 et
3249 1066 3442 1121 super-

1866 1145 1975 1206 oia.
2015 1154 2071 1198 et
2106 1161 2453 1217 quaecunque
2488 1148 2667 1201 moliri
2697 1147 2967 1201 adversus
2995 1146 3235 1200 animam
3262 1156 3441 1195 meam

1866 1238 2032 1300 solet,
2072 1238 2286 1291 hostem
2311 1253 2483 1292 conor
2518 1239 2585 1292 ad
2634 1239 2750 1294 haec
2789 1253 2961 1309 parva
3014 1236 3340 1298 traducere,
3387 1234 3441 1286 in

1864 1329 2065 1396 quibus
2088 1329 2133 1383 si
2161 1330 2375 1394 vicerit,
2406 1344 2515 1383 non
2555 1346 2811 1399 magnum
2863 1331 3126 1384 damnum
3156 1325 3349 1389 aﬂ‘ett;
3394 1324 3442 1378 si

1864 1419 2141 1480 vincatur,
2178 1418 2351 1488 magis
2389 1423 2495 1472 erit
2523 1420 2819 1484 ridiculus,
2856 1429 2913 1472 ut
2941 1419 3038 1488 qui
3067 1434 3133 1471 ne
3172 1417 3223 1468 in
3257 1416 3443 1483 parvis

1864 1509 2085 1577 quidem
2110 1510 2274 1564 rebus
2309 1512 2535 1566 vincere
2558 1520 2741 1581 queat.
2772 1510 3043 1575 Quoniam
3078 1525 3211 1577 ergo
3241 1508 3442 1561 bellum

1868 1599 1969 1652 hoc
1999 1601 2208 1654 minore
2240 1601 2486 1670 periculo
2523 1604 2635 1670 geri
2677 1606 2879 1663 sentio,
2924 1602 3069 1670 quod
3120 1602 3234 1652 leve
3283 1598 3440 1649 datn-

1867 1706 1995 1742 ttttm
2026 1692 2260 1759 accipiat
2316 1690 2411 1755 qui
2460 1692 2515 1744 in
2545 1706 2612 1745 eo
2662 1691 2857 1746 feritur
2889 1690 3044 1760 (quid
3076 1689 3221 1742 enim
3256 1683 3443 1739 damni

1865 1788 1968 1843 est,
2030 1782 2114 1833 vel
2175 1796 2432 1849 campum
2485 1782 2691 1843 videre.
2749 1783 2834 1835 vel
2890 1782 3081 1835 oculos
3132 1780 3185 1831 in
3244 1777 3440 1829 emlum

178 1871 501 1941 δυνάμενος.
529 1873 744 1944 Ἐπειδὴ
771 1874 951 1928 τοίνυν
979 1874 1405 1945 ἀκινδυνὼτερον
1436 1874 1548 1927 οἶδα
1576 1874 1764 1929 τοῦτον

1868 1873 2201 1939 attollet-en,
2248 1874 2448 1928 adhoc
2501 1876 2653 1929 illum
2682 1890 2882 1944 pugnae
2930 1888 3104 1943 genus
3142 1867 3441 1930 transtuli,

179 1964 269 2017 τὸν
301 1964 543 2033 πόλεμον
562 1980 575 1994 ³
608 1965 671 2017 ού
698 1965 911 2034 μεγάλα
938 1965 1047 2034 γάρ
1070 1967 1099 2018 6
1130 1968 1184 2017 ὲν
1206 1964 1415 2027 τούτοις
1438 1964 1763 2034 βαλλόμενος

180 2055 482 2125 ζημιοῦται
504 2072 517 2085 ο
547 2056 674 2109 ποία
704 2058 812 2127 γὰρ
837 2056 1005 2128 βλάϐη
1031 2056 1092 2109 τὸ
1118 2057 1299 2109 πεδίον
1330 2056 1476 2118 ἰδεῖν,
1506 2055 1538 2125 ἦ
1564 2058 1644 2118 είς
1672 2056 1760 2108 τὸν

179 2148 411 2217 οὐρανὸν
461 2149 738 2202 ἀνατεῖναι
793 2150 854 2202 τὸ
899 2149 1088 2218 δμμας
1137 2151 1216 2210 εἰς
1263 2147 1419 2201 τοῦτο
1456 2148 1617 2199 αὐτὸν
1661 2148 1761 2216 τῆς

182 2237 548 2305 παρατάξεως
579 2238 641 2290 τὸ
702 2236 839 2301 εἶδος
900 2238 1228 2313 μεθίστημι⁸
1291 2238 1417 2308 τῇδε
1473 2238 1581 2308 γάρ
1637 2237 1760 2291 οὔτε

180 2329 415 2393 ἀνελεῖν,
452 2326 575 2380 οὔτε
617 2328 799 2398 βαλεῖν
836 2330 1080 2383 δύναται.
1117 2328 1300 2381 Ταῦτα
1351 2329 1459 2397 γὰρ
1510 2330 1608 2381 οὐκ
1645 2329 1763 2380 ἔστι

184 2418 543 2489 θανατηφόρα
566 2419 636 2471 τὰ
679 2420 827 2488 βέλη,
879 2421 987 2473 τῶν
1032 2420 1264 2490 σιδηρῶν
1301 2420 1524 2471 ἐκείνων
1562 2420 1760 2472 ἀκίδων

183 2507 601 2576 ἀπηλλαγμένα.
634 2509 819 2562 Ταῦτα
854 2509 1149 2579 ἀκηκοέναι
1184 2512 1213 2561 6
1246 2509 1421 2577 μέγας
1458 2506 1562 2575 ἔφη
1596 2508 1759 2560 ’Δκά-

1864 1966 1917 2016 in
1952 1980 2059 2033 qua
2095 1966 2213 2033 ipse
2240 1981 2343 2021 nec
2368 1968 2635 2035 perimere
2664 1974 2867 2036 potest,
2906 1980 3007 2020 nec
3040 1962 3224 2017 ferire.
3253 1958 3445 2025 Neque

1862 2056 2008 2108 enim
2051 2056 2237 2110 letalia
2278 2066 2410 2111 sunt
2446 2060 2558 2112 hac
2599 2058 2808 2127 jacula,
2854 2067 2913 2111 ut
2944 2072 3066 2126 qua:
3099 2052 3295 2107 ferreis
3334 2051 3444 2103 illis

1864 2159 2090 2201 careant.
2124 2148 2362 2203 aculeis.
2393 2148 2519 2203 Haec
2551 2150 2620 2203 ab
2661 2151 2756 2203 illo
2797 2165 2858 2204 se
2905 2148 3185 2202 audivisse
3226 2142 3445 2197 dicebat

1866 2252 2095 2305 maSnus
2141 2240 2379 2295 Aeacius
2401 2284 2413 2303 ,
2446 2242 2678 2311 ejusque
2728 2257 2788 2297 se
2817 2240 3152 2296 admiratum
3187 2251 3313 2291 esse
3357 2248 3445 2287 sa-

1870 2330 2132 2397 pientiam
2168 2331 2533 2400 bellicamque
2565 2335 2829 2388 virtutem
2859 2343 2912 2387 et
2949 2330 3227 2402 peritiam.
3261 2327 3445 2391 Quare

1870 2422 1977 2476 hoc
2026 2423 2195 2476 etiam
2253 2426 2399 2478 seire
2437 2425 2792 2493 cupientibus
2846 2432 2907 2477 ut
2938 2420 3309 2475 admiratione
3361 2415 3448 2468 di-

1866 2526 2033 2580 gnum
2056 2522 2112 2565 et
2140 2514 2499 2569 memorabile
2533 2514 2747 2585 1156
2778 2510 3269 2567 commemorabat.

185 2616 319 2659 κιος.
366 2605 463 2653 καὶ
515 2601 747 2668 ἄγασθαι
789 2601 889 2669 τῆς
941 2603 1153 2669 σοφίας,
1200 2602 1294 2653 καὶ
1334 2600 1431 2669 τὴν
1472 2599 1768 2670 πολεμικὴν
1804 2599 2080 2672 θαυμάσαι
2118 2605 2371 2675 ἀνδρείαν
2406 2607 2570 2660 αὑτοῦ
2647 2607 2742 2660 καὶ
2789 2603 3101 2675 ἐμπειρίαν.
3161 2593 3236 2653 Ob
3286 2597 3453 2667 χάριν

182 2691 254 2754 ὡς
294 2690 626 2759 ἁξιάγαστόν
663 2708 722 2744 τε
797 2693 895 2746 xui.
941 2693 1439 2762 ἀξιομνημόνευτον
1476 2695 1585 2756 tot;
1628 2694 1804 2746 τοιάδε
1878 2698 2171 2767 μανθάνειν
2226 2701 2532 2771 ἐφιεμένοις
2582 2702 2676 2754 καὶ
2729 2699 2847 2753 τόδε
2899 2699 3205 2769 προσέφερε
3254 2693 3315 2745 τὸ
3364 2692 3447 2744 δι-

184 2784 399 2835 ianua.

204 2800 399 2851 πημα-

253 2874 430 2926 Τοῦτο
469 2873 530 2926 τὸ
560 2873 716 2937 κλέος
759 2873 927 2927 αὑτοῦ
968 2873 1201 2927 πάντοθε
1250 2874 1462 2927 διαθέον
1508 2874 1757 2925 εἵλκυσεν

184 2968 434 3028 ἅπαντας
493 2967 631 3036 πρὸς
679 2968 843 3020 αὑτὸν
906 2967 1033 3029 τοὺς
1088 2967 1186 3035 τῆς
1246 2966 1447 3035 ἀρετῆς
1500 2964 1756 3033 ἐραστάς.

195 3059 485 3125 Ἀφίκοντο
516 3057 572 3109 δὲ
610 3058 704 3109 καὶ
732 3056 828 3109 τοῦ
859 3057 1139 3110 θειοτάτου
1177 3054 1467 3108 Ἰουλιανοῦ
1506 3055 1598 3107 τοῦ
1631 3071 1762 3125 πρε-

1932 2874 2059 2930 Haec
2098 2876 2198 2928 viri
2228 2875 2404 2945 gloria
2428 2890 2553 2930 eum
2587 2874 2643 2927 in
2675 2873 2925 2927 omnium
2970 2889 3066 2928 ore
3108 2883 3445 2944 versaretur,

1861 2982 2056 3023 omnes
2094 2967 2318 3033 virtutis
2368 2966 2603 3035 cupidos
2628 2964 2694 3019 ad
2737 2966 2892 3018 illum
2929 2966 3207 3019 trahebat.
3271 2967 3448 3022 Vene-

1862 3065 1993 3110 runt
2026 3056 2209 3125 itaque
2242 3055 2573 3110 divinissitui
2608 3070 2828 3123 quoque
2873 3052 3079 3108 Juliani
3112 3054 3297 3118 senis,
3350 3071 3448 3110 cu-

186 3148 408 3208 οδύτου,
462 3140 522 3199 οὗ
565 3147 799 3216 πρόσθεν
846 3146 906 3199 τὸ
948 3147 1192 3217 διήγημα
1227 3144 1611 3213 διεξήλθομεν,
1664 3144 1761 3212 τῆς

1866 3147 1952 3217 ius
1985 3147 2275 3201 historiam
2303 3147 2414 3214 jaut
2446 3147 2776 3215 scripsimus
2797 3185 2812 3205 .
2847 3147 3290 3214 praestantissimi
3326 3163 3449 3217 gre-

184 3240 418 3309 ἀρίστης
449 3241 469 3271 ⁸
503 3240 736 3308 ποίμνης
767 3241 814 3290 oi.
855 3238 1047 3290 κτίλοι.
1093 3236 1309 3306 Ἐπειδὴ
1343 3235 1451 3307 γὰρ
1499 3238 1525 3287 ὁ
1570 3234 1758 3287 θετπὲο

1866 3239 1950 3309 gis
1985 3238 2210 3293 arietes.
2247 3237 2545 3308 Postquam
2601 3238 2747 3292 enim
2799 3238 3027 3308 divinus.
3066 3238 3143 3292 illi
3203 3240 3287 3292 vir
3332 3240 3455 3295 l‘ato

188 3345 304 3391 σιος
334 3331 541 3390 ἐκεῖνος
580 3329 720 3399 ἀνὴρ
753 3327 847 3380 τοῦ
876 3328 988 3397 βίου
1019 3328 1081 3379 τὸ
1124 3328 1302 3396 τέρμα
1331 3324 1650 3378 καταλαϐὼν
1679 3327 1762 3385 εἰς

184 3422 286 3489 τὴν
327 3420 441 3472 ἄνω
487 3419 687 3489 μετέὀη
732 3419 906 3489 ζωὴν,
958 3418 1210 3479 Ἰάκωόος
1236 3419 1255 3447 ⁷
1306 3419 1335 3469 6
1383 3419 1635 3491 Πέρσης,
1675 3414 1768 3467 κα)⁸

198 3510 533 3580 Ἀγρίππας,
568 3495 618 3561 οἱ
648 3512 746 3577 τῆς
789 3510 990 3577 ἀγέλης
1026 3508 1235 3577 ἐκείνης
1284 3506 1599 3579 ⁴ίιγούμενοι,
1632 3506 1767 3577 πρὸς

185 3604 279 3655 τὸν
316 3602 491 3671 μέγαν
544 3600 801 3653 Εὑσέδιον
860 3600 1113 3670 ἔδραμον,
1157 3598 1249 3651 τοῦ
1300 3597 1650 3668 ἡγεμονεύειν
1708 3596 1769 3649 τὸ

187 3693 371 3755 καλῶς
423 3692 651 3759 ἄγεσθαι
696 3692 916 3765 ἄμεινον
959 3693 1321 3761 ἡγησάμενοι.
1349 3690 1454 3742 Τοῦ
1495 3690 1551 3742 δὲ
1585 3687 1768 3741 Ἰακώ-

187 3786 310 3849 ϐου,
343 3777 404 3835 οὒ
438 3784 531 3836 καὶ
586 3782 823 3853 πρόσθεν
854 3783 955 3853 ήδη
997 3785 1462 3852 ἀπεμνημόνευτα
1493 3783 1550 3833 ὲν
1596 3798 1771 3849 κεφα-

187 3874 327 3943 λαίῳ
360 3872 548 3925 τούτου
580 3871 758 3935 δείξας
790 3872 887 3941 τὴν
937 3874 1161 3942 ἀρετὴν,
1192 3872 1286 3924 καὶ
1315 3872 1409 3925 νῦν
1453 3872 1549 3941 τῆς
1596 3872 1770 3940 ἄκρας

190 3965 359 4019 αὑτοῦ
424 3962 743 4031 φιλοσοφίας
810 3964 1108 4032 τεκμήριον
1177 3963 1406 4033 ἐναργὲς
1479 3962 1765 4026 ἀποδείξω.

201 4055 426 4125 Ἐπειδὴ
459 4055 567 4125 γάρ
596 4055 624 4106 6
646 4055 787 4116 θεῖος
811 4053 1069 4115 Εύσέὸιος
1100 4052 1197 4123 τὴν
1234 4051 1479 4106 ἐντεῦθεν
1508 4053 1770 4123 ἐκδημίαν

190 4147 537 4215 ποιούμενος,
561 4145 724 4196 αὑτὸν
748 4143 842 4196 τοῦ
868 4144 1117 4214 ποιμνίου
1145 4145 1511 4214 παρηγγύησε
1538 4162 1771 4215 προστα-

189 4237 393 4299 τεύειν,
424 4237 520 4287 καὶ
564 4235 997 4305 παραιτούμενος
1025 4237 1123 4305 τὴν
1156 4235 1476 4305 κηδεμονίαν
1506 4238 1631 4297 τοὺς
1659 4238 1756 4306 τῆς

191 4327 513 4396 ἐπιμελείας
546 4326 760 4395 ἐκείνης
790 4326 1111 4393 ἐφιεμένους
1147 4328 1246 4377 ούκ
1284 4326 1518 4390 ἔπειθεν,
1544 4328 1620 4388 είς
1653 4327 1768 4378 ἐτέ-

195 4437 297 4487 ραν
330 4419 503 4489 ᾤχετο
529 4416 786 4487 ποίμνην,
807 4416 1065 4487 νέμεσθαι
1100 4416 1299 4486 μᾶλλον
1322 4417 1355 4487 ἢ
1385 4417 1567 4486 νέμειν
1592 4408 1774 4486 stipati-

195 4527 381 4579 μενος,
418 4510 511 4561 καὶ
534 4508 722 4578 χρόνον
755 4507 1003 4560 πλεῖστον
1033 4508 1321 4579 ἐπιζήσας,
1344 4508 1484 4561 οὕτω
1510 4510 1658 4561 τόνδε
1680 4509 1770 4562 τὸν

1869 3330 2092 3385 functus
2115 3330 2183 3384 ad
2202 3345 2495 3400 supernam
2513 3331 2682 3384 vitam
2704 3330 2984 3399 migravit,
3005 3329 3243 3386 Jacobus
3258 3330 3444 3396 Persa,

1867 3430 1922 3475 et
1952 3422 2413 3491 Agrippa,grcgis
2437 3422 2587 3476 illius
2623 3422 3005 3493 praepositi,ad
3041 3410 3296 3491 magnum
3336 3425 3447 3477 Eu-

1868 3511 2081 3565 sebium
2121 3513 2511 3573 convolarunt,
2533 3522 2680 3567 recte
2710 3514 2824 3582 regi
2866 3512 3041 3567 satius
3069 3529 3232 3582 quam
3261 3529 3449 3582 regere

1868 3602 2144 3664 arbitrati.
2177 3600 2369 3656 Jacobi
2392 3612 2599 3667 autem,
2625 3603 2786 3672 cujus
2814 3605 2977 3659 etiam
3003 3620 3168 3674 supra
3196 3606 3443 3666 memini,

1868 3709 1992 3748 cum
2010 3694 2134 3762 ejus
2158 3695 2415 3748 virtutem
2442 3695 2757 3749 summatim
2782 3696 3023 3759 ostendi,
3057 3712 3206 3750 nunc
3227 3712 3447 3766 quoque

1870 3801 2097 3840 summae
2149 3786 2511 3855 philosophiae
2546 3786 2775 3841 evidens
2824 3786 3099 3856 proferam
3145 3803 3445 3857 argumen-

1870 3889 2005 3934 tum.
2066 3878 2205 3933 Nam
2257 3894 2381 3933 cum
2442 3879 2634 3933 abiens
2673 3894 2705 3933 e
2736 3879 2847 3932 vita
2899 3879 3122 3935 divinus
3177 3879 3453 3935 Eusebius

1870 3986 2104 4041 praeesse
2134 3972 2284 4024 illum
2309 3972 2459 4041 gregi
2499 3971 2781 4039 jussisset,
2832 3971 3328 4042 pra'l’ccturamque
3362 3990 3448 4028 reo

1870 4079 2073 4118 cusans
2108 4064 2177 4117 iis
2215 4078 2326 4117 non
2362 4062 2739 4131 persuaderet,
2769 4064 2861 4132 qui
2898 4063 3040 4117 hanc
3069 4064 3139 4117 ab
3170 4079 3236 4119 eo
3266 4066 3446 4120 susci-

1870 4155 1923 4224 pi
1966 4155 2279 4224 cupiebant,
2326 4155 2393 4207 ad
2431 4155 2598 4207 alium
2634 4170 2849 4224 gregem
2884 4170 2944 4211 se
2992 4157 3257 4221 contulit,
3292 4160 3445 4226 pasci

1871 4248 2082 4300 malens
2115 4261 2276 4315 quam
2321 4261 2567 4314 pascere,
2622 4246 2805 4316 ibique
2838 4257 2962 4315 post
3014 4249 3217 4302 multos
3269 4264 3447 4303 annos

1870 4341 2037 4393 vitam
2072 4337 2235 4390 liniit.
2268 4336 2525 4406 Suscepit
2563 4339 2794 4407 proinde
2835 4339 3256 4407 praefecturam'
3296 4341 3450 4405 illam

1872 4429 2138 4498 Agrippa,
2169 4428 2255 4481 vir
2292 4436 2407 4480 tum
2455 4428 2582 4481 aliis
2617 4427 2803 4482 multis
2838 4428 3136 4482 virtutibus
3176 4438 3445 4491 ornatus,

1873 4528 1989 4574 tum
2048 4521 2320 4589 praecipue
2374 4521 2574 4573 anima:
2631 4518 2900 4588 puritate,
2954 4534 3062 4588 per
3108 4534 3272 4585 quant
3318 4535 3449 4573 cum

196 4603 311 4670 βίον
360 4602 644 4654 κατέλυσε.
716 4601 1027 4671 Διαδέχεται
1074 4603 1252 4655 τοίνυν
1322 4602 1419 4674 τὴν
1478 4604 1764 4673 ἠγεμονίαν

1873 4611 2111 4665 divinam
2161 4608 2625 4678 pulchritudinem
2679 4607 2901 4663 assidue
2954 4610 3451 4679 contemplaretur,

193 4692 414 4760 ἐκείνην
447 4692 779 4763 Ἀγρίππας,
809 4693 946 4763 ἀνὴρ
982 4694 1076 4746 καὶ
1119 4694 1299 4756 ἄλλοις
1332 4694 1540 4757 πολλοῖς
1588 4694 1773 4763 κομῶν

195 4780 461 4846 ἀγαθοῖς,
490 4781 855 4851 διαφερόντως
888 4781 943 4833 δὲ
973 4784 1037 4852 τῇ
1063 4783 1162 4851 τῆς
1195 4782 1375 4852 ψυχῆς
1418 4782 1768 4853 καθαρότητι,

194 4872 261 4924 δι’
286 4873 356 4944 ἠν
396 4875 491 4927 καὶ
532 4875 627 4927 τοῦ
658 4874 803 4925 θείου
842 4874 1065 4937 κάλλους
1091 4876 1188 4946 τὴν
1220 4877 1515 4944 φαντασίαν
1549 4877 1764 4947 δεχόμε-

190 4982 305 5029 νος,
344 4966 439 5017 καὶ
473 4964 553 5034 τῷ
576 4965 670 5017 τοῦ
694 4966 892 5036 ἔρωτος
918 4966 1128 5018 ἐκείνου
1168 4967 1359 5037 πυρσῷ
1393 4969 1770 5040 πυρπολούμε-

190 5072 283 5119 νος
319 5055 549 5125 δάκρυσι
579 5056 876 5127 κατέϐρεχε
911 5057 1183 5127 διηνεκέσι
1215 5059 1311 5121 τὰς
1363 5061 1614 5129 παρείας.
1656 5062 1765 5114 Καὶ

192 5144 389 5195 τούτου
417 5144 473 5195 δὲ
508 5145 601 5196 ἐπὶ
625 5145 801 5216 χρόνῳ
831 5147 1009 5217 πολλῷ
1037 5148 1134 5217 τὴν
1157 5146 1407 5216 ἔκκριτον
1432 5151 1645 5220 ἐκείνην
1672 5152 1765 5203 καὶ

195 5232 347 5286 θείαν
380 5233 618 5304 ποίμνην
658 5236 897 5305 ἐννόμως
945 5238 1328 5307 ποιμάναντος,
1364 5236 1482 5292 εἶτα
1531 5242 1619 5293 τὸν
1654 5241 1765 5309 βίον

192 5323 605 5391 ύπεξελθόντος,
650 5328 883 5398 Δαυῖδης
927 5331 956 5382 6
994 5329 1157 5394 θεῖος,
1197 5326 1256 5385 οὗ
1288 5332 1442 5399 κάγὼ
1491 5332 1588 5401 τῆς
1641 5333 1769 5396 θέας

271 5457 288 5509 i
332 5459 550 5515 Coloss.
590 5477 675 5526 ιιι,
714 5462 763 5519 5.

1875 4713 1928 4758 et
1960 4702 2111 4757 illius
2148 4716 2337 4755 amore
2374 4699 2652 4770 ﬂagraret,
2676 4700 2952 4768 perpetuis
2992 4702 3250 4770 lacryntis
3277 4718 3452 4769 genas

1874 4794 2105 4864 rigabat.
2138 4790 2253 4846 lloc
2277 4804 2482 4853 autem,
2506 4806 2629 4846 cum
2652 4791 2891 4846 electum
2929 4792 3081 4845 illum
3112 4800 3167 4847 et
3196 4792 3445 4846 divinum

1872 4901 2089 4954 gregem
2122 4895 2272 4938 recte
2300 4884 2463 4952 longo
2494 4890 2739 4951 tempore
2775 4884 3049 4951 pavisset,
3085 4883 3196 4936 vita
3230 4880 3444 4944 tunczo,

1871 4977 2092 5029 divinus
2132 4973 2398 5037 Davides,
2429 4974 2590 5041 cujus
2630 4982 2856 5041 aspectu
2890 4972 3021 5027 mihi
3063 4988 3281 5042 quoque
3334 4972 3441 5025 frui

1872 5067 2129 5134 contigit,
2159 5065 2498 5135 praefectura:
2524 5066 2795 5120 successit
2815 5083 2827 5118 :
2850 5065 2931 5117 vir
2954 5065 3045 5130 qui
3078 5079 3262 5118 revera
3288 5064 3443 5131 juxta

1878 5156 2088 5225 1157
2124 5157 2367 5210 divinum
2415 5156 2771 5223 Apostolum,
2807 5154 3234 5209 mortiﬁcaverat
3275 5170 3445 5208 mem-

1875 5247 1969 5301 bra
2004 5264 2124 5317 quae
2152 5258 2279 5303 sunt
2313 5263 2479 5316 super
2509 5255 2709 5301 terram
2739 5244 2781 5298 i.
2818 5245 3054 5302 Tantum
3082 5247 3227 5319 enim
3262 5250 3457 5315 prufe-r

1877 5349 2025 5392 cerat
2055 5354 2119 5393 ex
2160 5339 2413 5391 doctrina
2451 5338 2629 5405 magni
2690 5337 2948 5402 Eusebii,
2984 5344 3041 5394 ut
3094 5352 3221 5391 cum
3270 5353 3447 5392 annos

1489 5597 1721 5653 \‘ARIIE
1765 5599 2163 5657 LECTIONES.

234 5759 245 5770 Ι
275 5683 376 5769 ’.ίιι
407 5688 620 5770 iicrveti
649 5689 913 5771 CVOdlCB‘St
936 5692 1139 5771 riptttttt
1173 5692 1343 5771 fuisse
1374 5693 1589 5771 videtur
1620 5694 1709 5771 :_oi
1737 5694 1833 5771 τῆς
1858 5696 2082 5771 ἀρίστης
2112 5698 2345 5771 ποίμνης
2375 5696 2663 5767 ἡγούμενοι
2692 5718 2703 5751 :
2749 5714 2983 5769 namque
3012 5699 3172 5753 vertit
3198 5718 3211 5755 :
3240 5700 3331 5771 qui
3357 5714 3444 5767 ορ-

201 5760 319 5814 timi
339 5763 509 5831 gregis
539 5770 688 5813 erant
718 5761 971 5827 pra'fectt.
1046 5763 1064 5792 '
1088 5760 1231 5824 Haec,
1261 5763 1515 5826 Ἰάκωϐος
1544 5794 1609 5804 -—
1638 5760 1947 5834 ἡγούμενοι,
1982 5760 2175 5820 absunt
2209 5760 2276 5819 ab
2302 5760 2524 5821 uertat
2546 5770 2812 5823 versione.
