4206 6456
736 390 866 456 1347

1718 366 2203 445 THEODORE'I‘I
2236 381 2570 442 EPISCOPI
2610 376 2973 444 cvaEms

3861 384 4000 445 1343

732 506 986 575 quinque,
1008 510 1055 557 et
1094 499 1458 571 quadraginta
1508 496 1681 568 egerit
1728 498 1779 548 iu
1818 486 1916 549 illo
1953 495 2314 553 monasterio,

2428 494 2734 562 ᾶπήλσυοα,
2771 495 2870 559 τὴν
2912 494 3209 564 ἠγεμονίαν
3244 495 3574 564 παρέλαϐεν,
3618 496 3754 566 ἀνὴρ
3798 504 4001 566 νεκρω-

734 607 907 649 totum
950 594 1081 648 illud
1114 604 1334 661 tempus
1379 592 1472 643 ira:
1513 600 1569 643 et
1601 587 2075 644 exeanth-sccntim
2108 600 2313 639 vacuus

732 690 1061 749 traduxerit,
1105 699 1209 737 nec
1244 691 1367 752 post
1394 690 1710 751 susceptam
1743 677 2125 747 pra3l'ecturam
2160 678 2311 729 illum

732 781 1025 847 quisquam
1102 777 1170 829 ab
1231 775 1334 829 hac
1399 774 1569 828 animi
1628 772 2048 841 perturbatione
2111 771 2311 822 victum

733 884 978 939 unquam
1011 867 1240 931 viderit;
1279 866 1443 935 idque
1478 861 1629 926 Cttm,
1665 872 1725 916 ut
1756 862 1979 917 credere
2013 873 2116 925 est,
2147 860 2311 912 otTer-

696 966 856 1018 rent
908 976 966 1014 se
1005 959 1217 1013 infinita
1264 970 1394 1026 qua:
1449 963 1731 1024 cogerent.
1787 954 2019 1008 Centum
2070 953 2213 1005 enim
2261 961 2315 1004 et

732 1052 1134 1122 quinquaginta
1192 1062 1427 1103 numero
1483 1048 1589 1101 sub
1636 1047 1784 1099 illius
1845 1046 2067 1097 dextera
2122 1060 2315 1113 pasce.-

735 1145 958 1203 bantur,
1001 1140 1252 1195 nonnulli
1288 1140 1507 1209 quidem
1559 1138 1851 1190 excellenti
1888 1136 2093 1187 virtute
2145 1136 2315 1188 cu'lc-

737 1245 874 1288 stem
906 1234 1075 1286 vitam
1109 1231 1434 1286 amulantes
1455 1267 1469 1291 ,
1508 1227 1621 1302 alii.
1649 1240 1779 1279 vero
1833 1224 2316 1279 suecrescemibus

736 1328 917 1380 adhuc
951 1324 1147 1392 penitis
1179 1331 1383 1375 terram
1421 1320 1707 1374 transilire
1749 1328 1800 1369 et
1837 1316 2193 1384 supervolarc
2224 1312 2319 1365 do-

736 1417 1023 1471 cebantur.
1068 1413 1131 1467 Et
1178 1421 1403 1477 tamen,
1448 1426 1573 1465 cum
1628 1418 1707 1463 tot
1752 1417 1941 1461 essent
1988 1406 2092 1474 qui.
2133 1405 2316 1457 divina

736 1507 1103 1564 docebantur,
1142 1520 1205 1558 ac
1230 1515 1629 1570 nonnunquam
1665 1499 1804 1553 haud
1838 1498 2002 1551 dubie
2034 1496 2308 1562 delinque-

735 1605 884 1659 rent,
922 1611 1045 1648 cum
1083 1594 1199 1646 ﬁeri
1239 1593 1326 1644 vix
1363 1589 1562 1659 possit,
1600 1594 1660 1640 ut
1710 1586 1802 1654 qui
1850 1598 2027 1653 nuper
2062 1583 2207 1635 venit
2266 1582 2317 1634 in

736 1689 998 1742 omnibus
1034 1695 1184 1739 recte
1220 1698 1278 1737 se
1306 1687 1484 1752 gerat,
1521 1678 1825 1732 immobilis
1859 1676 2066 1729 mansit
2111 1675 2194 1727 vir
2232 1674 2319 1727 di-

737 1781 920 1839 vinus,
954 1787 1215 1844 tanquam
1242 1773 1493 1842 c0rporis
1529 1786 1750 1840 expers,
1788 1784 1889 1821 nec
1918 1782 2042 1821 cum
2082 1767 2146 1819 ad
2178 1767 2316 1819 iram

738 1869 961 1923 occasio
991 1869 1100 1920 ulla
1142 1865 1435 1935 pertraxit.

2430 601 2527 645 σας
2557 585 2634 654 τῷ
2664 586 2796 649 δντι,
2832 587 2968 639 κατά
3000 587 3090 638 τὸν
3124 586 3265 639 θεῖον
3296 587 3640 649 Ἀπόστολον,
3670 588 3734 639 τά
3768 588 3907 656 μέλη
3935 592 4003 642 τὰ

2426 675 2517 725 ἐπὶ
2551 675 2649 743 τῆς
2691 677 2815 745 γῆς.
2862 676 3127 729 Τοσοῦτον
3167 677 3277 746 γὰρ
3320 677 3573 751 ἀπώνατο
3601 678 3700 747 τῆς
3738 677 4004 730 Εὐσεϐίον

2424 766 2519 819 τοῦ
2553 767 2791 837 μεγάλου
2842 768 3227 833 διδασκαλίας,
3258 768 3334 830 ὠς
3390 769 3549 821 πέντε
3603 772 3696 823 καὶ
3736 770 4007 839 τεσσαρά-

2425 875 2590 911 κοντα
2635 858 2731 925 ἐτη
2784 860 2840 910 ἐν
2895 858 3089 929 ἐκείνῳ
3140 859 3219 928 τῷ
3250 849 3655 931 φροντιστηρίῳ
3698 863 4003 931 διαγαγεῖν,

2426 949 2597 1019 θυμοῦ
2634 949 2690 1002 δὲ
2733 950 2917 1019 χωρὶς.
2950 952 3045 1002 καὶ
3075 951 3244 1021 όργης
3285 952 3463 1005 πάντα
3495 952 3684 1005 τοῦτον
3718 953 4009 1007 διαϐιῶναι

2427 1042 2519 1094 τὸν
2547 1042 2740 1111 χρόκον
2767 1058 2778 1070 ·
2809 1042 2930 1095 οὐδὲ
2960 1042 3069 1112 γὰρ
3101 1043 3241 1111 μετά
3284 1043 3383 1113 τὴν
3411 1045 3708 1113 ἡγεμονίαν
3734 1045 4010 1097 ἐθεάσατό

2436 1148 2518 1194 τις
2542 1132 2704 1183 αὑτὸν
2733 1132 3136 1185 πώποτε¹τοῦδε
3164 1133 3257 1186 τοῦ
3289 1133 3495 1197 πάθους
3534 1134 3847 1204 ἡττώμενον
3871 1152 3889 1168 ⁸
3918 1138 4011 1188 καὶ¹

2430 1224 2600 1275 ταῦτα
2627 1224 2858 1294 μυρίων,
2881 1224 2955 1286 ὡς
2986 1224 3151 1288 εἰκὸς,
3178 1224 3620 1293 ἀναγκαζόντων.
3652 1228 3882 1297 'Avb'ps;
3905 1228 4011 1297 γὰρ

2428 1318 2767 1384 πεντήκοντα
2799 1317 2893 1368 καὶ
2924 1317 3117 1368 ἑκατὸν
3142 1317 3245 1368 ὑπὸ
3271 1317 3373 1385 τῆς
3400 1318 3612 1369 ἐκείνου
3646 1318 3828 1381 δεξιᾶς
3861 1320 4013 1371 ὲποι-

2431 1407 2703 1476 μαίνοντο,
2750 1409 2801 1460 οἱ
2844 1407 2939 1477 μὲν
2974 1407 3134 1477 ἄκροι
3167 1407 3267 1477 τὴν
3300 1409 3502 1479 ἀρετὴν
3526 1450 3540 1467 ,
3575 1411 3668 1461 καὶ
3699 1410 3799 1480 τὴν
3827 1410 3891 1461 έν
3920 1411 4013 1461 ού-

2430 1496 2579 1567 ρανῴ
2630 1497 2909 1550 πολιτείαν
2949 1499 3301 1566 μιμούμενοι,
3329 1500 3378 1549 οἱ
3417 1498 3473 1550 δὲ
3530 1500 3654 1568 ἄρτι
3696 1501 4013 1569 πτεροφυή-

2430 1605 2646 1652 σαντες,
2680 1590 2775 1641 καὶ
2820 1590 2920 1659 τὴν
2963 1589 3067 1659 γῆν
3119 1590 3553 1659 ὑπερϐάλλεσθαί
3613 1609 3669 1643 τε
3698 1592 3794 1643 καὶ
3841 1592 4013 1661 ὑπερ-

2429 1679 2689 1732 πέτεσθαι
2740 1680 3144 1751 διδασκόμενοι.
3198 1682 3345 1735 Ἀλλ’
3398 1684 3548 1753 ὅμως
3602 1685 3697 1737 καὶ
3736 1683 4013 1735 τοσούτων

2428 1770 2539 1821 τῶν
2568 1773 2637 1824 τὰ
2667 1773 2784 1826 θεῖα
2810 1774 3239 1845 παιδευομένων,
3267 1776 3358 1827 καί
3395 1793 3449 1828 τι
3501 1777 3598 1828 καὶ
3642 1774 4015 1847 παραϐαινόν-

2352 1851 2387 1902 Ῐῖ
2420 1880 2549 1925 των,
2584 1864 2658 1926 ὼς
2694 1867 2861 1930 εἰκὸς,
2889 1866 3011 1919 οὐδὲ
3055 1866 3162 1937 γάρ
3190 1867 3281 1919 τὸν
3319 1867 3443 1938 ἄρτι
3472 1866 3743 1934 φοιτῶντα
3798 1881 4003 1933 κατορ-

740 1961 868 2013 θοῦν
930 1961 1149 2018 ἅπαντα
1216 1958 1435 2027 ῥᾴδιον,
1495 1955 1688 2025 ἔμενεν
1736 1951 2036 2021 ἀκίνητος,
2090 1945 2178 2002 οἷά
2241 1966 2324 2012 τις
2397 1957 2708 2029 ἀεώματος,
2760 1962 2789 2013 ὁ
2849 1961 2990 2024 θεῖος
3041 1964 3247 2025 ἐκεῖνος
3297 1961 3466 2032 ἀνὴρ,
3517 1962 3770 2032 οὐδεμιᾶς
3848 1959 4015 2013 αὺτδν

741 2052 1065 2123 προφάσεως
1097 2052 1175 2110 εἰς
1201 2049 1372 2118 ὀργὴν
1402 2045 1745 2116 ἐγειρούσης.

809 2146 969 2211 Quod
1001 2160 1103 2214 ego
1138 2160 1248 2198 non
1295 2142 1584 2195 auditione
1624 2148 1838 2193 tantum
1872 2139 2076 2207 accepi,
2114 2139 2214 2192 sed
2267 2154 2327 2190 re

737 2236 903 2287 etiam
966 2234 1084 2302 ipsa
1133 2246 1256 2286 sum
1316 2238 1599 2298 expertus.
1664 2227 1799 2280 Nam
1853 2243 1975 2281 cum
2025 2228 2323 2299 aliquando

741 2325 950 2378 visendi
985 2323 1132 2376 illius
1157 2320 1339 2389 gregis
1377 2318 1613 2388 cupidus
1641 2332 1707 2372 eo
1738 2333 1825 2370 me
1858 2314 1982 2371 cu'm
2016 2320 2141 2372 aliis
2170 2320 2322 2388 ejus-

740 2418 862 2469 dem
899 2430 1111 2469 mecum
1151 2412 1397 2467 instituti
1427 2409 1726 2465 comitibus
1756 2409 2150 2473 contulissem,
2186 2411 2327 2463 inlc-

740 2522 893 2575 gram
954 2504 1348 2559 hebdomadem
1415 2501 1558 2571 apud
1622 2500 1869 2555 divinum
1934 2500 2088 2553 illum
2146 2502 2325 2555 virum

741 2600 1023 2667 degentes,
1061 2596 1269 2649 vultum
1293 2594 1415 2663 ejus
1447 2593 1866 2648 observavimus
1900 2593 2051 2647 nulla
2098 2608 2327 2661 prorsus

744 2689 1045 2742 mutatione
1072 2687 1232 2752 allici,
1268 2701 1369 2740 nec
1404 2684 1568 2738 modo
1603 2684 1792 2737 laetitia
1835 2682 2072 2737 diﬂ'undi
2099 2725 2114 2748 ,
2168 2684 2329 2737 modo

744 2782 966 2834 tristitia
1019 2778 1307 2839 contrahi.
1360 2776 1670 2845 oculosque
1724 2775 2005 2836 similiter.
2047 2791 2153 2828 non
2192 2776 2329 2829 alias

744 2884 935 2925 torvos
974 2886 1118 2933 esse,
1162 2870 1298 2923 alias
1340 2869 1567 2928 hilares,
1619 2867 1711 2921 sed
1764 2867 1817 2919 in
1867 2868 2057 2921 eodem
2110 2877 2330 2936 semper

742 2964 926 3017 decori
968 2972 1115 3017 Statu
1152 2962 1482 3015 consistere.
1515 2958 1656 3013 Sunt
1697 2970 1878 3013 autem
1923 2961 1975 3011 h-i
2008 2975 2228 3029 quoque
2263 2962 2326 3013 ad

743 3055 1093 3108 indicandam
1161 3052 1330 3105 animi
1410 3050 1875 3121 tranquillitatem
1947 3049 2147 3103 idonei.
2216 3050 2322 3104 Sed

743 3147 1021 3200 existimet
1063 3145 1297 3197 fortasse
1355 3141 1668 3212 quispiam,
1705 3141 1830 3193 ideo
1864 3141 2028 3194 talem
2071 3156 2193 3194 esse
2239 3143 2321 3194 vi-

2495 2136 2667 2191 Τοῦτο
2696 2139 2753 2191 δὲ
2795 2139 2895 2192 ούκ
2930 2140 3069 2208 ἀκοῇ
3109 2138 3288 2209 μόνον,
3334 2138 3469 2191 ἀλλὰ
3507 2138 3602 2190 καὶ
3649 2140 3814 2209 πείρᾳ
3852 2159 4015 2209 παρ-

2429 2231 2641 2285 έλαϐον.
2678 2231 3059 2302 Ἑπιθυμήσας
3114 2231 3224 2302 γάρ
3258 2247 3387 2283 ποτε
3415 2231 3515 2299 τὴν
3547 2231 3749 2298 ἀγέλην
3794 2233 4015 2301 ἐκείνην

2428 2322 2751 2382 θεάσασθαι,
2788 2323 3068 2392 ἀφικόμην
3106 2321 3395 2383 κοινωνοὺς
3420 2322 3557 2390 ἔχων
3580 2322 3674 2389 τῆς
3704 2321 4018 2391 ἀποδημίας

2427 2414 2520 2468 καὶ
2576 2414 2771 2476 ἄλλους
2827 2415 2918 2466 τὸν
2989 2413 3153 2466 αὐτόν
3222 2430 3315 2484 μοι
3382 2413 3497 2482 βίον
3567 2414 4012 2483 ἀσπαζομένους.

2430 2507 2681 2559 ’Λπαντα
2732 2504 2913 2559 τοίνυν
2959 2507 3059 2575 τῆς
3119 2504 3412 2575 ἑϐδομάδος
3460 2504 3551 2559 τὸν
3612 2505 3812 2557 κύκλον
3860 2507 4018 2576 παρὰ

2426 2598 2561 2670 τῷδε
2597 2598 2674 2669 τῷ
2714 2598 2845 2668 θείῳ
2883 2599 3183 2665 διάγοντες,
3212 2598 3497 2669 ἐθεώμεθα
3537 2597 3833 2669 πρόσωπον
3864 2598 4018 2650 οὐδε⁶

2430 2690 2562 2756 μίαν
2588 2688 2913 2759 -μεταϐολὴν
2948 2688 3257 2760 δεχόμενον,
3296 2688 3417 2742 οὐδὲ
3455 2687 3552 2741 νῦν
3584 2688 3682 2759 μὲν
3725 2688 4019 2757 διαχεόμει

2427 2799 2539 2844 νον,
2568 2781 2663 2834 νῦν
2692 2780 2747 2833 δὲ
2776 2780 3194 2850 σκυθρωπότητι
3222 2780 3612 2849 συναγόμενον,
3644 2780 3741 2833 καὶ
3766 2780 3829 2832 τὸ
3853 2780 4017 2849 δμμα

2426 2871 2482 2923 δέ
2521 2888 2583 2938 γε
2610 2869 2872 2932 ὡσαύτως
2894 2871 2994 2923 οὐκ
3028 2870 3216 2924 ἄλλοτε
3257 2870 3355 2939 μὲν
3400 2868 3679 2939 βλοσυρὸν,
3718 2870 4017 2938 χαροποιὸν

2427 2963 2483 3017 δὲ
2515 2963 2725 3022 ἄλλοτε,
2765 2962 2882 3014 ἀλλ’
2922 2962 3018 3014 ἐπὶ
3049 2962 3147 3031 τῆς
3182 2962 3353 3028 αὐτῆς
3406 2962 3494 3013 ἀεὶ
3535 2961 3663 3022 τοὺς
3691 2960 4018 3027 ὀφθαλμοὺς

2436 3054 2696 3123 μένοντας
2725 3052 3043 3122 εὐκοσμίας.
3082 3053 3280 3105 Ἰκανοὶ
3303 3053 3359 3105 δὲ
3388 3052 3485 3104 καὶ
3517 3046 3659 3105 οὗτοι
3696 3052 4012 3121 τεκμηριῶο

2434 3162 2524 3198 σαι
2550 3144 2650 3212 τῆς
2680 3143 2861 3215 ψυχῆς
2889 3144 2989 3215 τὴν
3036 3145 3300 3215 γαλήνην.
3361 3143 3503 3196 Ἀλλ’
3537 3143 3683 3205 εἰκός
3728 3160 3884 3205 τινας
3931 3160 4020 3193 νο·

746 3254 895 3298 sum.
939 3237 1084 3306 quod
1123 3236 1272 3288 nulla
1319 3248 1443 3287 eum
1500 3248 1670 3286 causa
1713 3239 2104 3286 commoveret.
2144 3232 2323 3297 Quare

2436 3236 2590 3305 μίσαι
2640 3234 2879 3287 τοιοῦτον
2931 3234 3097 3287 αὑτὸν
3135 3235 3413 3304 ἑωρᾶσθαι
3465 3233 3734 3303 μηδεμιᾶς
3770 3249 4016 3302 παρακι-

745 3329 875 3399 quid
908 3338 1041 3381 tunc
1074 3326 1238 3379 nobis
1282 3323 1649 3392 praesentibus
1689 3322 1964 3376 acciderit
2008 3323 2326 3375 necessario

744 3414 1142 3489 exponendum
1179 3424 1285 3468 cst.
1340 3412 1572 3466 Sederat
1633 3410 1851 3481 1158
1902 3412 2190 3465 nobiscum
2246 3414 2328 3464 vir

745 3510 989 3576 divinus,
1015 3509 1083 3564 de
1116 3506 1465 3578 philosophia
1508 3504 1675 3559 verba
1704 3503 1937 3567 faciens,
1966 3513 2021 3557 et
2052 3519 2324 3556 summam

747 3602 1077 3673 evangelicae
1129 3598 1473 3667 disciplinze‘
1522 3595 1731 3664 apicem
1788 3595 2148 3663 invrstigans.
2191 3594 2326 3645 Dum

750 3696 1088 3748 haberentur
1144 3687 1467 3758 hnjusmodi
1519 3701 1825 3748 sermones,
1879 3684 2168 3755 Olympius
2201 3686 2325 3753 qui-

749 3786 895 3850 dam,
918 3798 1116 3855 genere
1135 3780 1437 3843 Romanus,
1458 3778 1705 3832 moribus
1727 3785 1780 3831 et
1806 3778 1926 3845 ipse
1952 3777 2327 3838 admirandus,

750 3876 1156 3943 sacerdotiique
1183 3874 1394 3926 honore
1420 3870 1706 3939 praeditus,
1740 3880 1789 3922 et
1820 3868 2160 3937 prrefectura)
2184 3868 2331 3921 illius

751 3966 1023 4021 secundas
1082 3974 1265 4033 partes
1324 3978 1545 4032 gerens,
1601 3959 1668 4012 ad
1732 3975 1832 4013 nos
1878 3959 2048 4021 venit,
2081 3958 2327 4011 divinum

756 4056 1013 4108 Davidem
1044 4055 1154 4104 alta
1187 4066 1321 4105 voce
1360 4052 1682 4118 increpans,
1726 4057 1782 4101 et
1826 4062 2119 4101 commune
2178 4046 2332 4099 dam-

753 4164 881 4201 num
944 4146 1225 4199 leuitatem
1291 4143 1437 4196 illam
1490 4141 1798 4210 appellans,
1852 4140 2332 4207 perniciosamque

751 4238 1013 4289 omnibus
1087 4248 1212 4287 esse
1268 4232 1462 4285 dicens
1516 4230 1640 4297 ejus
1700 4229 2220 4286 mansuetudinem,
2277 4236 2331 4279 et

754 4327 1047 4382 amentiam
1101 4340 1214 4378 non
1262 4322 1591 4377 modestiam
1637 4335 1907 4376 summam
1939 4321 2089 4375 illam
2121 4334 2331 4373 vocans

753 4416 1179 4489 philosOphiam.
1231 4413 1329 4468 llle
1378 4423 1587 4473 autem,
1642 4413 1789 4466 velut
1829 4412 2068 4464 animant
2121 4411 2332 4466 habens

755 4507 1189 4568 adamantinam,
1221 4505 1388 4559 verba
1432 4505 1525 4558 illa
1560 4504 1640 4559 sic
1694 4503 1906 4571 accepit
1933 4542 1946 4565 ,
1991 4512 2049 4556 ut
2095 4503 2161 4555 iis
2212 4518 2332 4571 qua:

2430 3328 2629 3394 νούσης
2671 3328 2872 3390 αίτίας.
2900 3323 2975 3382 Ob
3017 3327 3202 3379 εἵνεκα
3249 3324 3615 3395 διηγήσασθαί
3651 3342 3705 3375 τι
3771 3323 4017 3376 τοιοῦτον

2439 3418 2655 3487 συμϐὰν
2689 3420 2772 3487 ἐφ’
2801 3418 2959 3489 ἡμῶν
2995 3418 3395 3485 ἀναγκάζομαι.
3429 3416 3686 3484 Καθῆστο
3709 3415 3841 3483 παρ’
3865 3416 4017 3483 ἡμᾶς

2429 3512 2457 3561 ὁ
2489 3510 2633 3572 θεῖος
2686 3511 2892 3572 ἐκεῖνος
2927 3509 3086 3579 ἀνὴρ,
3128 3510 3255 3571 τοὺς
3288 3508 3417 3578 περὶ
3463 3506 3784 3576 φιλοσοφίας
3822 3505 4016 3572 λόγους

2430 3603 2719 3666 ἀνακινῶν,
2754 3603 2847 3655 καὶ
2874 3602 2974 3668 τῆς
3008 3599 3375 3668 εύαγγελικῆς
3416 3599 3692 3660 πολιτείας
3736 3598 3798 3648 τό
3846 3598 4017 3664 ἄκρον

2432 3692 2726 3761 ἐπιζητῶν.
2766 3693 3038 3743 Τοιούτων
3090 3692 3146 3742 δὲ
3196 3689 3400 3758 μεταξὺ
3438 3689 3759 3757 ’γινομένων
3812 3687 4015 3753 λόγων,

2445 3784 2741 3852 Ὀλύμπιός
2791 3784 2813 3816 ⁸
2851 3802 2955 3845 τις,
3005 3786 3066 3835 τὸ
3121 3784 3221 3850 μὲν
3270 3783 3427 3849 γένος
3472 3782 3760 3849 Ῥωμαῖος,
3811 3780 3906 3832 τὸν
3960 3779 4018 3832 δὲ

2430 3875 2631 3946 τρόπον
2674 3877 2767 3927 καὶ
2812 3874 2973 3935 αὐτὸς
3018 3873 3368 3940 ἀξιάγαστος,
3408 3872 3674 3942 ἱερωσύνῃ
3712 3870 4019 3939 τετιμημέ-

2431 3984 2539 4027 νος,
2562 3968 2655 4018 καὶ
2678 3966 2776 4034 τῆς
2803 3964 3099 4034 ἡγεμονίας
3126 3964 3341 4033 ἐκείνης
3363 3964 3431 4015 τὰ
3450 3961 3677 4029 δεύτερα
3704 3964 4013 4030 περιέπων,

2430 4053 2533 4127 ἧκε
2581 4058 2711 4127 παρ’
2767 4057 2933 4125 ἡμᾶς,
2973 4054 3067 4106 τοῦ
3110 4053 3256 4105 θείου
3304 4052 3529 4105 Δαυΐδου
3572 4050 3880 4110 καταϐοῶν,
3924 4052 4018 4102 καὶ

2433 4146 2615 4216 λώϐην
2649 4146 2832 4216 κοινὴν
2864 4146 2961 4213 τὴν
3006 4144 3306 4197 ἐπιείκειαν
3339 4143 3621 4212 ὀνομάζων
3651 4141 3891 4210 ἐκείνην,
3922 4143 4022 4194 καὶ

2431 4238 2790 4308 λυμαίνεσθαι
2825 4240 2989 4290 πᾶσιν
3024 4235 3191 4289 αὐτοῦ
3235 4235 3335 4305 τὴν
3380 4236 3659 4305 πραότητα
3689 4232 3885 4300 λέγων,
3926 4236 4023 4286 καὶ

2430 4331 2616 4383 ἄνοιαν
2641 4330 2756 4382 ἀλλ’
2788 4330 2889 4381 ούκ
2921 4329 3224 4381 ἐπιείκειαν
3266 4328 3364 4397 τὴν
3391 4327 3567 4396 ἄκραν
3618 4327 3835 4394 ἐκείνην
3861 4328 4019 4391 φιλο-

2434 4423 2629 4492 σοφίαν
2674 4421 2875 4474 καλῶν.
2920 4421 2979 4472 '0
3035 4421 3125 4485 δὲ,
3171 4419 3423 4489 καθάπερ
3457 4419 3826 4487 ἀδαμαντίνην
3876 4419 4021 4485 ἔχων

2431 4512 2529 4582 τὴν
2557 4512 2755 4581 ψυχὴν,
2793 4510 3004 4580 ἐδέχετο
3038 4510 3138 4579 μὲν
3171 4511 3298 4569 τοὺς
3341 4510 3553 4575 λόγους,
3593 4508 3692 4559 οὐκ
3742 4510 4022 4559 ἐκεντεῖτο

754 4612 999 4668 Ρυηὲθτθ
1041 4607 1236 4650 nam"
1284 4611 1381 4649 ⁵⁸³³
1424 4598 1621 4649 ’δοιθιη
1677 4594 1906 4649 minime
1972 4602 2326 4663 Fungert‘wr-
2360 4610 2405 4666 D
2432 4607 2488 4659 δὲ
2515 4604 2620 4658 ὑπὸ
2647 4603 2755 4655 τῶν
2786 4604 2996 4655 κεντεῖν
3023 4588 3377 4670 πεφυκότωνο
3410 4599 3528 4651 οὐδὲ
3567 4599 3930 4668 μετεϐάλλετο
3956 4598 4016 4651 τὲ

756 4695 943 4761 Itaque
976 4691 1182 4744 vultum
1235 4704 1342 4742 non
1386 4690 1651 4750 mutavit,
1690 4702 1791 4741 nec
1840 4687 2156 4740 institutum
2216 4701 2333 4739 ser:

760 4799 977 4838 inonem
1028 4782 1270 4850 abrupit,
1324 4779 1419 4834 sed
1476 4780 1584 4833 leni
1635 4793 1767 4833 voce
1817 4779 2110 4846 verbisque
2166 4777 2333 4829 animi

758 4872 1111 4929 serenitatem
1155 4870 1515 4929 testantibus.
1551 4884 1739 4923 senem
1787 4869 1940 4920 illum
1976 4867 2207 4929 dimisit,
2243 4880 2334 4918 ro-

757 4978 892 5034 gans
950 4977 1075 5015 eum
1138 4970 1199 5014 ut
1257 4976 1319 5015 ea
1379 4967 1708 5031 procuraret
1771 4972 1892 5026 quae
1944 4956 2343 5026 vellet:¢qu

757 5053 926 5116 enim,
956 5053 1155 5120 inquit,
1191 5066 1317 5104 cum
1346 5053 1433 5105 his
1467 5051 1561 5122 qui
1595 5051 1661 5102 ad
1688 5064 1789 5103 nos
1819 5056 2088 5103 venerunt
2120 5050 2333 5116 loquor,

759 5152 819 5197 ut
853 5142 1032 5206 vides,
1069 5142 1445 5197 necessarium
1470 5158 1594 5196 esse
1626 5151 1827 5211 putans
1877 5141 1982 5194 hoc
2024 5140 2283 5194 oﬂicium.
2311 5158 2330 5191 ι

758 5251 876 5318 Qua
934 5252 1148 5305 ratione
1209 5252 1737 5329 possit'quisquam
1805 5252 1974 5306 animi
2050 5251 2331 5305 leuitatem

759 5342 1007 5412 apertius
1062 5343 1389 5397 ostendere?
1440 5343 1597 5395 Illum
1662 5343 1809 5396 enim
1878 5343 1971 5411 qui
2020 5354 2333 5409 supremam

759 5444 981 5506 gerebat
1005 5432 1413 5504 praefecturam,
1439 5434 1534 5488 tali
1564 5435 1631 5488 ah
1656 5448 1723 5489 eo
1760 5433 2018 5487 allectum
2055 5446 2177 5485 esse
2206 5445 2337 5483 con-

760 5528 983 5581 tumelia
1011 5527 1103 5596 qui
1145 5526 1419 5580 secundas
1455 5526 1695 5587 tenebat,
1740 5524 2050 5577 astantibus
2095 5535 2329 5591 pragscr-

760 5616 855 5670 tim
906 5618 1243 5687 peregrinis,
1284 5627 1337 5670 et
1371 5616 1721 5669 maledictum
1778 5614 2152 5676 audientibus,
2207 5610 2327 5663 nul-

2431 4695 2750 4763 πρόσωπον,
2797 4691 2919 4745 οὐδὲ
2969 4690 3069 4761 τὴν
3121 4691 3497 4761 προκειμένην
3547 4690 3695 4757 ἠφίει
3750 4688 4015 4753 διάλεξιν,

2430 4784 2564 4838 ἀλλὰ
2595 4783 2735 4853 μετά
2764 4781 2997 4853 πραείας
3024 4781 3226 4850 φωνῆς,
3252 4782 3347 4833 καὶ
3376 4780 3550 4848 λόγων
3571 4782 3671 4849 τὴν
3710 4780 3810 4848 τῆς
3832 4778 4019 4849 ψυχῆς

2434 4874 2745 4947 μηνυόντων
2775 4872 3019 4943 αἰθρίαν,
3046 4872 3139 4924 τὸν
3174 4871 3484 4942 πρεσϐύτην
3521 4873 3731 4923 ἐκεῖνον
3759 4871 4016 4939 ἀπέπεμ-

2428 4969 2519 5037 ψε,
2567 4965 2901 5037 παρακαλῶν
2944 4964 3107 5018 αὑτὸν
3160 4962 3556 5033 ἐπιμεληθῆναι
3616 4956 3692 5014 ῶν
3740 4961 4013 5030 βούλεται.

2438 5081 2455 5111 ι
2499 5057 2642 5125 Ἐγὼ
2686 5058 2765 5117 δὲ,
2814 5056 2940 5126 ἔφη,
2990 5056 3101 5117 τοῖς
3154 5054 3292 5124 πρὸς
3334 5055 3483 5123 ἡμᾶς
3546 5053 3895 5119 ἀφιγμένοις,
3938 5051 4017 5109 ὼς

2430 5151 2585 5220 ὁρᾷς,
2625 5147 2968 5217 διαλέγομαι,
3001 5144 3306 5213 ἀναγκαίαν
3346 5140 3486 5196 εἶναι
3533 5142 3767 5212 νομίζων
3808 5140 4016 5201 ταύτην

2430 5240 2528 5309 τὴν
2569 5238 2889 5309 θεραπείαν.
2918 5256 2936 5287 ι
2974 5236 3097 5298 Πῶς
3127 5235 3193 5288 ἀν
3224 5251 3307 5298 τις
3334 5236 3558 5303 ἄμεινον
3612 5232 3863 5297 ὲπιδείξοι
3914 5234 4015 5301 τῆς

2430 5332 2609 5403 ψυχῆς
2667 5330 2769 5401 τὴν
2837 5331 3160 5401 πραότητα;
3214 5327 3320 5379 Τὸν
3369 5326 3479 5396 γάρ
3525 5326 3625 5396 τὴν
3675 5324 4017 5394 προστασίαν

2431 5423 2647 5493 ἐκείνην
2679 5421 3137 5491 πεπιστευμένον,
3170 5418 3425 5488 τοιαύτην
3456 5418 3561 5470 ὑπὸ
3601 5415 3693 5469 τοῦ
3728 5415 3798 5468 τά
3824 5415 4015 5470 δευτε-

2439 5518 2556 5583 ρεῖα
2599 5514 2812 5583 ἔχοντος
2843 5510 3097 5575 δέξασθαι
3129 5498 3434 5578 παροινίαν,
3473 5508 3706 5579 μάλιστα
3738 5507 3797 5560 δὲ
3842 5508 4013 5572 ξένων

2440 5606 2746 5676 παρόντων,
2777 5605 2871 5657 καὶ
2901 5605 2995 5673 τῆς
3020 5603 3285 5673 λοιδορίας
3317 5598 3704 5671 ἀκροωμένων,
3730 5597 3821 5650 καὶ
3848 5598 4017 5667 μηδε-

2027 5744 2257 5801 νΑΒΙΑΞ
2298 5741 2675 5799 LECTIONES

832 5814 849 5843 '
880 5820 1146 5886 Πούπλιος
1173 5821 1268 5875 fuit
1305 5824 1355 5875 in
1384 5821 1598 5876 llerveti
1631 5820 1789 5873 libro.
