4206 6456
155 380 292 444 1349

1386 382 1795 443 RELIGIOSA
1829 380 2207 441 HISTORIA.

3275 379 3409 446 i350

158 489 284 561 μίαν
330 487 395 537 ὲκ
443 486 535 539 τοῦ
572 486 745 556 θυμοῦ
796 488 963 559 ζάλην
1010 490 1297 561 ὑπομείναι
1346 495 1438 545 καὶ
1464 498 1730 565 ταραχὴν,

1846 496 2060 559 iamque
2086 493 2174 545 ine
2204 505 2423 558 passum
2456 503 2578 542 esse
2633 488 3099 556 perturbationem
3131 530 3142 547 .
3180 504 3410 557 ecquam

155 579 316 629 ποίαν
349 577 570 646 ἀνδρίας
602 579 695 631 καὶ
725 578 1018 653 καρτερίας
1047 582 1348 653 ὑπερϐολὴν
1383 586 1729 647 καταλείπει;

164 667 220 717 Ὀ
270 664 372 734 μὲν
406 662 501 719 οὖν
540 666 682 730 θεῖος
718 649 1060 734 Ἀπόστολος,
1106 649 1205 740 τῆς
1253 649 1597 746 ἀνθρωπίνης
1628 678 1731 744 φύ-

157 773 292 818 σεως
327 758 426 826 τὴν
464 758 750 811 ἀσθένειαν
779 762 1223 833 ὲπεσκεμμένος,.
1251 769 1317 836 τῇ
1350 768 1508 835 φύσει
1544 772 1733 842 μετρεῖ

154 845 247 913 τὴν
294 848 652 917 νομοθεσίαν’
697 869 714 901 ι
758 852 1071 919 Ὀργίξεσθε
1122 856 1265 926 γὰρ,
1296 858 1458 927 φησὶ,
1511 862 1601 912 καὶ
1658 861 1731 929 μὴ

153 939 502 1008 ἁμαρτάνετε
530 960 543 970 ³
576 943 603 994 δ
628 943 777 1012 ἧλιος
817 945 892 1015 μὴ
919 947 1183 999 ἐπιδυέτω
1214 948 1307 1001 ἐπὶ
1339 950 1418 1021 τῷ
1465 968 1732 1022 παροργι-

156 1027 276 1097 σμῷ
310 1029 485 1098 ὑμῶν.
527 1050 546 1081 ι
586 1032 665 1084 Τά.
698 1034 796 1102 μὲν
838 1035 947 1105 γὰρ
975 1034 1066 1089 τοῦ
1106 1039 1280 1109 θυμοῦ
1312 1042 1589 1110 κινήματα
1632 1041 1733 1109 τῆς

155 1118 374 1183 φύσεως
413 1120 590 1185 εἰδὼς,
620 1123 826 1177 ἀλλ”οὐ
880 1127 979 1197 τῆς
1009 1128 1255 1200 γνώμης,
1306 1132 1541 1186 ἐπίπονα
1590 1133 1730 1197 λίαν,

153 1211 291 1279 τάχα
320 1211 379 1263 δὲ
438 1214 533 1266 καὶ
567 1214 824 1279 ἀδύνατα,
854 1219 1164 1288 νομοθετεῖν
1202 1224 1301 1275 οὐκ
1340 1224 1593 1293 ἀνέχεται
1619 1242 1631 1253 ·
1663 1227 1731 1292 τῇ

154 1304 369 1369 κινήσει
401 1302 457 1354 δὲ
489 1305 586 1374 τῆς
627 1306 862 1374 φύσεως,
899 1312 991 1362 καὶ
1040 1314 1105 1382 τῇ
1132 1312 1270 1384 ζάλῃ
1299 1314 1391 1366 τοῦ
1427 1314 1598 1383 θυμοῦ
1635 1316 1729 1386 μέ-

153 1410 277 1462 τρον
303 1394 405 1462 τὴν
429 1396 641 1465 ἡμέραν
666 1398 855 1467 ὁρίζει,
891 1400 1081 1471 ἄγχειν
1106 1404 1341 1456 κελεύων
1367 1404 1443 1474 τῷ
1465 1406 1730 1476 λογισμῷ,

154 1484 245 1536 καὶ
276 1485 357 1554 τῷ
417 1485 620 1556 χαλινῷ
656 1487 895 1551 πιέζειν,
933 1493 1025 1542 καὶ
1056 1494 1367 1564 περαιτέρω
1422 1496 1732 1564 προϐαίνειν

152 1576 259 1627 τῶν
299 1578 444 1646 ὅρων
495 1578 569 1648 μὴ
622 1580 939 1651 συγχωρῶν.
988 1582 1044 1636 '0
1089 1584 1146 1636 δὲ
1205 1583 1344 1647 θεῖος
1395 1579 1547 1649 οὗτος
1592 1588 1733 1660 ἀνὴρ

156 1668 298 1737 ὑπὲρ
330 1670 460 1731 τοὺς
490 1669 779 1738 κειμένους
806 1673 1105 1741 ἠγωνίζετο
1128 1674 1344 1743 νόμους,
1372 1677 1467 1728 καὶ
1497 1676 1637 1748 ὑπὲρ
1665 1678 1733 1731 τὰ

158 1760 461 1829 σκάμματα
494 1760 707 1830 ἥλλετο,
744 1762 805 1814 οὐ
839 1761 999 1833 μέχρι
1031 1763 1130 1833 τῆς
1182 1766 1421 1837 ἑσπέρας
1467 1767 1732 1821 κινεῖσθαι

1840 582 2021 650 magni
2057 591 2109 634 et
2144 579 2348 633 excelsi
2382 577 2957 632 animiconstantiam
3000 576 3413 630 fortitudini-m-

1839 687 1947 739 que
1979 686 2086 725 non
2116 669 2383 739 supcrat?
2426 670 2499 721 Ac
2536 668 2759 721 divinus
2809 668 3028 735 quidem
3087 668 3411 737 Apostolus,

1840 762 2093 814 humanae
2128 770 2340 812 natura:
2364 757 2793 811 imbecillitatem
2824 758 3205 819 considerans,
3241 760 3411 825 legem

1841 860 2034 904 natura
2086 850 2327 914 metitur,
2390 848 2579 902 (licens
2641 862 2655 897 :
2704 844 3081 903 «Irascimini.
3122 856 3175 900 et
3245 848 3414 901 nolite

1841 956 2087 1011 peccare,
2152 941 2234 995 sol
2286 955 2396 994 non
2449 939 2665 992 occidat
2716 953 2881 1007 super
2930 938 3268 993 iracundiam
3325 954 3413 992 ve-

1838 1043 2008 1089 stram
2043 1032 2091 1085 ιι.
2130 1050 2148 1082 ι
2177 1032 2307 1087 Nam
2339 1047 2463 1086 cum
2497 1031 2590 1084 iraa
2624 1039 2804 1083 motus
2836 1038 3042 1083 natura:
3075 1045 3196 1085 esse
3224 1031 3415 1095 sciret,

1840 1141 1945 1178 non
1980 1124 2218 1187 arbitrii,
2260 1123 2477 1192 1159
2500 1121 2677 1176 noluit
2711 1134 2773 1172 ea
2807 1121 2919 1189 lege
2945 1121 3263 1185 decernere,
3292 1138 3415 1191 quae

1841 1215 1985 1270 factu
2021 1215 2264 1269 diﬂicilia
2290 1222 2497 1274 essent,
2525 1229 2589 1266 ac
2615 1212 2852 1267 fortasse
2896 1212 3011 1265 tieri
3047 1216 3270 1267 omnino
3305 1232 3410 1268 non

1841 1314 2065 1374 possent
2110 1323 2123 1357 :
2167 1304 2261 1358 sed
2315 1303 2487 1357 motui
2545 1310 2775 1365 naturae,
2837 1304 3039 1372 iraeque
3102 1308 3412 1373 tempestati

1842 1410 2152 1451 mensuram
2183 1395 2291 1449 diei
2319 1395 2498 1464 spatio
2537 1395 2801 1448 deﬁnivit.
2831 1392 3036 1447 Jubens
3068 1394 3208 1447 hanc
3245 1398 3413 1448 ratio-

1841 1507 1908 1545 ne
1943 1490 2255 1558 comprimi,
2289 1497 2343 1542 et
2369 1499 2629 1556 tauquam
2659 1485 2817 1539 freno
2853 1486 3100 1550 retineri,
3138 1500 3237 1540 nec
3276 1487 3415 1540 ultra

1841 1581 2107 1634 terminos
2147 1580 2402 1649 progredi
2460 1579 2800 1647 permittens.
2848 1576 2939 1630 Vir
2977 1588 3153 1631 autem
3194 1579 3284 1632 hic
3334 1580 3417 1632 di-

1842 1673 2001 1726 vinus
2046 1686 2212 1740 supra
2263 1670 2408 1738 leges
2448 1668 2584 1723 latas
2615 1669 2937 1731 decertavit,
2981 1680 3035 1724 et
3068 1677 3221 1723 extra
3256 1672 3423 1725 stadii

1842 1772 1995 1833 septa
2030 1761 2261 1822 desiliit,
2294 1760 2384 1828 qui
2421 1775 2530 1813 non
2562 1774 2737 1829 usque
2791 1760 2856 1813 ad
2889 1776 3172 1829 vesperam
3225 1762 3318 1815 iras
3363 1772 3421 1815 ut

154 1849 231 1917 τῷ
281 1850 441 1919 θυμῷ
494 1853 875 1922 παραχωρῶν,
927 1854 1368 1938 ἀλλάνμηδόλως
1424 1858 1736 1929 ἐπιτρέπων

1846 1862 2156 1909 moveretur
2181 1851 2435 1914 indulsit,
2475 1849 2572 1905 sed
2600 1866 2668 1905 ne
2692 1851 2896 1903 moveri
2941 1851 3162 1919 quidem
3187 1852 3417 1903 omnino

155 1942 451 1996 κινεῖσθαι.
484 1944 720 2002 Τοιαῦτα
761 1946 853 1998 καὶ
877 1938 1030 2010 οὗτος
1071 1947 1171 2018 τῆς
1199 1950 1462 2002 Εὐσεῧίου
1491 1950 1584 2003 τοῦ
1628 1968 1730 2022 μει-

155 2032 324 2097 γά>.ου
356 2035 644 2097 συνουσίας
678 2035 954 2090 ἀπώνατο.

225 2144 465 2207 Πολλοὺς
516 2147 571 2199 δὲ
623 2149 716 2201 καὶ
759 2149 953 2214 ἄλλους
997 2152 1231 2221 ἐραστὰς
1276 2154 1377 2222 τῆς
1420 2156 1737 2225 φιλοσοφίας

153 2236 360 2308 ταύτης
394 2239 488 2291 καὶ
519 2238 767 2309 ζηλωτὰς
813 2243 900 2296 ἐπ’
924 2244 1106 2316 ἐκείνῃ
1140 2249 1206 2316 τῇ
1252 2247 1463 2319 καλύὸη
1511 2266 1736 2318 γεγενη-

162 2330 359 2397 μένους
394 2330 680 2401 τεθέαμαι,
715 2334 840 2397 τούς
895 2335 994 2404 μὲν
1033 2338 1091 2388 ὲν
1141 2339 1293 2409 ἀκμῇ
1338 2339 1433 2392 τοῦ
1465 2341 1734 2411 σώματος,

160 2423 282 2482 τοὺς
319 2420 379 2472 δὲ
407 2423 502 2474 καὶ
555 2423 614 2475 ἐν
643 2424 790 2494 γήρα
818 2423 1003 2494 βαθεῖ’
1042 2427 1264 2482 πλείονα
1302 2430 1408 2503 γὰρ
1447 2431 1479 2501 ἢ
1523 2432 1740 2503 ἐννενή-

161 2529 322 2565 κοντα
349 2512 445 2583 ἐτη
474 2513 865 2581 διαδιώσαντες
893 2517 1189 2590 ἄνθρωποι,
1222 2521 1313 2575 τὸν
1342 2523 1597 2579 ἐπίπονον
1624 2524 1738 2595 βίον

161 2603 482 2656 καταλιπεῖν
528 2606 628 2659 οὐκ
660 2607 954 2679 ἠθέλησαν,
999 2609 1137 2664 ἀλλά
1188 2615 1302 2676 τοῖς
1347 2614 1447 2682 τῆς
1490 2614 1740 2685 νεότητος

162 2693 350 2761 ἱδρῶσι
376 2694 690 2766 διέπρεπον,
717 2699 1004 2770 παννύχιοι
1035 2702 1136 2771 μὲν
1167 2703 1263 2768 καὶ
1291 2705 1624 2775 πανημέριοι
1650 2705 1740 2761 τὸν

158 2784 290 2836 Θεὸν
314 2786 747 2854 ἀντιϐολοῦντες,
769 2790 988 2855 καὶτὰς
1010 2793 1228 2862 εὐαγεῖς
1259 2796 1474 2859 ὲκείνας
1502 2796 1742 2867 λειτουρ-

161 2874 284 2941 γίας
312 2877 649 2947 ποιούμενοι,
710 2879 800 2933 διὰ
841 2881 935 2934 δύο
961 2882 1019 2935 δὲ
1073 2885 1297 2954 ἡμερῶν
1350 2886 1460 2939 τῶν
1508 2885 1743 2941 εὐτελῶν

161 2966 389 3020 ἐκείνων
453 2968 638 3022 σιτίων
702 2961 1226 3041 μεταλαγχάνοντες.
1296 2977 1406 3030 Καὶ
1465 2978 1551 3030 ἵνα
1616 2979 1742 3041 τοὺς

159 3059 355 3121 ἄλλους
384 3060 694 3125 καταλίπω,
728 3063 788 3115 οὐ
822 3064 977 3133 σιγῆς
1022 3064 1181 3129 ὄντας
1218 3067 1422 3132 ἀξίους,
1466 3070 1741 3139 εὐφημίας

158 3151 228 3248 δὲ-
260 3151 357 3203 xci.
391 3151 629 3248 ἐπαίνων
660 3156 965 3248 -παντοίων,
1016 3156 1132 3211 ἀλλ’
1179 3159 1265 3210 ἵνα
1326 3161 1400 3230 μὴ
1457 3161 1603 3231 πέρα
1644 3162 1739 3215 τοῦ
1768 3190 1810 3248 C

165 3243 371 3311 μέτρου
406 3244 617 3312 μακρὸν
655 3246 981 3317 ὲργάσωμαι
1019 3248 1079 3301 τὸ
1106 3248 1382 3320 διήγημαο
1411 3252 1629 3319 ἐγένετό
1656 3270 1740 3317 τις

160 3337 218 3385 ἐν
250 3335 452 3404 ἐκείνῳ
481 3335 559 3405 τῷ
583 3335 714 3405 θείῳ
758 3339 963 3409 χωρίῳ,
1003 3340 1202 3394 Ἀδὸἄν
1227 3341 1283 3394 δὲ
1332 3343 1492 3395 αὐτὸν
1538 3345 1740 3415 δνομά-

159 3426 393 3491 ζουσιν,
453 3428 516 3491 ὃς
574 3430 639 3480 ὲκ
689 3428 791 3499 μὲν
838 3432 938 3500 τῆς
993 3432 1383 3501 Ἰσμαηλίτιδος
1439 3435 1739 3506 ἐϐλάστησε

162 3518 344 3586 ῥίζης,
377 3518 478 3571 οὐκ
510 3520 798 3592 ἀπῳκίσθη
827 3521 883 3574 δὲ
914 3522 1015 3591 τῆς
1042 3524 1440 3595 ’Δὸρααμιαίας
1486 3529 1627 3581 κατά
1650 3529 1741 3581 τὸν

161 3611 433 3678 πρόγονον
460 3611 658 3675 οίκίας,
685 3611 823 3665 ἀλλά
851 3614 949 3682 τῆς
979 3614 1240 3684 πατρῴας
1274 3617 1637 3688 κληρονομίας
1663 3618 1744 3689 τῷ

176 3701 366 3753 Ἰσαὰκ
400 3701 731 3774 ἐκοινώνησε
756 3744 771 3770 ,
809 3704 1013 3773 μᾶλλον
1057 3705 1112 3758 δὲ
1149 3709 1320 3779 αὐτὴν
1368 3711 1585 3780 ἥρπασε
1635 3712 1744 3765 τῶν

161 3792 414 3862 οὐρανῶν
445 3792 543 3864 τὴν
581 3793 888 3864 βασιλείαν·
922 3789 1076 3860 οὗτος
1107 3799 1267 3862 εὐθὺς
1305 3802 1403 3869 μὲν
1443 3802 1543 3872 τῆς
1572 3805 1745 3873 ἀσκη-

160 3888 323 3955 τικῆς
354 3885 561 3957 ταύτης
590 3886 769 3957 ἥψατο
813 3887 1107 3953 πολιτείας,
1151 3892 1304 3957 παρά
1333 3910 1438 3946 τινι
1488 3895 1743 3963 τηνικάδε

163 3977 261 4047 τὴν
284 3976 494 4047 ἔρημον
526 3978 762 4031 οἰκοῦντι
783 3983 1071 4051 γυμναστῇ
1091 3982 1201 4034 τῶν
1226 3983 1481 4037 τοιούτων
1502 3986 1709 4057 ἀρίστῳ
1724 4003 1738 4017 ·

162 4069 449 4141 Μαρωσᾶς
495 4068 552 4122 δὲ
586 4064 654 4140 ἦν
692 4069 862 4141 ὄνομα
896 4071 1064 4142 αὐτῷ.
1117 4074 1273 4127 Μετὰ
1320 4074 1378 4127 δὲ
1419 4074 1591 4128 ταῦτα
1650 4077 1745 4131 καὶ

162 4160 413 4225 ἐκεῖνος,
452 4159 517 4211 τὸ
587 4158 791 4230 ἐτέρων
843 4163 1199 4231 ἡγεμονεύειν
1248 4165 1601 4231 καταλιπὼν,
1664 4169 1744 4230 είς

162 4250 371 4319 ταύτην
414 4250 511 4302 σύν
538 4249 617 4319 τῷ
652 4250 822 4323 ’Δδὸᾷ
857 4253 957 4322 τὴν
979 4254 1184 4325 ἀγέλην
1210 4256 1459 4324 ἀφίκετο,
1496 4258 1590 4310 καὶ
1618 4259 1744 4329 χρό-

164 4358 256 4393 νον
288 4342 389 4409 μὲν
416 4341 477 4393 οὐ
515 4340 711 4412 μικρὸν
752 4343 977 4408 ὲπεὸίω,
1013 4344 1281 4415 λαμπρῶς
1307 4345 1363 4398 δὲ
1392 4349 1745 4418 ἀγωνισάμε-

163 4448 256 4495 νος
298 4432 392 4485 xui.
442 4432 686 4503 ἀοίδιμος
715 4433 1004 4505 γενόμενος
1046 4435 1313 4507 ὑπεξῆλθε
1369 4439 1461 4491 τὸν
1512 4438 1643 4508 βίον.
1685 4441 1744 4493 '0

1836 1946 2113 2017 permisit.
2151 1942 2338 1998 Talem
2371 1943 2417 1996 is
2446 1941 2690 1996 fructum
2725 1958 2793 1996 ex
2834 1943 3017 2013 magni
3045 1940 3268 1997 Eusebii
3299 1958 3423 1996 eim-

1838 2037 2132 2094 suetudine
2173 2035 2440 2106 percepit.

1908 2155 2032 2209 Vidi
2051 2166 2104 2209 et
2122 2155 2259 2207 alios
2276 2149 2566 2223 quoquein
2589 2150 2781 2205 eodem
2798 2148 3021 2219 tugurio
3042 2148 3273 2218 lmjusce
3296 2148 3419 2217 phi-

1838 2246 2101 2315 losophiae
2119 2251 2395 2299 amatores
2406 2252 2458 2297 et
2475 2242 2829 2297 :emulatores
2851 2254 2959 2294 non
2983 2239 3423 2309 paucos,llorcnti

1838 2339 2103 2410 quosdam
2132 2345 2312 2402 aetate,
2339 2336 2481 2389 alios
2505 2331 2782 2403 profunda
2841 2341 3145 2395 senectute,
3169 2332 3264 2405 qui
3294 2347 3419 2385 eum

1838 2448 2016 2487 annos
2046 2436 2270 2501 agerent
2301 2431 2317 2448 ¹
2349 2441 2514 2497 supra
2543 2425 2866 2494 nonaginta,
2895 2424 3226 2478 laboriosam
3257 2431 3429 2476 vitam

1838 2525 2153 2593 relinquere
2176 2521 2496 2583 noluerunt,
2524 2517 2619 2573 sed
2642 2514 2913 2571 obeundis
2935 2515 3197 2587 juvenum
3224 2516 3427 2569 labm-i-

1840 2615 1943 2670 bus
1967 2616 2320 2675 claruerunt,
2347 2618 2537 2664 noctes
2565 2608 2792 2677 diesque
2820 2606 2991 2661 Deum
3019 2607 3311 2685 laudantes
3329 2650 3341 2668 .
3375 2618 3427 2661 et

1841 2720 1998 2761 sacra
2023 2704 2113 2758 illa
2136 2701 2311 2757 ofﬁcia
2337 2709 2692 2772 peragentes,
2712 2699 2918 2770 vilique
2938 2699 3030 2752 illo
3050 2700 3175 2753 cibo
3195 2708 3317 2769 post
3341 2699 3424 2753 hi-

1840 2794 2008 2849 duum
2036 2794 2371 2846 victitantes.
2409 2788 2479 2842 Ut
2513 2788 2651 2843 alios
2683 2796 2898 2850 autem,
2936 2802 3045 2841 non
3077 2790 3298 2841 silent.o
3330 2789 3429 2842 sed

1843 2886 2003 2940 laude
2029 2894 2083 2939 et
2110 2882 2594 2937 commendatione
2620 2879 2817 2949 dignos
2834 2918 2847 2940 ,
2870 2879 3286 2948 prmtermittam
3308 2921 3322 2943 ,
3356 2896 3423 2933 ne

1842 2978 2111 3048 prolixior
2133 2980 2296 3046 quam
2322 2981 2521 3044 parest
2538 2972 2630 3026 ﬁat
2652 2973 2920 3032 narratio,
2941 2970 3041 3023 fuit
3062 2972 3114 3024 in
3132 2970 3316 3025 divino
3337 2972 3427 3025 illo

1843 3071 1965 3124 loco
1992 3069 2240 3138 quidam,
2267 3066 2451 3120 Abhas
2481 3065 2725 3123 nomine.
2752 3080 2816 3118 ex
2847 3063 3177 3119 lsuiaelitide
3205 3064 3427 3133 quidem

1844 3158 2029 3212 radice
2049 3155 2341 3219 oriundus,
2359 3169 2545 3209 verum
2560 3168 2629 3207 ex
2647 3154 2880 3208 Abrahae
2898 3154 3064 3208 domo
3086 3169 3426 3222 nequaquam

1846 3251 2075 3318 eiectus,
2101 3249 2241 3302 sicut
2264 3249 2354 3302 ille
2385 3262 2413 3299 a
2446 3262 2555 3316 quo
2584 3262 2760 3316 genus
2790 3245 3061 3301 duxerat:
3093 3247 3185 3300 sed
3217 3247 3308 3314 qui
3338 3264 3429 3314 pa-

1847 3350 2018 3395 ternm
2050 3339 2382 3393 haereditatis
2410 3352 2536 3391 cum
2568 3335 2755 3391 lsaaco
2790 3338 3060 3406 particeps
3094 3336 3274 3391 factus
3308 3350 3389 3390 est
3414 3379 3428 3399 ,

1846 3434 1931 3488 vel
1961 3434 2139 3503 ipsum
2174 3433 2355 3501 potius
2378 3431 2560 3498 rapuit
2584 3443 2808 3498 regnum
2836 3430 3125 3483 caelorum.
3156 3430 3207 3483 ls
3233 3446 3429 3489 numa-

1849 3526 2000 3580 stica:
2026 3524 2189 3592 hujus
2215 3522 2633 3577 exercitationis
2654 3521 2878 3575 exordia
2902 3521 3058 3574 duxit
3083 3523 3223 3590 apud
3249 3538 3433 3591 quem--

1849 3617 1972 3671 dam
1995 3658 2007 3680 ,
2032 3616 2122 3685 qui
2149 3630 2392 3669 eremum
2427 3624 2556 3667 tunc
2585 3614 2866 3668 habitabat
2887 3654 2902 3676 ,
2932 3614 3200 3680 optimum
3235 3615 3429 3666 harum

1850 3723 2032 3763 rerum
2059 3706 2405 3775 magistrum,
2438 3704 2526 3758 cui
2555 3719 2752 3759 nomen
2777 3704 3043 3779 Marosas.
3072 3703 3269 3757 Postea
3301 3720 3431 3758 vero

1850 3799 1940 3853 hic
1963 3812 2185 3868 quoque.
2214 3796 2336 3850 aliis
2369 3810 2604 3865 praeesse
2634 3797 2915 3857 desinens,
2948 3796 3013 3848 ad
3045 3811 3260 3865 gregem
3290 3796 3431 3851 hunc

1848 3907 1975 3946 cum
2038 3891 2192 3945 Abba
2247 3890 2396 3945 venit
2444 3906 2459 3944 :
2510 3889 2725 3960 1160
2774 3903 2877 3942 nec
2924 3903 3090 3957 parvo
3140 3898 3425 3957 superstes

1850 3993 2095 4045 tempore
2116 4024 2131 4047 ,
2154 3991 2279 4051 post
2301 3983 2563 4052 przeclara
2587 3980 2891 4036 certamina
2923 3981 3192 4034 celebrem
3227 3982 3427 4034 famam

1851 4076 2081 4144 adeptus
2103 4074 2340 4129 excessit
2380 4090 2411 4129 e
2467 4074 2601 4128 vita.
2653 4073 2748 4127 Ille
2804 4080 2985 4126 autem
3035 4080 3162 4125 octo
3214 4072 3325 4140 jam
3377 4082 3430 4124 et

1852 4167 2074 4237 triginta
2098 4166 2172 4219 ibi
2198 4180 2375 4220 annos
2395 4165 2665 4235 transegit
2691 4204 2705 4228 ,
2738 4172 2793 4219 et
2815 4163 2972 4232 quasi
3002 4163 3255 4216 laborare
3286 4177 3429 4219 nunc

1851 4258 2117 4326 inciperet
2141 4295 2157 4320 ,
2197 4256 2279 4311 sic
2315 4256 2566 4311 laborare
2613 4254 2914 4310 desiderat.
2951 4253 3086 4308 Nam
3122 4256 3174 4307 in
3215 4255 3430 4309 hodier-

1850 4367 1983 4405 num
2018 4364 2192 4418 usque
2235 4349 2378 4403 diem
2430 4347 2597 4417 pedes
2643 4347 2848 4402 calceis
2900 4363 3179 4417 nunquam
3238 4348 3366 4401 texit
3413 4366 3425 4399 :

1851 4460 1975 4500 cum
2031 4442 2208 4511 frigus
2261 4450 2378 4504 est,
2441 4440 2498 4494 in
2548 4440 2741 4494 umbra
2787 4438 2991 4503 haeret,
3048 4454 3171 4491 cum
3228 4447 3425 4498 a‘stus.

163 4525 223 4576 δὲ
257 4522 407 4576 ὀκτὼ
468 4524 567 4592 μὲν
623 4525 726 4595 ήδη
781 4528 876 4581 καὶ
931 4527 1224 4598 τριάκοντα
1273 4530 1391 4581 ἐκεῖ
1446 4531 1743 4585 διετέλεσεν

1852 4537 2024 4591 solem
2061 4541 2277 4605 captat,
2310 4533 2539 4602 ejusque
2578 4531 2778 4586 ardore
2827 4531 2976 4584 velut
3027 4530 3248 4601 zephyri
3297 4546 3429 4583 aura

164 4607 284 4683 ἐτη,
337 4614 419 4678 ὼς
469 4616 696 4685 ἔναγχος
731 4617 789 4670 δὲ
842 4618 937 4671 τοῦ
982 4622 1163 4673 πονεῖν
1205 4620 1529 4690 ἀρξάμενος,
1576 4624 1747 4689 οὕτως

165 4706 382 4773 ἐφίεται
408 4706 504 4759 τοῦ
526 4710 731 4762 πονεῖν.
767 4709 947 4781 Μέχρι
992 4710 1102 4783 γὰρ
1132 4713 1228 4765 καὶ
1268 4714 1509 4784 τήμερον
1551 4716 1748 4785 ὐποδή-

168 4812 307 4864 μασι
340 4797 440 4865 μὲν
468 4798 593 4861 τοὺς
630 4798 797 4861 πόδας
821 4802 923 4852 οὐκ
969 4802 1209 4871 ἐκάλυψε
1237 4804 1479 4869 πώποτε,
1517 4808 1584 4875 τῇ
1620 4808 1748 4877 σκιᾷ

165 4887 227 4939 δὲ
273 4887 659 4957 προσεδρεύων
710 4890 769 4942 ἐν
813 4890 892 4961 τῷ
945 4894 1178 4963 κρυμῷ,
1226 4896 1318 4947 τὸν
1363 4896 1517 4967 ἥλιον
1564 4900 1622 4951 ὲν
1668 4900 1747 4969 τῷ

170 4976 404 5047 φλογμῷ
450 4979 828 5050 καταδέχεται,
876 4984 971 5036 καὶ
1028 4984 1104 5046 ὡς
1154 4985 1391 5055 ζεφύρου
1440 4984 1613 5058 αὔραν
1650 4990 1748 5060 τὴν

168 5070 386 5121 ἐκεῖθεν
408 5069 626 5139 δέχεται
654 5072 850 5140 φλόγα.
886 5074 1142 5128 Ἀπαντα
1169 5076 1226 5129 δὲ
1267 5076 1457 5130 τοῦτον
1494 5080 1586 5133 τὸν
1625 5087 1748 5150 χρὸ-

170 5174 263 5209 νον
318 5157 507 5222 ὖδατος
565 5160 888 5233 μεταλαχεῖν
943 5164 1043 5217 οὐκ
1084 5167 1364 5240 ἠνέσχετο,
1421 5169 1524 5221 οὐκ
1570 5171 1750 5223 ἐκεῖνα

170 5249 393 5313 ἐσθίων.
431 5250 468 5305 ἃ
493 5255 604 5315 τοῖς
630 5253 690 5306 τὸ
721 5254 797 5324 μὴ
828 5254 1004 5308 πίνειν
1044 5256 1421 5327 ἐπιτηδεύουσι
1448 5261 1749 5332 προσφέρε-

172 5343 299 5397 σθαι
346 5342 613 5413 σύνηθεςο
675 5345 988 5417 ὐγροτέρων
1024 5349 1135 5417 γὰρ
1187 5342 1333 5403 οὗτοι
1392 5352 1579 5404 σιτίων
1614 5354 1749 5405 ἀπο-

170 5434 360 5488 λαύειν
388 5435 643 5491 εἰώθασιν
665 5452 678 5465 ·
721 5436 859 5490 ἀλλὰ
898 5439 1003 5491 τῶν
1048 5439 1226 5493 αὐτῶν
1269 5444 1378 5504 τοῖς
1408 5443 1586 5505 ἄλλοις
1623 5445 1754 5497 ἀπο·

170 5527 356 5580 λαύων
387 5528 591 5588 σιτίων.
639 5529 834 5583 ἐσθίων
864 5530 921 5582 δὲ
961 5530 1184 5602 βραχέα,
1222 5536 1314 5586 καὶ
1368 5535 1467 5587 ὃσα
1498 5536 1751 5607 βραχεῖαν

174 5619 417 5689 ἐντίθησι
453 5620 704 5687 δύναμιν,
741 5625 1003 5696 περιττὴν
1048 5627 1261 5696 ἡγεῖται
1306 5628 1404 5698 τὴν
1436 5630 1529 5681 τοῦ
1567 5628 1755 5691 ὓδατος

257 5761 280 5798 ⁸
343 5774 543 5845 Ιίνιιις.
586 5795 654 5843 iv,
684 5778 775 5834 9.6.

1852 4628 2182 4682 delectatur.
2215 4623 2355 4679 Toto
2387 4624 2492 4678 hoc
2520 4633 2768 4693 tempore
2793 4637 2993 4692 aquam
3033 4637 3136 4675 nou
3169 4622 3427 4689 gustavit,

1854 4732 1954 4772 nec
1986 4717 2124 4772 cibis
2159 4716 2270 4771 illis
2313 4731 2447 4771 usus
2474 4722 2591 4781 est,
2650 4714 2852 4785 quibus
2901 4713 3048 4767 vesci
3102 4715 3281 4766 solent
3336 4713 3429 4780 qui

1855 4817 1985 4879 potu
2023 4808 2305 4863 abstinent
2349 4806 2774 4876 (humidioribus
2804 4805 2951 4858 enim
3003 4805 3080 4857 uti
3127 4819 3430 4857 consueve-

1854 4902 2029 4970 runt),
2060 4900 2155 4955 sed
2188 4896 2384 4954 iisdem
2422 4913 2653 4968 prorsus
2678 4896 2847 4967 ipsis,
2878 4896 3077 4965 quibus
3102 4895 3212 4948 alii.
3251 4893 3432 4947 Pauca

1853 5008 2090 5063 namque
2121 4992 2416 5047 comedens
2444 5034 2457 5056 ,
2492 5001 2545 5045 et
2571 5005 2692 5060 quae
2727 4991 2871 5043 vires
2905 4989 3130 5055 exiguas
3163 4986 3431 5049 atterunt,

1859 5093 2045 5154 potum
2103 5098 2259 5153 aquae
2312 5096 2781 5151 supervacaneum
2842 5088 3018 5148 putat.
3075 5075 3229 5132 Ferri
3292 5082 3437 5131 mole

1856 5178 2073 5229 lumbos
2102 5176 2433 5245 praecinctus
2484 5187 2610 5227 raro
2651 5171 2842 5237 sedet,
2898 5170 3191 5238 noctisque
3237 5184 3300 5222 ac
3322 5168 3435 5222 diei

1856 5274 2068 5337 partem
2106 5265 2399 5318 maximam
2431 5263 2510 5315 vel
2547 5270 2702 5316 stans
2731 5262 2810 5316 vel
2854 5260 3090 5329 genibus
3130 5259 3291 5311 nixus
3334 5257 3436 5311 Do-

1858 5359 2007 5413 mino
2039 5372 2228 5427 preces
2253 5355 2432 5410 oil‘ert.
2476 5353 2804 5408 Accubitum
2856 5354 2960 5407 sibi
3008 5352 3231 5421 penitus
3268 5352 3438 5403 inter-

1856 5451 2028 5515 dixit,
2062 5463 2163 5502 nee
2198 5447 2609 5501 accumbentem
2645 5445 2796 5497 illum
2828 5448 3097 5497 hactenus
3140 5443 3433 5511 quisquam

1868 5542 1992 5592 ridit
2035 5559 2046 5591 :
2082 5539 2173 5593 sed
2208 5554 2273 5593 ex
2302 5554 2412 5608 quo
2445 5539 2702 5607 princeps
2742 5538 2899 5590 chori
2932 5536 3109 5588 factus
3147 5542 3228 5586 est
3251 5576 3263 5597 ,
3301 5548 3437 5599 prm-

1864 5631 2242 5700 l’ecturamque
2276 5628 2532 5693 sortitus,
2573 5639 2743 5682 totum
2780 5630 2923 5682 hunc
2975 5627 3216 5680 laborem
3261 5626 3430 5677 atat-ri
