4206 6456
763 356 892 421 135i

1708 350 2194 410 TllEODOZ‘tETl
2227 348 2561 410 EPISCOPI
2594 348 2957 410 CYRENSIS

3893 356 4045 422 1352

761 470 866 522 fert
896 470 1119 532 animo,
1168 472 1413 525 subditis
1454 474 1769 542 exemplum
1813 472 2056 540 seipsuin
2106 472 2352 538 pizbens

2458 471 2665 537 χρείαν,
2696 470 2908 539 nam)
2936 470 2990 521 δὲ
3027 468 3184 539 βερεῖ
3220 472 3319 542 τὴν
3352 473 3522 540 ac?”
3558 476 3868 544 ἑζωσμένος
3900 480 4047 528 ani-3-

762 563 1149 629 pfiilosopliiw.
1218 562 1553 630 Hujusmodi
1633 563 2038 630 triumphantes
2112 560 2349 613 athletas

760 655 985 706 divinus
1016 654 1287 709 Eusebius
1311 658 1678 711 certaminum
1707 655 1939 710 istorum
1971 654 2268 725 padotriba
2296 662 2352 708 et

759 748 1098 800 exercitator
1126 746 1360 801 Domino
1382 750 1656 803 exhibuit.
1693 749 1761 802 Et
1784 758 1914 803 cum
1945 749 2082 800 alios
2105 748 2353 815 complu-

761 850 849 887 res
874 836 1011 887 tales
1036 836 1403 901 reddidisset,
1423 838 1488 891 ad
1513 839 1653 893 alias
1675 854 1770 893 eos
1793 839 2074 908 palzestras
2094 837 2350 891 doctores

763 927 1074 981 transmisit
1099 968 1115 990 ,
1148 934 1167 949 '
1191 930 1284 996 qui
1310 937 1485 983 totum
1514 931 1668 983 illum
1698 944 1917 983 sacrum
1941 937 2182 980 montem
2207 928 2350 979 divi-

760 1018 847 1071 nis
870 1018 953 1073 his
975 1022 1151 1089 pratis
1172 1029 1227 1092 et
1255 1020 1501 1074 odoratis
1532 1021 1763 1074 ﬂoribus
1791 1020 2179 1087 impleverunt.
2215 1015 2348 1068 Nam

759 1124 888 1163 cum
932 1112 1203 1164 orientem
1256 1122 1535 1181 spectaret
1584 1111 1821 1179 primum
1872 1110 1995 1177 ejus
2048 1108 2349 1161 asceticum

760 1204 1082 1270 tugurium,
1139 1219 1287 1256 nunc
1331 1203 1457 1271 ejus
1510 1202 1875 1272 pliil050phi2
1916 1201 2248 1271 propagines
2285 1197 2351 1249 ad

756 1295 1105 1349 occidentem
1174 1310 1396 1362 quoque
1475 1309 1541 1347 ac
1622 1295 1907 1346 meridiem
1972 1291 2160 1343 videre
2235 1298 2350 1349 est,

764 1386 973 1456 1161
1010 1386 1175 1440 veluti
1227 1387 1419 1440 stellas
1470 1386 1737 1454 quasdam
1776 1386 1923 1437 circa
1978 1385 2161 1434 lunam
2210 1379 2350 1433 emi-

760 1487 954 1531 cantes
988 1496 999 1529 :
1038 1490 1207 1545 atque
1256 1479 1399 1530 alius
1438 1478 1656 1546 quidem
1698 1475 1887 1527 Graca
1915 1514 1929 1537 ,
1966 1475 2106 1527 alios
2139 1474 2260 1539 ejus
2298 1473 2350 1523 in

759 1584 868 1636 qua
898 1578 1192 1623 versantur
1216 1570 1460 1637 regionis
1490 1570 1674 1637 lingua
1696 1568 2014 1621 Creatorem
2038 1567 2347 1619 laudantes.

762 1659 871 1710 Sed
928 1675 1041 1712 rem
1090 1660 1406 1727 aggredior,
1446 1673 1567 1727 quae
1617 1658 1732 1711 lieri
1789 1658 2021 1726 nequit,
2074 1658 2119 1711 si
2168 1657 2349 1708 omnia

757 1751 944 1803 divina
998 1750 1153 1803 illius
1201 1753 1397 1803 animze
1444 1760 1595 1818 gesta
1632 1750 1888 1818 persequi
1944 1749 2126 1803 velim.
2173 1746 2355 1811 Quare

759 1844 1067 1897 narrationi
1106 1844 1235 1896 huic
1282 1843 1405 1897 linis
1440 1842 1811 1911 itnponendus
1845 1851 1966 1905 est,
1998 1849 2054 1895 et
2085 1842 2151 1894 ad
2188 1841 2348 1893 aliam

757 1935 1131 1989 convertenda
1181 1935 1398 1997 oratio,
1446 1946 1612 2002 atque
1671 1934 1824 1987 illinc
1878 1949 2071 1986 rursus
2119 1932 2351 2001 petenda

754 2028 1004 2092 utilitas,
1057 2027 1149 2080 ubi
1197 2028 1391 2079 borum
1450 2041 1775 2096 magnorum
1822 2025 2072 2079 virorum
2129 2024 2351 2077 benedi-

758 2120 995 2174 i-tionem
1032 2119 1534 2188 imploraverimus.

2451 576 2578 627 ηται
2618 561 2718 629 μὲν
2753 562 3021 626 ὀλιγάκις,
3076 562 3175 629 τῆς
3210 562 3488 627 δὲνυκτδς
3534 566 3629 616 καὶ
3680 567 3781 634 τῆς
3812 567 4043 635 ἡμέρας

2450 650 2511 702 τὸ
2540 651 2704 703 πλέον
2724 650 2993 720 ἑστηκὼς,
3029 652 3062 721 ἦ
3094 654 3189 704 ἐπὶ
3216 654 3326 705 τῶν
3354 656 3597 719 γονάτων
3630 658 3911 723 κείμενος,
3936 660 4043 724 τὴν

2450 742 2547 808 τῆς
2570 743 2737 811 εὐχῆς
2755 742 2834 812 τῷ
2858 744 3106 813 Δεσπότη
3129 744 3473 814 λειτουργίαν
3494 748 3819 817 προσφέρει,
3842 750 3951 813 τῆς
3976 750 4041 799 δὲ

2451 836 2827 898 κατακλίσεως
2860 837 3141 899 παντελῶς
3173 840 3274 905 τὴν
3320 839 3516 907 χρείαν
3548 840 3785 907 ἠρνήθη.
3838 841 4043 902 Οιδεὶς

2450 927 2562 996 γὰρ
2584 926 2747 979 αὐτὸν
2768 927 3169 979 κατακλιθέντα
3203 930 3366 997 μέχρι
3392 929 3487 980 καὶ
3510 931 3749 999 τήμερον
3768 931 4045 984 ἐθεάσατο

2452 1018 2695 1082 πώποτε,
2727 1019 2863 1071 ἀλλὰ
2894 1020 2985 1071 καὶ
3013 1019 3105 1071 τοῦ
3150 1022 3313 1091 χοροῦ
3345 1025 3642 1091 κορυφαῖος
3671 1024 4039 1089 amnes;

2451 1112 2549 1161 καὶ
2584 1110 2979 1179 προστατεύειν
3002 1110 3203 1180 λαχὼν,
3234 1113 3423 1164 τοῦτον
3452 1115 3667 1166 ᾶπαντα
3701 1114 3863 1181 φέρει
3900 1130 4042 1181 προο

2453 1200 2640 1268 θύμως
2662 1202 2753 1252 τὸν
2784 1203 2968 1264 πόνον,
2999 1204 3306 1273 ἀρχέτυπον
3342 1206 3533 1257 ἑαυτὸν
3572 1206 3900 1273 ᾳιλοσοφίας
3928 1209 4046 1268 τᾶς

2454 1293 2717 1363 ὑπηκόοις
2741 1298 2877 1347 πᾶσι
2908 1296 3208 1361 προτιθείς.
3227 1298 3516 1359 Τοιούτους
3540 1301 3872 1368 νικηφὸρους
3896 1300 4045 1364 ὰγωε

2452 1384 2638 1446 νιστας
2667 1386 2696 1434 ὁ
2736 1386 2883 1449 θεῖος
2916 1388 3219 1448 Εὐσέϐιοςὸ
3246 1389 3409 1440 τῶνδε
3444 1388 3553 1439 τῶν
3583 1390 3812 1455 ἀγώνων
3844 1392 4043 1442 παιδο-

2452 1475 2646 1543 τρίϐης
2668 1475 2761 1527 καὶ
2783 1477 3103 1545 γυμναστὴς
3125 1477 3438 1544 παρέστησε
3461 1478 3537 1546 τῷ
3557 1479 3696 1548 Θεῷ.
3714 1480 3824 1532 Καὶ
3844 1479 4044 1540 ἄλλοις

2452 1565 2508 1616 δὲ
2565 1567 2849 1630 πλείστους
2900 1570 3187 1637 ἀποφήνας
3232 1570 3529 1632 τοιούτους,
3576 1571 3792 1640 ἑτέραις
3836 1571 4044 1622 παλαξ-

2454 1669 2646 1723 στραις
2692 1656 3049 1717 διδασκάλους
3101 1657 3487 1726 παρέπεμψεν,
3531 1658 3582 1708 οἳ
3627 1659 3687 1711 τὸ
3729 1660 3856 1726 δρος
3892 1658 4045 1711 ἅπαν

2455 1746 2632 1797 ἐκεῖνο
2675 1746 2737 1797 τὸ
2787 1747 2931 1816 ἱερὸν
2978 1748 3091 1799 τῶν
3136 1748 3298 1800 θείων
3350 1753 3556 1802 τούτων
3604 1750 3892 1819 λειμώνων
3947 1751 4044 1801 καὶ

2457 1836 2671 1889 εὐωδῶν
2706 1838 2917 1890 ἀνθέων
2964 1840 3312 1908 ἐπλήρωσαν.
3367 1841 3511 1911 Προς
3558 1841 3633 1893 ἕω
3670 1843 3779 1909 γαρ
3822 1840 3928 1908 τῆς
3983 1838 4045 1901 ἐξ

2458 1930 2637 1999 ἀρχῆς
2700 1931 2970 2000 παγείσης
3036 1934 3341 2000 ἀπητικῆς
3395 1934 3669 2003 καλύεης,
3740 1934 3836 1985 καὶ
3904 1933 4045 2001 πρὸς

2456 2022 2699 2089 ἑσπέραν
2756 2023 2850 2075 καὶ
2893 2024 3246 2094 μεσημϐρίαν
3294 2025 3443 2078 ἔστιν
3504 2028 3630 2080 ἰδεῖν
3676 2028 3884 2095 ταύτης
3943 2026 4045 2093 τῆς

2456 2112 2777 2180 φιλοσοφίας
2807 2114 2876 2167 ca
2904 2116 3125 2183 ἔκγονα,
3171 2114 3287 2171 οἷὸν
3314 2137 3467 2183 τινας
3506 2122 3742 2191 ἀστέρας
3777 2121 3911 2189 περὶ
3954 2136 4045 2171 σε·

757 2211 926 2281 λήνην
970 2209 1313 2280 χορεύοντας,
1345 2209 1438 2260 καὶ
1487 2209 1612 2269 τοὺς
1659 2207 1759 2277 μὲν
1788 2209 1856 2277 τῇ
1890 2205 2122 2269 Ἑλλάδι,
2162 2204 2356 2264 ἄλλους
2417 2200 2475 2253 δὲ
2533 2205 2602 2272 τῇ
2658 2204 2914 2276 ἐγχωρίῳ
2967 2212 3120 2279 φωνῇ
3170 2211 3269 2277 τὴν
3323 2212 3556 2281 ποιητὴν
3637 2212 4040 2280 ἀωμνοίντας.

772 2302 934 2354 Ἀλλά
967 2303 1077 2371 γὰρ
1121 2301 1409 2363 ἀδυνάτοις
1453 2300 1739 2371 ἐπιχειρῶ,
1802 2300 1874 2352 τὰ
1924 2300 2029 2353 ὑπὸ
2070 2299 2169 2367 τῆς
2227 2298 2379 2360 θείας
2445 2298 2666 2366 ἐκείνης
2718 2303 3136 2371 κατορθωθέντα
3190 2305 3369 2374 ψυχῆς

3450 2308 3667 2360 ἅπαντα
3734 2306 4032 2369 διεξελθεῖν

759 2395 1066 2465 ἐφιέμενος.
1098 2393 1401 2464 Τοιγαροῦν
1436 2392 1569 2460 τῷδε
1600 2392 1679 2462 τῷ
1726 2393 2031 2461 διηγήματι
2064 2391 2125 2443 τὸ
2164 2390 2336 2459 πέρας
2376 2387 2677 2456 ὲπιθετέον,
2712 2394 2795 2461 ἐφ’
2829 2395 3016 2464 ἕτερον
3055 2395 3112 2448 δὲ
3140 2398 3426 2466 τρεπτέον.
3477 2400 3573 2450 καὶ
3655 2398 3754 2469 τὴν
3824 2397 4037 2449 ἐκεῖθεν

762 2486 927 2539 πάλιν
957 2484 1227 2554 ὠφέλειαν
1269 2482 1684 2554 προστεθετέον,
1732 2482 1831 2552 τῆς
1874 2482 2127 2550 εὐλογίας
2182 2478 2352 2533 τῶνδε
2391 2478 2647 2548 μεγάλων
2684 2483 2897 2554 ἀνδρῶν
2925 2486 3251 2555 μεταλαχεῖν
3280 2487 3613 2541 ἱκετεύοντα.

1303 2574 1369 2629 ν.
1428 2605 1474 2615 -
1507 2574 1853 2631 Ριῑθιιιυεμ

836 2668 1039 2723 Eodem
1065 2676 1313 2736 tempore
1360 2667 1463 2719 fuit
1490 2665 1740 2729 Publius,
1776 2674 1832 2719 et
1868 2665 2044 2719 forma
2084 2664 2358 2733 spectabi-

761 2761 913 2823 lis.et
946 2761 1127 2813 anima
1162 2758 1426 2828 przeditus
1458 2773 1582 2827 quae
1628 2757 1819 2813 forma:
1849 2757 2230 2819 conveniebat,
2267 2755 2355 2808 vel

756 2866 995 2921 corpore
1021 2852 1204 2920 potius
1238 2851 1396 2919 longe
1428 2850 1807 2905 admirabilior
1836 2862 1976 2904 erat.
2006 2851 2057 2903 ls
2079 2850 2356 2903 senatorio

760 2959 828 2998 ex
852 2942 1045 2997 ordine
1071 2942 1337 3012 originem
1379 2942 1613 3007 ducens,
1646 2942 1702 2995 in
1741 2956 1805 2995 ea
1837 2943 1971 2994 urbe
2013 2950 2180 2993 natus
2237 2947 2343 3001 est,

760 3034 905 3104 apud
943 3048 1107 3103 quam
1141 3031 1350 3087 Xerxes
1373 3033 1462 3087 ille
1498 3032 1916 3097 celeberrimus,
1954 3047 2079 3086 cum
2107 3039 2349 3083 moveret

764 3128 821 3179 in
854 3124 1143 3188 Graeciam,
1194 3133 1248 3179 et
1278 3127 1467 3194 copias
1516 3126 1683 3179 vellet
1731 3124 2064 3193 Euphratem
2122 3121 2347 3176 fluvium

761 3219 1039 3288 trajicere,
1057 3227 1387 3287 congregata
1406 3218 1625 3270 navium
1650 3216 2025 3277 multitudine,
2043 3215 2345 3283 iisdemque

764 3310 909 3364 inter
948 3324 1007 3363 se
1040 3309 1327 3373 connexis,
1361 3324 1428 3362 ac
1461 3316 1625 3377 ponte
1658 3309 1761 3361 hoc
1794 3307 1958 3360 modo
1995 3305 2205 3359 ﬂumini
2242 3305 2347 3358 itit-

763 3401 967 3470 posito,
992 3402 1170 3455 locum
1194 3400 1455 3471 Zeugma,
1492 3400 1544 3454 id
1572 3409 1652 3454 est
1680 3400 2003 3469 juncturam
2029 3398 2347 3468 appellavit,

767 3496 1003 3565 urbique
1030 3498 1100 3549 ab
1128 3504 1329 3550 eventu
1363 3511 1564 3549 nomen
1633 3495 1807 3549 dedit.
1877 3494 1953 3548 Ex
2013 3495 2119 3548 hoc
2172 3501 2348 3557 ortus,

764 3588 971 3656 talique
995 3602 1198 3655 genere
1229 3597 1580 3658 procreatus,
1611 3587 1819 3640 editum
1854 3586 2146 3653 quemdam
2172 3588 2349 3639 locum

766 3678 962 3732 stadiis
1001 3679 1073 3731 ab
1116 3679 1252 3732 urbe
1316 3694 1426 3732 non
1483 3677 1728 3747 amplius
1786 3678 2010 3746 triginta
2058 3679 2350 3731 distantem

762 3768 1081 3839 occupavit,
1119 3784 1397 3839 parvaque
1442 3769 1495 3821 in
1552 3784 1619 3822 eo
1661 3779 1944 3823 exstructa
1997 3769 2350 3829 domuncula,

766 3859 953 3914 omnia
985 3860 1235 3914 vendidit
1252 3874 1375 3929 qua:
1400 3874 1432 3913 a
1458 3870 1607 3929 patre
1650 3868 1957 3928 acceperat,
2010 3860 2256 3923 domum,
2300 3868 2353 3913 et

770 3963 955 4018 agros,
992 3957 1047 4003 et
1075 3965 1292 4021 greges,
1324 3959 1379 4005 et
1421 3958 1627 4015 vestes,
1688 3967 1929 4020 vasaque
1978 3963 2236 4021 argentea
2299 3960 2355 4005 ct

767 4054 946 4104 «enea,
980 4047 1035 4093 et
1076 4040 1270 4109 siquid
1297 4040 1447 4093 aliud
1484 4040 1822 4107 possidebat.
1858 4039 1926 4094 Et
1975 4056 2099 4094 cum
2134 4056 2198 4095 ea
2230 4042 2355 4109 qni-

772 4131 877 4185 bus
913 4145 1010 4200 par
1046 4140 1164 4186 erat
1193 4131 1595 4195 distribuisset,
1655 4146 1823 4201 seque
1899 4132 1967 4186 ab
2014 4133 2163 4185 omni
2219 4148 2354 4185 cura

772 4230 995 4277 terrena
1034 4223 1347 4288 liberasset,
1374 4236 1537 4275 unam
1578 4238 1678 4292 pro
1709 4223 1969 4278 oumibus
2006 4237 2197 4277 curam
2231 4238 2356 4277 sus-

773 4314 943 4383 cepit,
977 4315 1189 4384 1162
1222 4323 1281 4368 ut
1310 4316 1357 4368 ei
1411 4314 1644 4367 serviret
1676 4317 1771 4384 qtti
1829 4317 2005 4385 ipsum
2042 4325 2353 4373 \ocaVerat.

774 4414 829 4459 et
869 4406 1012 4459 hanc
1066 4408 1252 4458 animo
1297 4416 1560 4475 perpetuo
1606 4407 1897 4471 versabat,
1948 4414 2109 4461 nocte
2159 4406 2359 4473 dieque

772 4497 1235 4568 quemadmodum
1260 4513 1383 4551 eum
1413 4506 1637 4566 augeret
1664 4496 2045 4552 considerans.
2078 4496 2359 4562 Quamob-

2954 2576 3031 2630 Β.
3055 2607 3127 2617 -
3168 2578 3539 2631 ΠΟΥΠΛΙΟΣ.

2525 2668 2680 2721 Κατὰ
2705 2669 2798 2722 τὸν
2840 2670 3003 2722 αὐτὸν
3031 2672 3223 2740 χρόνον
3261 2672 3480 2738 ἐγένετό
3508 2687 3592 2733 τις
3620 2670 3915 2733 Πούπλιος,
3948 2672 4048 2725 καὶ

2452 2756 2513 2810 τὺ
2541 2755 2678 2821 εἶδος
2712 2759 3048 2823 ἀξιοθέατος,
3079 2763 3174 2814 καὶ
3201 2762 3298 2829 τὴν
3322 2762 3500 2832 ψυχὴν
3535 2762 3613 2830 τῷ
3645 2761 3777 2814 ειδει
3807 2764 4049 2831 συμϐαί-

2452 2869 2647 2906 νουσαν
2678 2853 2817 2921 ἔχων
2845 2871 2858 2883 ·
2900 2855 3100 2923 μᾶλλον
3125 2855 3182 2906 δὲ
3214 2853 3395 2922 πολλῷ
3420 2852 3514 2904 τοῦ
3547 2853 3797 2922 σώματος
3828 2855 4051 2923 θαυμα-

2456 2942 2715 3012 στοτέραν
2742 2943 3067 3006 ἐπιδεικνύς.
3100 2936 3271 3006 Οὗτος
3298 2946 3362 2996 ἐκ
3388 2943 3739 3016 ρουλευτικῆς
3770 2945 3872 3013 μὲν
3902 2963 4048 3015 συμ-

2459 3033 2654 3102 μορίας
2719 3034 3062 3105 ὁρμώμενος,
3121 3036 3276 3088 πόλιν
3312 3036 3370 3088 δέ
3399 3036 3539 3105 ἔχων
3580 3035 3703 3087 καθ’
3734 3038 3800 3106 ἣν
3836 3036 4051 3106 Ξέρξης

2456 3126 2662 3186 ἐκεῖνος
2693 3124 2722 3174 ὁ
2752 3125 3318 3196 πολυθρύλλητος,ἐπὶ
3338 3128 3438 3196 τὴν
3466 3126 3691 3179 Ἐλλάδα
3707 3129 4046 3196 στρατεύων,

2458 3214 2553 3265 καὶ
2595 3212 2687 3266 τὸν
2729 3216 2971 3284 ποταμὸν
3021 3218 3316 3287 Εὐφράτην
3371 3215 3623 3286 διαϐῆναι
3676 3217 3929 3269 σπεύδων
3980 3222 4047 3287 τῇ

2466 3308 2715 3375 στρατιᾷ.
2747 3307 2952 3376 πλῆθος
2982 3309 3118 3361 νεῶν
3167 3309 3549 3380 συναθροίσας,
3591 3310 3688 3362 καὶ
3714 3311 3921 3373 ταύτας
3950 3312 4049 3363 ἀλ-

2453 3396 2645 3467 λήλαις
2685 3400 2970 3466 συζεύξας,
2995 3401 3091 3455 καὶ
3139 3400 3317 3470 τούτῳ
3345 3400 3423 3471 τῷ
3454 3402 3641 3471 τρόπῳ
3671 3402 3765 3454 τὸν
3796 3404 4050 3471 ποταμὶν

2452 3492 2795 3563 γεφυρώσας,
2861 3494 3085 3562 Ζεῦγμα
3134 3494 3196 3547 τὸ
3254 3493 3454 3563 χωρίον
3509 3494 3783 3561 ὠνόμασε,
3824 3498 3920 3547 καὶ
3952 3497 4051 3563 τὴν

2451 3586 2560 3638 ἀπὸ
2610 3586 2703 3638 τοῦ
2766 3586 3097 3655 πράγματος
3152 3588 3350 3639 ἔδωκεν
3388 3587 3705 3655 ἐπωνυμίαν
3752 3592 3819 3657 τῇ
3872 3590 4048 3642 πόλει.

2466 3677 2746 3730 Ἐντεῦθεν
2791 3678 3136 3747 ὁρμώμενος,
3185 3679 3278 3731 καὶ
3316 3679 3425 3730 ἀπὸ
3462 3680 3704 3730 τοιούτου
3735 3679 3933 3743 γέιους
3957 3678 4050 3746 βεο

2454 3769 2797 3840 ϐλαστηκὼς,
2859 3769 3062 3838 ὖψηλὸν
3111 3786 3162 3822 τι
3208 3770 3408 3839 χωρίον
3462 3769 3903 3838 καταλαμϐάνει,
3947 3769 4043 3821 τοῦ

2454 3863 2645 3923 ἄστεος
2674 3862 2736 3913 οὑ
2766 3862 3007 3913 πλείοσιν
3038 3860 3070 3929 ἢ
3096 3861 3391 3931 τριάκοντα
3419 3860 3671 3923 σταδίους
3704 3861 4044 3931 ἀφεστηκός.

2468 3952 2557 4004 Ἐν
2586 3952 2759 4021 τούτῳ
2792 3951 2995 4022 βραχύν
3022 3969 3145 4004 τινα
3162 3953 3403 4005 οἰκίσκον
3422 3952 3777 4022 δειμάμενος,
3813 3954 4050 4007 ἀπέδοτο

2459 4042 2559 4110 μὲν
2589 4043 2821 4105 ἅπαντα,
2857 4043 2958 4095 ὅσα
2991 4043 3261 4112 πατρόθεν
3290 4043 3528 4106 ἐδέξατο,
3556 4044 3736 4096 οἰκίαν
3756 4046 3929 4113 φημὶ,
3958 4049 4051 4097 καὶ

2458 4136 2735 4203 κτήματα,
2766 4136 2860 4187 καὶ
2912 4134 3254 4203 βοσκήματα,
3309 4138 3406 4188 καὶ
3447 4135 3755 4204 ἐσθήματα,
3782 4136 3960 4202 σκεύη
3993 4155 4049 4188 τε

2458 4227 2679 4295 ἀργυρᾶ
2732 4228 2825 4277 καὶ
2865 4225 3060 4294 χαλκᾶ,
3111 4227 3208 4278 καὶ
3252 4224 3307 4277 εῐ
3359 4242 3411 4277 τι
3448 4227 3635 4294 ἓτερον
3676 4225 3816 4294 μετά
3842 4228 4054 4279 τούτων

2458 4315 2747 4383 ἐτύγχανε.
2784 4317 3076 4384 Διανείμας
3107 4316 3164 4368 δὲ
3194 4315 3370 4367 ταῦτα
3419 4315 3565 4371 κατὰ
3590 4314 3682 4367 τὸν
3708 4314 3852 4367 θεῖον
3887 4318 4055 4384 νόμον

2458 4403 2540 4470 οἷς
2570 4408 2696 4469 ἔδει,
2730 4408 2825 4459 καὶ
2849 4408 3030 4475 πάσης
3069 4407 3259 4458 ἑαυτὸν
3286 4406 3566 4474 φροντίδος
3596 4408 3790 4474 γηῖνης
3827 4407 4053 4458 ἐλευθε-

2463 4500 2665 4569 ρώσας,
2703 4499 2834 4568 μίαν
2874 4500 2993 4551 ἀντὶ
3026 4498 3243 4550 πάντων
3281 4496 3497 4564 ἐκείνην
3518 4496 3734 4559 ἐδέξατο
3769 4497 4051 4565 φροντίδα,

776 4604 892 4646 rem
919 4591 1076 4646 labor
1102 4591 1175 4643 illi
1205 4590 1493 4644 crescebat
1516 4592 1760 4654 assidue,
1784 4588 2068 4658 majorque
2094 4598 2148 4643 et
2178 4591 2351 4643 inten-

2460 4590 2557 4661 τὴν
2577 4590 2669 4641 τοῦ
2695 4589 3021 4651 καλέσαντος
3054 4587 3375 4658 θεραπείαν,
3403 4586 3498 4639 καὶ
3526 4584 3728 4655 ταύτην
3756 4586 4054 4639 ἀνελίττων

779 4687 895 4742 sior
940 4686 1102 4741 (iebat
1161 4687 1214 4739 in
1252 4685 1395 4751 dies,
1447 4686 1747 4756 suavisque
1799 4695 1919 4739 erat
1966 4694 2021 4740 et
2080 4687 2359 4755 voluptate

777 4778 994 4845 plenus,
1023 4776 1209 4846 procul
1251 4791 1444 4831 arcens
1496 4777 1825 4833 satietatem.
1888 4776 2022 4830 Nam
2073 4792 2143 4831 ne
2195 4779 2357 4831 mini-

777 4882 923 4922 mam
954 4868 1174 4937 quidem
1208 4867 1314 4923 diei
1339 4876 1546 4939 partem
1573 4869 1811 4921 otiosum
1855 4869 2009 4922 illum
2059 4870 2356 4938 quisquam

783 4961 917 5013 vidit
943 4979 955 5015 :
982 4960 1074 5015 sed
1096 4959 1459 5030 psalmodiam
1477 4961 1680 5025 oratio,
1702 4960 2008 5014 orationem
2031 4960 2359 5028 psalmudia,

779 5056 835 5105 et.
897 5052 1231 5118 utrumque“
1290 5050 1600 5104 divinorum
1648 5049 1815 5103 lectio
1870 5051 2202 5119 excipiebat.
2240 5060 2364 5118 post

783 5145 897 5197 hinc
932 5142 1270 5196 venientium
1302 5142 1583 5211 hospitum
1631 5156 1785 5203 cura,
1831 5150 1942 5194 tum
1994 5143 2102 5195 alia
2159 5141 2362 5196 deinde

782 5233 1097 5287 necessaria
1166 5248 1330 5299 opera
1377 5232 1768 5285 succedebant.
1807 5231 2132 5301 llujusmodi
2192 5234 2360 5286 vitam

782 5340 975 5396 agens,
1020 5332 1074 5380 et
1133 5324 1339 5377 imitari
1398 5323 1751 5393 cupientibus
1814 5325 2036 5378 virtutis
2084 5326 2363 5393 exemplar

783 5416 1030 5484 seipsum
1085 5428 1439 5485 proponens,
1496 5414 1648 5468 velut
1698 5414 2038 5483 suaviloquia
2112 5415 2360 5483 quiedam

780 5507 922 5571 avis,
984 5507 1189 5560 multos
1259 5505 1344 5559 sui
1402 5506 1621 5573 generis
1683 5506 1737 5559 in
1797 5505 2069 5560 salutares
2136 5506 2363 5575 laqueus

782 5598 978 5653 illexit.

2466 4683 2524 4732 ἐν
2580 4683 2645 4749 τῇ
2691 4680 2836 4750 ψυχῇ
2877 4680 3138 4749 διετήρει,
3180 4678 3398 4749 νύκτωρ
3426 4695 3487 4731 τε
3539 4679 3633 4731 καὶ
3676 4677 3793 4748 μεθ’
3836 4678 4055 4749 ἡμέραν

2469 4771 2860 4842 σκοπούμενος,
2915 4772 3063 4833 ὃπως
3115 4770 3315 4841 ταύτην
3347 4769 3623 4839 αὑξήσειε.
3658 4768 3863 4821 Τούτου
3888 4770 4056 4820 ἕνεκα

2465 4866 2494 4916 ὁ
2531 4863 2691 4925 πόνος
2744 4862 2892 4932 αύτῷ
2944 4862 3207 4931 διηνεκῶς
3255 4861 3469 4932 ηὔξετο,
3509 4863 3604 4915 καὶ
3649 4862 3900 4914 ἐπίτασιν
3932 4861 4058 4913 καθ’

2468 4954 2707 5022 ἑκάστην
2733 4956 2949 5023 ήμέραν
2986 4955 3220 5023 ἐδέχετο,
3255 4955 3348 5007 καὶ
3388 4953 3594 5021 γλυκὺς
3620 4949 3710 5023 ἦν,
3737 4954 3829 5005 καὶ
3857 4953 4059 5021 ἡδονῆς

2473 5046 2772 5109 ⁴ὶνςΞιπλειικς,
2806 5046 2902 5097 καὶ
2958 5045 3148 5113 πόρρω
3204 5045 3295 5096 τὸν
3338 5046 3500 5116 κόρον
3536 5044 3794 5097 ἐλαύνων.
3843 5044 3920 5095 Ού
3950 5046 4060 5109 γάρ

2477 5154 2549 5200 τις
2583 5138 2745 5189 αὑτὸν
2775 5136 3035 5189 ἐθεάσατο
3069 5139 3288 5188 πώποτε
3322 5136 3497 5206 βραχῦ
3538 5135 3668 5203 γοῦν
3700 5134 3886 5205 μορίον
3913 5137 4059 5203 ἠμέ-

2473 5247 2570 5301 ρας
2608 5229 2927 5297 ἀναπαύλης
2978 5229 3369 5299 μεταλαχόντα,
3403 5230 3539 5282 ἀλλὰ
3569 5229 3668 5297 τὴν
3699 5228 3797 5298 μέν
3823 5228 4059 5297 didym-

2466 5322 2586 5374 δίαν
2618 5323 2649 5392 ή
2676 5322 2829 5391 εὐχὴ,
2858 5321 2958 5388 τὴν
2979 5320 3035 5373 δὲ
3064 5320 3229 5391 εὐχὴν
3277 5323 3311 5390 ή
3350 5320 3657 5391 ψαλμῳδία,
3683 5320 3973 5389 ἀμφότερα
4000 5320 4057 5371 δὲ

2470 5418 2502 5484 ή
2530 5415 2637 5467 τῶν
2668 5414 2828 5466 θείων
2853 5413 3048 5480 λογίων
3076 5413 3382 5481 ἀνάγνωσις
3409 5413 3677 5482 διεδέχετο
3694 5430 3708 5443 ’
3743 5409 3859 5465 εἶτα
3884 5412 3920 5481 ἡ
3946 5412 4059 5462 τῶν

2472 5507 2885 5575 ἀφικνουμένων
2915 5506 3198 5576 ἐπιμέλεια
3222 5506 3415 5571 ξένων·
3467 5507 3656 5559 ἔπειτα
3702 5505 3831 5559 ἄλλο
3868 5521 3922 5557 τι
3947 5504 4061 5556 τῶν

2473 5599 2787 5664 ἀναγκαίων
2839 5596 3016 5668 ἔργων
3091 5598 3318 5665 ἐγίνετο.
3390 5599 3479 5651 Ἐν
3533 5598 3742 5661 τούτοις
3791 5598 3882 5652 τὸν
3940 5598 4059 5664 βίον

780 5692 1003 5757 ὁδεύων,
1058 5694 1152 5746 καὶ
1212 5694 1517 5763 ἀρχέτυπον
1566 5693 1763 5763 ἀρετῆς
1796 5695 1905 5754 τοῖς
1950 5692 2142 5763 ζηλοῦν
2183 5693 2525 5764 βουλομένοις
2560 5696 2939 5765 προκείμενος,
2990 5688 3077 5746 οἷά
3136 5711 3217 5757 τις
3268 5695 3416 5764 δρνις
3461 5695 3768 5759 εὐκέλαδος,
3828 5694 4057 5763 πολλοὺς

782 5784 892 5836 τῶν
926 5786 1210 5857 ὁμοφύλων
1246 5788 1323 5850 εἰς
1357 5787 1425 5841 τὰ
1478 5787 1717 5858 σωτήρια
1741 5787 1911 5839 ταῦτα
1948 5791 2231 5859 συνήγειρε
2266 5788 2532 5859 Θήρατρα.
