4206 6456
225 403 363 468 13ᾱῖ

1446 401 1850 461 RELIGIOSA
1893 401 2274 461 HISTORIA.

3337 414 3472 481 1354

300 515 464 568 Ἀλλά
518 531 620 567 κατ
698 514 871 584 ἀρχὰς
917 514 1014 583 μὲν
1086 512 1275 566 οὐδένα
1326 514 1571 565 σύνοικον
1649 512 1791 582 ἔχειν

1965 511 2231 567 Caeterum
2273 514 2429 569 initio
2460 517 2669 572 nullum
2706 520 2809 577 sub
2845 523 3036 579 eodem
3091 539 3276 581 secum
3330 536 3473 583 tecto

221 606 518 675 ἠνέσχετο·
557 605 778 676 βραχεῖς
808 605 863 658 δὲ
914 606 1187 667 οίκίσκους
1224 602 1553 673 ἀγχιθύρους
1583 603 1787 656 οἰκοδοο

220 692 363 763 μῶν,
395 694 559 746 αὐτὸν
605 694 729 746 καθ’
760 692 951 746 ἑαυτὸν
980 692 1209 745 ἕκαστον
1237 692 1346 774 τῶν
1393 693 1678 745 συνιόντων
1714 694 1793 746 δι-

217 785 376 851 άγειν
398 785 635 847 ἐκέλευε,
661 784 869 853 συχνῶς
892 783 1225 845 ἐπισκοπῶν,
1247 784 1340 837 καὶ
1363 785 1488 846 τοὺς
1518 784 1795 847 οίκίσκους

213 875 663 946 διερευνώμενος,
710 877 784 944 μή
834 893 884 927 τι
922 874 1065 945 πέρα
1085 876 1180 945 τῆς
1200 874 1387 944 χρείας
1428 876 1794 945 ἀποκείμενον

213 969 412 1037 ῑχοιεν.
437 970 573 1022 Φασὶ
611 970 665 1022 δὲ
693 970 854 1022 αὐτὸν
872 971 966 1021 καὶ
983 968 1121 1036 ζυγά
1144 969 1535 1039 ἐπιφερόμενον
1568 971 1658 1023 τὸν
1686 972 1793 1024 τῶν

215 1060 401 1131 ἀρτων
452 1061 685 1129 σταθμὸν
749 1062 1228 1131 πολυπραγμονεῖν
1286 1060 1561 1127 ἀκριῦῶς,
1609 1064 1704 1115 καὶ
1747 1060 1800 1114 εἴ

214 1171 349 1205 ποτε
369 1153 521 1223 εὖροι
549 1152 641 1206 τοῦ
674 1152 979 1223 ὡρισμένου
1021 1153 1257 1215 πλείονα,
1280 1154 1673 1224 δυσχεραίνειν,
1702 1156 1796 1207 καὶ

214 1245 666 1314 γαστριμάργους
721 1246 846 1307 τοὺς
912 1243 1070 1297 τοῦτο
1138 1243 1427 1307 ποιοῦντας
1477 1245 1789 1300 ἀποκαλεῖν.

226 1333 514 1385 Ἐκέλευσε
545 1333 651 1401 γάρ
688 1333 824 1402 μήτε
850 1333 1147 1395 ἐσθίοντας,
1196 1337 1331 1402 μήτε
1384 1335 1632 1397 πίνοντας
1666 1336 1795 1388 ἀνα-

217 1425 404 1492 μένειν
429 1427 519 1476 τόν
546 1426 725 1495 κόρον,
766 1426 901 1478 ἀλλά
940 1426 1207 1479 τοσούτων
1261 1428 1572 1489 ἀπολαύειν,
1625 1431 1797 1484 ὁπόσα

212 1515 292 1584 τῷ
324 1517 540 1584 σώματι
576 1516 834 1585 παρέχειν
877 1517 1091 1587 ἀπόχρη
1131 1518 1228 1589 τὴν
1276 1518 1442 1587 ζωήν.
1488 1521 1545 1572 Ei
1577 1521 1630 1573 δέ
1664 1539 1794 1574 ποτε

215 1606 311 1657 καὶ
343 1605 454 1656 τῶν
482 1606 721 1674 πιτύρων
781 1606 1219 1675 ἀποκεκριμένον
1264 1608 1324 1659 τὸ
1367 1608 1592 1680 ἄλευρον
1643 1608 1795 1662 ἐθεά-

220 1714 374 1755 σατο,
406 1696 482 1759 ώς
510 1696 871 1767 Συϐαριτικῆς
888 1699 1096 1767 τρυφῆς
1118 1698 1470 1761 ἀπολαύουσι,
1505 1704 1615 1764 τοῖς
1640 1701 1796 1755 τοῦτο

215 1787 534 1856 δεδρακόσιν
573 1788 907 1856 ἐλοιδορεῖτο.
961 1791 1069 1841 Καὶ
1126 1789 1342 1861 νύκτωρ
1380 1792 1435 1844 δὲ
1470 1793 1794 1856 ἐξαπιναίως

216 1879 373 1949 παρὰ
397 1879 492 1948 τὴν
517 1879 745 1932 ἑκάστου
794 1880 961 1951 θύραν
1010 1882 1423 1951 ἀφικνούμενος,
1471 1886 1517 1935 εί
1550 1884 1648 1953 μέν
1671 1902 1791 1937 τινα

214 1966 375 2039 εὗρεν
430 1972 789 2040 ἐγρηγορότα,
834 1973 929 2024 καὶ
977 1972 1067 2024 τὸν
1112 1973 1244 2024 Θεὸν
1305 1973 1606 2042 ὑμνοῦντα,
1665 1977 1790 2045 σιγῇ

215 2062 384 2115 πάλιν
402 2061 675 2132 ἀπεχώρει
696 2079 707 2091 ·
733 2063 779 2114 εί
802 2064 856 2116 δέ
878 2080 996 2116 τινα
1016 2063 1167 2133 ὕπνῳ
1197 2066 1555 2134 κατεχόμενον
1578 2066 1792 2136 ᾔσθετο,

215 2156 281 2223 τῇ
314 2154 459 2222 χειρὶ
492 2155 590 2222 μὲν
611 2155 707 2223 τὴν
735 2154 904 2223 θύραν
936 2156 1231 2217 ἐπάτασσε,
1262 2161 1324 2226 τῇ
1369 2158 1581 2229 γλώττῃ
1619 2160 1675 2212 δὲ
1704 2160 1794 2212 τὸν

215 2247 617 2313 κατακείμενον
650 2246 892 2308 ἔϐαλλεν,
927 2246 1000 2309 ὡς
1039 2248 1259 2301 πλείονα
1285 2249 1315 2317 ἢ
1338 2250 1443 2300 ἔδει
1476 2250 1553 2317 τῷ
1586 2250 1796 2318 σώματι

215 2338 315 2406 τὴν
351 2336 647 2406 θεραπείαν
670 2337 1063 2406 προσφέροντα.
1099 2338 1297 2390 Τοῦτον
1326 2339 1491 2392 αὑτοῦ
1522 2339 1609 2390 τὸν
1637 2341 1797 2393 πόνον

216 2428 327 2479 τῶν
355 2429 755 2497 ὀμογνωμόνων
794 2428 938 2490 τινες
968 2428 1322 2499 θεασάμενοι,
1373 2430 1429 2482 ἓν
1464 2432 1627 2483 πᾶσιν
1655 2434 1798 2483 οἰκο-

218 2520 453 2590 δομῆσαι
520 2518 862 2587 καταγώγιον
926 2521 1309 2591 εἰσηγήσαντο.
1378 2521 1795 2592 Ἀκριϐέστερον

220 2613 327 2683 γάρ
352 2612 562 2679 ἔφασαν
608 2610 733 2673 τούς
786 2628 845 2664 τε
903 2612 995 2665 νῦν
1039 2611 1448 2682 δεσπαρμένους
1485 2612 1792 2681 βιώσεσθαι,

224 2706 316 2755 καὶ
366 2704 528 2755 αύτδν
567 2704 663 2770 τῆς
703 2702 944 2766 πλείονος
991 2704 1269 2773 φροντίδος
1294 2703 1793 2774 ἀπαλλαγήσεσθαι.

235 2797 490 2861 Ἐδέξατο
521 2795 616 2866 τὴν
642 2798 958 2865 παραίνεσιν
988 2798 1016 2848 ό
1058 2795 1385 2865 σοφώτατος,
1420 2798 1511 2850 καὶ
1543 2799 1796 2866 συναγεί-

225 2902 323 2954 ρας
354 2885 621 2948 ἃπαντας,
658 2893 751 2938 καὶ
790 2887 911 2949 τοὺς
945 2887 1169 2957 μικροὺς
1213 2887 1451 2949 ἐκείνους
1490 2889 1799 2953 καταλύσας

223 2976 519 3039 οἰκίσκους,
560 2977 654 3029 ’ἐνα
707 2977 763 3030 δὲ
818 2979 930 3040 τοῖς
978 2976 1408 3045 συνειλεγμένοις
1452 2978 1794 3048 δειμάμενος,

224 3071 375 3140 κοινῇ
427 3086 482 3121 τε
537 3068 935 3133 πολιτεύεσθαι,
984 3069 1079 3121 καὶ
1138 3070 1481 3141 παραθήγειν
1539 3072 1799 3142 ἀλλήλους

224 3162 456 3222 ἱκέτευε,
481 3162 573 3214 καὶ
598 3161 785 3215 τοῦτον
814 3161 913 3232 μὲν
946 3162 1044 3234 τὴν
1075 3162 1281 3215 ἐκείνου
1320 3164 1603 3233 μιμεῖσθαι
1629 3166 1797 3236 πραό-

221 3272 382 3324 τητα,
406 3257 607 3307 ἐκεῖνον
628 3254 681 3306 δὲ
709 3254 783 3323 τῷ
797 3254 985 3306 τούτου
1005 3253 1150 3325 ζήλῳ
1172 3255 1495 3325 κεραννύναι
1525 3255 1583 3309 τὸ
1603 3258 1793 3327 πρᾶον,

223 3349 318 3399 καὶ
351 3348 510 3400 ἄλλον
546 3348 851 3417 ἀγρυπνίας
902 3349 1270 3416 μεταδιδόντα,
1305 3349 1393 3401 τού
1420 3351 1516 3418 τῆς
1544 3353 1796 3417 νηστείας

225 3438 663 3508 μεταλαμϐάνειν
696 3438 1035 3508 μαθήματος.
1077 3456 1093 3489 ι
1132 3437 1285 3490 Ούτω
1325 3438 1431 3508 γὰρ
1480 3442 1605 3509 παρ’
1638 3441 1797 3511 ἀλλή-

224 3531 352 3596 λων,
416 3530 539 3599 ἔφη,
583 3530 644 3582 τὸ
692 3530 867 3582 ἐνδέον
907 3530 1299 3599 λαμϐάνοντες.
1333 3532 1428 3602 τὴν
1462 3533 1799 3604 τελεωτάτην

224 3622 647 3691 κατορθώσομεν
682 3624 904 3693 ἀρετήν.
942 3623 1202 3692 Καθάπερ
1234 3624 1341 3694 γάρ
1372 3626 1427 3676 ἐν
1460 3628 1577 3688 ταῖς
1600 3626 1800 3678 πολιτι-

225 3716 350 3776 καῖς
380 3716 624 3783 ἀγοραῖς,
664 3717 691 3765 ό
737 3715 835 3783 μὲν
873 3715 1051 3785 ἄρτων
1078 3716 1192 3766 ἐστὶ
1224 3717 1461 3787 πρατὴρ,
1509 3719 1535 3769 ό
1561 3719 1615 3770 δὲ
1641 3716 1801 3787 λαχά-

224 3825 351 3865 νων,
392 3808 421 3859 ὁ
448 3807 501 3859 δὲ
528 3805 755 3876 ἱματίων
803 3806 1063 3877 ἔμπορος.
1120 3807 1276 3870 ἄλλος
1334 3808 1386 3859 δὲ
1441 3808 1798 3877 ὑποδημάτων

222 3900 555 3968 δημιουργός
575 3914 587 3925 ·
620 3900 749 3966 παρ’
781 3898 1025 3967 ἀλλήλων
1061 3898 1117 3951 δὲ
1147 3899 1245 3967 τὴν
1276 3900 1463 3968 χρείαν
1489 3900 1801 3970 ἐρανιζόμε-

225 4007 309 4042 νοι
338 3988 741 4059 θυμηρέστερον
765 3988 1101 4058 βιοτεύουσιν
1125 4007 1137 4020 ο
1165 3992 1191 4042 ό
1224 3992 1319 4059 μὶν
1349 3991 1455 4060 γάρ
1482 3992 1695 4059 ίμάτιον
1724 3993 1801 4045 δι-

224 4080 369 4143 δοὺς,
404 4080 789 4148 ἀντιλαμϐάνει
812 4080 1083 4150 ὑπόδημα,
1113 4082 1139 4131 ὁ
1167 4081 1221 4133 δὲ
1246 4083 1473 4150 λάχανον
1500 4082 1801 4152 ὠνούμενος

227 4170 539 4222 ἀποδίδοται
563 4170 762 4238 ἀρτων
792 4168 962 4233 οὕτως
1000 4172 1144 4239 ἡμᾶς
1184 4172 1432 4239 ἀλλήλοις
1484 4174 1801 4226 ἀντιδιδόναι

230 4266 497 4331 προσήκει
518 4262 617 4329 τῆς
639 4262 838 4331 ἀρετῆς
855 4261 924 4313 τὰ
942 4262 1280 4330 πολυτίμητοι
1298 4264 1478 4334 μόρια.
1495 4262 1676 4315 »Οὕτω
1696 4262 1803 4314 τῶν

225 4352 587 4423 ὁμογλώττων
604 4352 1028 4422 γυμναζομένων
1060 4369 1116 4405 τε
1144 4354 1236 4405 καὶ
1262 4354 1694 4423 ἀγωνιζομένων,
1712 4356 1803 4407 καὶ

243 4446 454 4500 Ἐλλάδι
478 4447 627 4514 φωνῇ
640 4445 731 4498 τὸν
743 4444 875 4498 Θεὸν
887 4447 989 4498 άνυ
998 4446 1288 4513 μνούντων,
1315 4446 1502 4498 ἐλαϐεν
1520 4447 1656 4517 ἔρως
1675 4465 1805 4499 ταυ-

1900 603 2143 657 habitare
2169 619 2366 673 passus
2420 616 2505 662 est
2542 626 2555 661 :
2589 609 2683 664 sed
2712 612 2938 684 exiguas
2966 613 3196 669 cellulas
3259 614 3473 674 foribus

1897 695 2109 750 vicinas
2134 697 2438 763 aadillcans,
2476 698 2723 769 singulos
2755 704 2982 757 seorsim
3000 703 3201 773 degere
3222 704 3471 773 jubebat,

1896 788 2122 842 cellulas
2150 789 2382 843 subinde
2428 793 2695 858 invisens,
2753 800 2809 847 et
2865 795 3166 851 observans
3208 799 3471 867 numquid

1898 890 2095 947 praeter
2117 896 2205 935 res
2221 884 2564 937 necessarias
2586 883 2930 939 reconditum
2958 886 3239 942 haberent.
3270 889 3469 943 Ferunt

1897 970 2058 1021 etiam
2101 970 2256 1022 illum
2292 971 2552 1024 trutinam
2584 973 3025 1029 circumferendo
3066 977 3222 1044 panis
3252 992 3473 1032 mensu-

1900 1071 2015 1109 ram
2049 1058 2336 1127 diligenter
2380 1061 2743 1131 expendisse,
2786 1074 2840 1118 et
2892 1065 2936 1119 si
2998 1066 3141 1119 ultra
3206 1074 3473 1121 statutum

1901 1147 2113 1215 pondus
2142 1149 2463 1212 invenisset,
2492 1167 2637 1222 aegre
2662 1153 2875 1218 tulisse,
2936 1164 2990 1209 et
3054 1157 3339 1213 helluones
3379 1160 3472 1228 qui

1902 1239 2003 1293 hoc
2034 1239 2276 1294 facerent
2307 1243 2630 1310 appellasse.
2665 1242 3008 1315 Juhebatque
3059 1255 3118 1300 ut
3168 1264 3347 1319 neque
3378 1265 3473 1305 co-

1900 1328 2198 1393 mederent,
2236 1344 2412 1399 neque
2451 1332 2703 1387 biberent
2728 1334 2792 1388 ad
2819 1336 3159 1397 satietatem,
3212 1339 3306 1393 sed
3355 1353 3476 1393 tan-

1900 1426 2015 1471 tum
2060 1429 2338 1474 sumerent
2385 1428 2651 1490 quantum
2696 1424 2762 1474 ad
2818 1426 3075 1479 tuendam
3119 1427 3281 1479 vitam
3332 1431 3466 1484 satis

1898 1518 2065 1565 esset.
2096 1510 2250 1576 Quod
2284 1513 2331 1567 si
2360 1514 2581 1581 quando
2602 1521 2868 1567 secretam
2895 1531 2922 1568 a
2985 1516 3289 1572 furfuribus
3342 1519 3473 1573 fari--

1899 1615 2023 1653 nam
2051 1603 2518 1670 deprehendisset,
2570 1612 2835 1675 tanquam
2892 1606 3220 1677 Sybariticis
3261 1611 3473 1665 deliciis

1900 1693 2244 1761 indulgentes
2284 1694 2625 1764 ohjurgahat.
2653 1698 2793 1762 Quin
2826 1706 2877 1753 et
2917 1708 3081 1752 noctu
3132 1716 3350 1770 quoque
3404 1718 3471 1757 ex

1900 1784 2198 1853 improviso
2228 1788 2452 1841 veniens
2488 1787 2552 1840 ad
2599 1789 2739 1843 ostia
2789 1791 3158 1860 singulorum,
3210 1796 3255 1847 si
3312 1809 3473 1862 quem

1898 1877 2207 1945 vigilantem
2243 1890 2301 1933 et
2336 1881 2505 1933 Deum
2550 1881 2860 1935 laudantem
2896 1883 3223 1951 olTenderat,
3275 1886 3476 1939 tacitus

1899 1970 2206 2037 prteteribat
2246 1990 2259 2024 :
2307 1972 2519 2043 1163
2560 1973 2604 2027 si
2638 1988 2830 2027 somno
2870 1990 3191 2043 oppressum
3245 1983 3299 2031 et
3345 1976 3472 2031 dur-

1903 2063 2182 2125 mientem,
2222 2072 2275 2115 et
2314 2080 2473 2116 nianu
2515 2062 2660 2119 fores
2701 2066 2970 2134 pulsabat,
3016 2076 3069 2122 et
3109 2068 3287 2137 lingua
3321 2069 3473 2121 illum

1901 2164 1959 2208 ιιι
1982 2158 2202 2224 corpori
2247 2157 2368 2226 plus
2395 2172 2554 2225 :1:an
2584 2160 2911 2214 servientem
2947 2161 3281 2231 increpabat.
3304 2162 3473 2226 Quum

1898 2244 2019 2312 ejus
2062 2245 2301 2298 laborem
2353 2247 2763 2303 considerantes
2819 2251 3038 2318 quidam
3105 2266 3134 2304 e
3171 2252 3472 2314 sodalibus,

1899 2352 2238 2406 suggessere,
2260 2348 2315 2391 ut
2337 2356 2501 2393 unum
2527 2342 2784 2395 omnibus
2802 2345 3061 2398 conderet
3081 2344 3471 2399 habitaculum.

1901 2426 1990 2479 Sic
2016 2428 2159 2480 enim
2194 2428 2461 2491 futurum,
2486 2438 2619 2483 utet
2656 2430 2749 2500 qui
2781 2431 3016 2500 dispersi
3046 2441 3202 2487 erant
3246 2448 3473 2489 accura-

1898 2519 2009 2573 tius
2034 2520 2299 2584 vivereut,
2353 2530 2405 2574 et
2448 2521 2565 2591 ipse
2634 2538 2826 2592 magna
2874 2524 3265 2579 sollicitudinis
3322 2539 3478 2595 parte

1899 2610 2193 2665 levaretur.
2239 2610 2475 2665 Probato
2544 2612 2811 2673 consilio,
2871 2613 2957 2665 vir
3009 2615 3475 2682 sapientissimus.

1898 2716 2024 2756 cum
2046 2703 2412 2758 sirnulomnes
2435 2713 2849 2774 congregasset,
2869 2704 3228 2774 disjecﬁsque
3241 2706 3475 2767 cellulis,

1898 2809 2189 2850 commune
2218 2798 2473 2851 omnibus
2501 2797 2838 2850 domicilium
2871 2797 3217 2860 aediﬁcasset,
3266 2800 3479 2869 rogavit

1902 2894 1960 2940 ut
1998 2902 2105 2940 una
2146 2888 2411 2952 viverent,
2448 2904 2512 2940 ac
2540 2905 2663 2944 sese
2687 2897 2877 2943 mutuo
2909 2892 3215 2945 excitarent
3249 2932 3263 2956 ,
3302 2905 3359 2944 ιιι
3387 2893 3478 2946 hic

1900 2976 2117 3045 quidem
2150 2977 2298 3030 illius
2328 2977 2635 3030 imitaretur
2659 2979 3160 3043 mansuetudinem,
3197 2980 3287 3034 ille
3311 2980 3480 3049 hujus

1899 3073 2017 3126 zelo
2048 3074 2522 3127 mansuetudinem
2560 3083 2889 3143 temperaret
2917 3091 2931 3127 :
2963 3089 3106 3127 unus
3152 3074 3307 3127 alteri
3341 3074 3479 3145 vigi-

1901 3164 2001 3219 lias
2025 3166 2474 3227 communicaret,
2509 3164 2578 3219 ab
2612 3179 2787 3234 eoque
2820 3164 3062 3219 vicissim
3090 3166 3281 3235 jejunii
3303 3166 3474 3221 absti-

1899 3257 2136 3310 nentiam
2152 3255 2440 3309 cdiscerel.
2466 3274 2483 3305 ι
2510 3253 2599 3309 Sic
2616 3257 2783 3322 enim,
2804 3256 3003 3326 inquit,
3022 3271 3053 3309 ε
3073 3258 3226 3310 nobis
3242 3256 3473 3311 invicem

1901 3347 1951 3400 id
1974 3347 2116 3415 quod
2137 3347 2284 3399 deest
2312 3356 2647 3412 mutuantes,
2666 3348 2919 3401 virtutem
2946 3349 3206 3404 omnibus
3227 3349 3475 3418 partibus

1900 3439 2204 3492 absoluzam
2240 3438 2552 3491 reddemus.
2581 3439 2756 3507 Atque
2793 3449 2849 3492 ut
2896 3441 2949 3493 in
3000 3439 3121 3495 foro
3150 3456 3333 3495 rerum
3382 3455 3475 3496 ve-

1901 3530 2105 3583 nalium
2133 3530 2273 3582 alius
2306 3546 2473 3598 panes
2497 3531 2702 3592 vendit,
2734 3531 2873 3584 alius
2905 3532 3076 3594 olera,
3110 3530 3198 3587 hic
3245 3532 3473 3588 vestium

1902 3622 2117 3677 institor
2138 3630 2242 3686 est,
2270 3624 2357 3675 ille
2382 3621 2563 3691 opifex
2586 3624 3108 3687 calceamentorum,
3142 3637 3170 3676 a
3201 3638 3259 3677 se
3289 3630 3472 3678 autem

1905 3716 2133 3769 invicem
2168 3714 2217 3766 id
2248 3729 2356 3783 quo
2402 3730 2539 3783 opus
2602 3715 2805 3768 habent
2857 3725 3264 3784 comparantes,
3308 3716 3473 3767 vitam

1902 3809 2476 3878 agnutjueundiorem
2513 3825 2525 3856 :
2560 3808 2653 3875 qui
2699 3808 2843 3861 enim
2895 3809 2989 3861 dat
3027 3813 3042 3829 '
3095 3817 3321 3871 vestem,
3377 3822 3477 3875 pro

1901 3917 1963 3956 ea
2004 3900 2221 3954 calceos
2253 3900 2471 3967 accipit,
2508 3906 2559 3952 et
2584 3897 2673 3966 qui
2706 3898 2836 3950 emit
2866 3900 3006 3960 olus,
3026 3897 3211 3951 vendit
3245 3912 3469 3965 panem:

1904 3994 1976 4046 ita
2036 4000 2090 4046 et
2147 4008 2249 4046 nos
2278 3990 2517 4043 vicissim
2558 3997 2773 4057 oportet
2804 3988 3233 4056 pretiosissimas
3256 3986 3477 4039 virtutis

1904 4094 2087 4155 partes
2115 4087 2257 4137 inter
2281 4099 2378 4137 nos
2404 4090 2733 4151 permutare.
2773 4099 2789 4130 ι
2819 4081 2954 4134 Cum
2991 4081 3044 4133 in
3074 4081 3221 4133 hunc
3254 4080 3474 4134 modum

1904 4177 1995 4245 qui
2028 4174 2271 4241 ejusdem
2300 4180 2457 4226 erant
2494 4172 2689 4238 linguae
2715 4178 3106 4224 exercerentur
3129 4177 3184 4222 et
3215 4169 3471 4223 decerta-

1906 4276 2047 4329 rent,
2076 4266 2278 4335 Deique
2335 4265 2521 4317 Iaudes
2573 4263 2763 4316 Grmco
2813 4277 3065 4315 sermone
3108 4260 3476 4325 celebrarent,

1905 4359 2047 4427 cepit
2081 4358 2218 4411 alios
2253 4356 2343 4423 qui
2386 4354 2561 4424 patria
2612 4354 2792 4423 lingua
2821 4352 3189 4421 loquebantur
3231 4350 3477 4421 ejusdem

1907 4449 2143 4504 instituti
2186 4447 2517 4501 desiderium
2552 4465 2566 4500 :
2621 4446 3056 4513 accedentesque
3119 4460 3185 4498 ex
3216 4445 3479 4497 his.non-

229 4540 357 4608 τησὶ
376 4540 473 4607 τῆς
509 4536 779 4601 πολιτείας
809 4539 902 4590 καὶ
930 4538 1057 4601 τοὺς
1080 4541 1143 4608 τῇ
1164 4539 1412 4609 ἐγχωρίῳ
1434 4541 1799 4609 κεχρημένους

1907 4542 2040 4595 nulli
2069 4548 2328 4609 rogarunt
2358 4547 2416 4591 ut
2444 4539 2494 4590 in
2532 4552 2747 4606 gregem
2782 4543 3194 4604 cooptarentur,
3226 4543 3285 4588 ut
3321 4550 3479 4591 sacra

230 4630 509 4699 φωνῇ’καὶ
533 4627 926 4699 συνδραμόντες
949 4628 1089 4689 τινὲς
1105 4629 1362 4688 ἱκέτευον,
1378 4629 1471 4681 καὶ
1490 4628 1588 4698 τῆς
1605 4629 1805 4700 ἀγέλης

230 4719 507 4789 γενέσθαι.
532 4720 627 4773 καὶ
656 4720 753 4786 τῆς
795 4720 945 4789 ἱερᾶς
975 4719 1139 4771 α”ιτοῦ
1179 4720 1529 4783 διδασκαλίας
1567 4723 1805 4791 μεταλα-

230 4814 349 4884 χεῖν
368 4828 380 4840 ·
420 4811 635 4877 ἐδέξατο
654 4812 706 4863 δὲ
741 4813 838 4879 τὴν
861 4810 1093 4881 αἴτησιν,
1110 4812 1208 4881 τῆς
1234 4814 1565 4882 Δεσποτικῆς
1604 4831 1808 4884 μεμνη-

235 4912 397 4975 μένος
433 4904 771 4973 νομοθεσίας,
804 4906 870 4973 ἥν
907 4908 1019 4968 τοῖς
1053 4906 1217 4975 ἱεροῖς
1246 4906 1639 4977 προσενήνοχεν
1676 4907 1810 4958 ἀπο-

236 4997 467 5059 στόλοις,
523 5014 541 5045 ι
578 4996 956 5066 Πορευθέντες,
990 4997 1183 5064 λέγων,
1220 4998 1594 5066 μαθητεύσατε
1634 4998 1811 5049 πάντα

241 5087 311 5138 τα
363 5086 511 5150 ἔθνη.
566 5106 583 5136 ι
629 5087 733 5138 Καὶ
787 5088 915 5157 παρ’
960 5089 1135 5139 ἐκεῖνο
1169 5088 1229 5139 τὸ
1268 5087 1607 5155 καταγώγιον
1632 5088 1816 5157 ἕτερον

235 5178 619 5248 οἰκοδομήσας,
657 5181 772 5231 ἐκεῖ
793 5179 1013 5243 τούτους
1042 5181 1248 5247 διάγειν
1266 5181 1506 5234 ἐκέλευε·
1545 5180 1677 5233 νεών
1699 5198 1817 5234 τινα

237 5274 382 5323 θεῖον
414 5271 851 5335 κατασκευάσας,
909 5274 988 5334 εἰς
1053 5272 1111 5325 ὃν
1160 5275 1251 5324 καὶ
1280 5272 1498 5332 τούτους
1533 5272 1819 5335 κάκείνους

240 5362 478 5416 συνιέναι
518 5361 841 5431 προσέταξεν
860 5363 1165 5434 ἀρχομένης
1190 5380 1246 5415 τε
1280 5365 1371 5416 καὶ
1392 5363 1663 5433 ληγούσης
1681 5364 1815 5431 ἡμέ-

242 5472 364 5524 ρας,
399 5453 487 5506 ῖνα
524 5455 614 5505 καὶ
665 5454 762 5522 τὴν
811 5453 1103 5523 ἐσπερινὴν
1147 5453 1239 5506 καὶ
1272 5454 1368 5524 τὴν
1409 5454 1636 5523 ἑωθινὴν
1676 5455 1813 5523 ύμν-

238 5545 406 5614 ιειδέαν
444 5548 595 5614 κοινῇ
626 5543 977 5615 προσφέρωσι
1006 5544 1082 5613 τῷ
1104 5543 1242 5614 θεῷ,
1271 5546 1393 5615 διχῆ
1425 5545 1520 5615 μὲν
1554 5545 1815 5615 διῃρημέ-

240 5654 345 5695 νοι,
374 5636 468 5687 καὶ
500 5637 563 5704 τῇ
594 5633 768 5703 οἰκείᾳ
794 5632 1021 5697 ἕκαστος
1049 5636 1382 5705 κεχρημένος
1408 5638 1578 5705 φωνῇ,
1608 5639 1670 5688 ἐκ
1700 5636 1815 5688 δια-

344 5798 357 5834 ¹
407 5812 602 5867 Matth.
656 5827 849 5875 xxvm,
906 5810 991 5864 to.

487 5905 756 5963 ΡΑτιιηῐμ
793 5905 907 5962 Gn.
942 5900 1242 5962 LXXXII.
1311 5921 1316 5930 ·

1910 4633 2029 4695 eius
2054 4630 2347 4699 disciplina
2385 4628 2717 4684 fruerentur.
2755 4628 2966 4681 Annuit
3024 4627 3115 4681 ille
3157 4628 3476 4696 postulatis.

1913 4724 2045 4792 legis
2058 4737 2268 4776 memor
2290 4719 2601 4786 Dominicm,
2627 4735 2732 4788 qua
2757 4719 2964 4773 sanctis
2982 4718 3246 4788 apostolis
3271 4717 3484 4791 116E.

1912 4812 2099 4873 edixit,
2138 4829 2157 4863 ι
2184 4810 2389 4866 Euntes
2409 4796 2599 4863 docete
2625 4824 2815 4863 omnes
2841 4816 3028 4877 gentes
3058 4805 3132 4861 ιδ
3163 4807 3226 4860 Et
3252 4810 3479 4862 alterum

1911 4917 2079 4971 pmpe
2109 4912 2329 4956 struens
2363 4900 2757 4963 habitaculum,
2788 4899 2887 4953 hos
2930 4899 3001 4952 ibi
3040 4898 3239 4969 degere
3295 4898 3482 4965 jussit,

1916 5008 2241 5063 sacrumque
2266 4995 2525 5062 templum
2551 4990 2852 5053 mdiﬂcans,
2889 5006 2954 5044 eo
3009 4998 3274 5059 utrosque
3330 5006 3486 5043 mane

1915 5104 1977 5141 ac
2012 5101 2230 5155 vespere
2258 5085 2556 5139 convenire
2582 5082 2859 5152 praecepit,
2918 5092 2977 5135 ut
3034 5082 3391 5150 vespertinas
3432 5091 3488 5136 et

1918 5178 2216 5231 matutinas
2252 5174 2444 5230 laudes
2489 5174 2598 5227 Deo
2669 5172 2832 5228 simul
2900 5171 3183 5238 olferrent,
3235 5172 3487 5228 bifariam

1917 5270 2137 5338 quidem
2169 5266 2369 5330 divisi,
2394 5274 2449 5321 et
2501 5265 2726 5335 propria
2761 5266 2965 5334 quique
3032 5264 3213 5334 lingua
3248 5272 3488 5329 utentes,

1922 5361 2017 5417 sed
2042 5361 2269 5414 alternis
2308 5360 2454 5413 inter
2488 5373 2545 5412 se
2600 5356 2976 5410 concinentes.
3040 5353 3373 5424 Duravitque
3424 5355 3490 5410 ad

1925 5455 2067 5508 hunc
2101 5467 2272 5522 usque
2298 5452 2437 5505 diem
2473 5450 2595 5518 ejus
2626 5449 2795 5504 forma
2831 5446 3098 5510 instituti,
3124 5446 3199 5500 ita
3236 5456 3494 5517 utneque

1926 5557 2183 5614 tempus,
2242 5542 2385 5612 quod
2440 5542 2556 5595 hinc
2619 5541 2832 5609 aliaque
2903 5539 3221 5608 hujusmodi
3282 5549 3495 5593 mutare

1925 5639 2083 5699 solet,
2118 5651 2291 5704 neque
2322 5635 2473 5686 illius
2523 5646 2876 5688 successores
2916 5629 3266 5700 praescriptas
3320 5628 3391 5682 ab
3428 5640 3495 5681 eo

3111 5897 3188 5957 ’t3
