4206 6456
779 403 911 466 1355

1714 405 2192 465 TllEtlDOREl‘I
2234 407 2567 466 EPISCOPI
2609 409 2971 470 CYRENSIS

3880 404 4021 469 1356

777 520 920 588 leges
950 519 1231 574 violandas
1268 516 1507 587 putarint
1536 536 1546 568 :
1603 516 1765 588 idque
1793 535 1913 573 cum
1958 521 2336 588 prrcl'ecturam

2441 521 2600 592 δοχῆς
2623 523 2680 576 δὲ
2706 522 2800 592 τὴν
2828 523 2970 594 ᾠδὴν
2993 522 3430 593 ἀναπέμποντες.
3463 522 3706 592 Διὲμεινε
3743 521 3799 574 δὲ
3852 526 4020 591 μέχρι

777 609 923 660 illam
953 619 1070 676 post
1087 623 1209 661 eum
1231 621 1337 660 non
1357 607 1466 659 duo
1489 614 1687 670 tresve,
1713 608 1805 662 sed
1829 609 2140 677 complures
2159 609 2340 665 sortiti

776 701 905 752 sint.
925 699 1052 750 Nam
1077 714 1199 751 cum
1224 701 1457 767 primum
1493 701 1600 764 ille,
1627 708 1846 770 peracto
1867 711 2184 762 certamme,
2212 703 2344 776 abiit

774 810 802 845 e
828 790 955 851 vita,
981 793 1102 844 etin
1139 791 1301 845 aliam
1335 792 1542 847 doloris
1576 803 1852 862 expertem
1875 793 2144 862 migravit,
2169 793 2344 848 Theo-

775 893 964 936 tecnus
996 882 1433 953 Grazczelinguw,
1477 884 1820 953 Aphthonius
1857 882 2094 955 Syriaca.-
2148 884 2342 953 przefc-

774 983 985 1026 eturam
1025 990 1357 1045 suscepere,
1418 975 1690 1046 spirantes
1743 975 1903 1030 ambo
1952 976 2170 1029 virtutis
2229 976 2346 1044 ejus

772 1067 1230 1132 statumquatdam
1265 1076 1317 1120 et
1352 1068 1634 1137 imagines.
1667 1066 1884 1120 Nullum
1919 1068 2062 1122 enim
2092 1083 2155 1121 ex
2202 1069 2346 1122 illius

775 1157 926 1208 obitu
957 1157 1164 1209 doloris
1184 1173 1404 1212 sensum
1431 1160 1512 1212 vel
1539 1159 1718 1214 socios
1737 1159 1818 1212 vel
1837 1169 2128 1213 extraneos
2153 1175 2348 1229 capere

775 1249 1165 1313 permiserunt,
1208 1264 1330 1301 cum
1367 1263 1628 1318 expressa
1689 1251 1812 1301 vitae
1867 1249 2016 1302 illius
2053 1248 2345 1302 simulacra

771 1339 982 1405 scipsos
1017 1341 1358 1392 cxhiherent.
1399 1340 1502 1393 Sed
1555 1339 1776 1392 divinus
1833 1340 2185 1392 Theotecnus
2236 1356 2344 1392 non

775 1433 935 1496 longo
997 1439 1240 1499 tempore
1282 1441 1565 1500 superstes
1623 1433 2002 1501 [traiecturam
2063 1431 2347 1484 Theodoto

774 1522 1014 1588 reliquit.
1092 1523 1440 1591 Aphthonius
1494 1524 1745 1591 plurimis
1804 1524 1963 1574 anuis
2023 1523 2344 1591 supervixit,

773 1611 951 1678 gregis
985 1626 1172 1665 curam
1199 1629 1416 1682 gerens,
1452 1629 1684 1681 etuuque
1717 1615 1870 1677 juxta
1906 1614 2149 1683 pra-lixas
2205 1615 2347 1683 leges

773 1702 1106 1768 gubernans.
1156 1705 1470 1757 Theodotus
1535 1705 1623 1756 hic
1684 1719 1898 1768 autem,
1972 1722 2033 1760 ex
2095 1708 2347 1760 Armenia

771 1796 1058 1858 oritu'ilus,
1085 1811 1208 1848 cum
1240 1796 1542 1849 asceticum
1581 1797 1733 1849 illum
1773 1808 1972 1850 emtum
2028 1798 2346 1866 conspexis-

773 1893 874 1948 set,
914 1888 1182 1955 principio
1231 1888 1448 1954 quidem
1484 1888 1825 1941 subditorum
1862 1903 1891 1942 e
1937 1903 2166 1942 numero
2220 1887 2343 1952 fuit,

774 1992 967 2044 magna
1003 1976 1312 2031 Thenteeno
1343 1978 1673 2033 moderatori
1697 1981 2102 2047 obtemperans.
2133 1981 2344 2052 1165

780 2065 1070 2136 Postquam
1093 2085 1219 2123 vero
1253 2070 1490 2123 excessit
1543 2070 1632 2124 ille
1688 2085 1717 2124 c
1772 2069 1931 2134 vivis,
1991 2084 2045 2125 ut
2103 2071 2238 2134 dixi,
2291 2083 2345 2126 et

773 2160 1147 2226 praefecturam
1210 2163 1323 2230 ipse
1375 2164 1637 2230 suscepit,
1693 2171 1801 2215 tam
1830 2163 2015 2217 multis
2050 2163 2344 2217 virtutibus

783 2247 1103 2309 abundavit,
1132 2257 1186 2300 ul
1213 2249 1480 2316 majorum
1513 2251 1738 2319 gloriam
1784 2255 2170 2320 propemodum
2219 2255 2344 2308 obs-

771 2338 1002 2389 curarit.
1047 2339 1137 2390 Sit:
1201 2340 1344 2393 enim
1375 2341 1523 2394 illum
1569 2342 1786 2395 divinus
1823 2357 1977 2396 amor
2015 2343 2214 2406 afl'eeit,
2267 2353 2344 2398 tot

768 2425 1075 2495 talibus-ple
1108 2431 1322 2496 sagittis
1359 2433 1681 2498 vulneravit,
1747 2443 1803 2488 ut
1854 2438 2016 2489 noete.
2079 2437 2094 2455 ⁶
2141 2438 2340 2507 dieque

767 2522 1205 2586 compuuclionis
1232 2522 1500 2590 lacrymas
1534 2522 1786 2579 funderet
1818 2543 1831 2578 :
1886 2535 2038 2580 tanta
2104 2528 2341 2586 refertus

767 2617 850 2661 est
892 2611 1126 2678 spiritali
1154 2615 1350 2682 gratia,
1385 2624 1442 2667 ut
1471 2615 1560 2668 illo
1599 2627 1855 2684 precante
1899 2619 2123 2672 silerent
2155 2636 2342 2677 omnes

767 2703 862 2768 qui
887 2703 1134 2767 aderant,
1163 2715 1213 2757 ct
1239 2707 1410 2759 sat-ris
1440 2708 1543 2760 illis
1567 2708 1745 2761 verbis
1767 2710 1957 2763 intenti
1979 2711 2114 2765 solis
2137 2724 2340 2777 essent,

772 2794 1072 2848 studiosam
1096 2797 1394 2851 orationem
1427 2815 1549 2852 esse
1578 2800 1909 2854 auditionem
1935 2802 2108 2868 ipsam
2137 2804 2341 2857 ducen-

762 2892 867 2936 tes.
894 2881 1028 2948 Quis
1047 2886 1187 2938 enim
1219 2885 1604 2942 adatuautiuus
1634 2889 1770 2941 adeo
1818 2890 1938 2953 fuit,
1991 2891 2150 2959 cujus
2213 2894 2339 2944 aui-

763 2987 908 3028 mum
941 2974 1102 3028 verba
1137 2975 1224 3028 illa
1255 2976 1335 3030 sic
1363 2977 1572 3046 prolata
1611 2993 1717 3032 non
1749 2981 2158 3036 demulcerent?
2183 2984 2340 3053 cujus

762 3063 1019 3121 duritiem
1043 3068 1538 3124 etinobedientiam
1598 3087 1706 3126 non
1760 3074 2110 3140 emollirent,
2157 3085 2210 3130 ct
2269 3076 2336 3130 ad

766 3157 876 3211 Deo
914 3159 1262 3214 serviendum
1289 3161 1640 3216 traducerent
1671 3164 1849 3234 ?Opes
1897 3165 2070 3234 igitur
2128 3167 2180 3221 in
2220 3167 2337 3224 dies

762 3250 843 3304 sic
863 3265 1090 3320 augens.
1122 3255 1734 3323 sacrosquethesauros
1786 3258 1990 3313 talibus
2043 3261 2332 3318 cumulans

761 3340 944 3406 bonis,
969 3357 1093 3396 cum
1123 3358 1297 3399 annos
1348 3346 1594 3416 quinque
1655 3362 1821 3416 supra
1859 3349 2052 3418 viginti
2112 3365 2330 3421 gregem

764 3433 1022 3501 pavisset,
1050 3435 1328 3504 appositus
1365 3445 1468 3498 est,
1514 3445 1572 3490 ut
1605 3436 1885 3508 Scriptura
1923 3439 2107 3494 divina
2150 3441 2330 3512 loqui-

762 3532 868 3584 tur,
908 3523 974 3577 ad
1008 3533 1190 3594 patres
1235 3541 1389 3590 suos,
1428 3528 1484 3581 in
1545 3528 1684 3583 bona
1741 3530 1971 3585 eductus
2025 3543 2327 3598 senectute,

762 3614 1000 3669 habenas
1038 3618 1259 3671 tradens
1283 3619 1619 3683 Theotecuo,
1664 3635 1864 3691 genere
1892 3622 2115 3691 quidem
2139 3623 2330 3680 fratris

762 3707 894 3771 tilio,
923 3708 1014 3762 sed
1052 3709 1297 3763 moribus
1330 3708 1504 3763 fratri.
1539 3710 1766 3765 Divinus
1792 3726 1920 3764 vero
1946 3712 2036 3767 ille
2079 3713 2326 3782 Aphtho-

760 3799 907 3861 nius,
944 3811 1068 3852 cum
1100 3813 1272 3854 annos
1300 3801 1538 3869 amplius
1567 3801 1927 3872 quadraginta
1971 3803 2145 3860 choro
2191 3819 2330 3873 prae-

762 3889 976 3954 fuisset,
1009 3889 1192 3944 sedem
1223 3891 1473 3946 ascendit
1510 3893 1902 3961 pontificalem,
1962 3909 2060 3948 nec
2101 3896 2325 3965 pallium

761 3989 976 4035 mutans
1008 3984 1327 4047 asceticum,
1359 3998 1458 4038 nec
1489 3983 1735 4038 tunicam
1776 3999 2066 4054 caprarum
2125 4001 2156 4040 e
2202 3987 2327 4056 pilis

759 4083 1105 4140 contextam,
1161 4074 1411 4144 cibisque
1473 4075 1666 4130 iisdem
1702 4087 1886 4138 utens,
1943 4077 2144 4146 quibus
2201 4086 2329 4132 ante

757 4168 1132 4236 episcopatum
1154 4167 1496 4220 vescebatur.
1521 4164 1582 4219 Et
1605 4167 1858 4234 quamvis
1901 4168 2326 4223 sollicitudinem

760 4256 903 4309 illam
945 4265 1279 4325 susceperat,
1308 4256 1487 4326 gregis
1511 4264 1688 4312 tamen
1714 4257 1886 4311 nihilo
1922 4259 2104 4313 secius
2138 4273 2324 4313 curam

755 4347 1000 4414 gerebat,
1037 4345 1155 4400 dies
1179 4347 1250 4400 ibi
1279 4348 1587 4415 complures
1604 4347 1830 4412 ducens,
1852 4359 1905 4402 et
1938 4367 2084 4404 nunc
2107 4351 2324 4420 quidem

757 4437 1140 4491 dissidentium
1195 4439 1316 4492 lites
1365 4453 1738 4508 componens,
1802 4456 1948 4495 nunc
2000 4457 2328 4512 quacunque

2446 613 2538 664 καὶ
2568 615 2807 683 τήμερον
2867 615 2984 666 τόδε
3041 614 3142 683 τῆς
3183 613 3452 674 πολιτείας
3482 614 3543 666 τὸ
3587 613 3752 675 εἶδος
3787 614 3882 665 καὶ
3911 612 4021 664 οὐδ’

2444 705 2471 754 ὁ
2497 701 2684 772 κρόκος
2715 706 2742 757 ὁ
2767 703 2941 758 ταῦτα
2979 705 3074 758 καὶ
3127 704 3352 759 τοιαῦτα
3399 705 3647 774 ἀμείϐειν
3678 704 4022 772 φιλονεικῶν,

2445 797 2542 865 οὐχ
2572 796 2620 847 oi
2642 795 2741 866 τὴν
2772 798 2980 850 ἐκείνου
3004 798 3330 868 κηδεμονίαν
3362 797 3732 865 διαδεξάμενοι
3791 797 4024 864 ἀνατρέ-

2444 886 2542 955 ψαι
2574 905 2624 939 τι
2655 886 2760 939 τῶν
2787 888 2874 940 ὑπ’
2905 889 3110 941 ἐκείνου
3146 888 3408 942 τεθέντων
3434 887 3835 956 ἀνεπείσθησαν
3857 889 4022 956 ὅρων·

2447 980 2541 1031 καὶ
2570 979 2742 1033 ταῦτα
2765 979 2825 1032 οὐ
2857 979 2949 1032 δύο
2977 983 3068 1032 καὶ
3091 980 3282 1052 τριῶν,
3307 980 3441 1034 ἀλλὰ
3471 980 3566 1032 καὶ
3597 979 3860 1030 πλειόνων
3896 976 4024 1028 ταύν

2446 1087 2544 1138 την
2575 1071 2676 1140 τὴν
2704 1073 3000 1141 ᾑγεμονίαν
3053 1070 3476 1141 διαδεξαμένων.
3544 1069 3716 1131 Εὐθὺς
3763 1070 3863 1138 μὲν
3896 1068 4024 1134 γὰρ.

2449 1159 2657 1211 ἐκείνου
2687 1161 2778 1212 τὸν
2801 1159 2989 1228 ἀγῶνα
3012 1161 3454 1230 πεπληρωκότος,
3486 1162 3580 1211 καὶ
3605 1159 3751 1211 τόνδε
3781 1159 3875 1210 τὸν
3915 1157 4028 1226 βίον

2450 1250 2853 1316 ὑπεξελθόντος,
2887 1252 2978 1304 καὶ
3028 1252 3105 1314 είς
3129 1251 3226 1322 τὴν
3257 1251 3460 1305 ἄλυπον
3503 1251 3718 1319 ἐκείνην
3747 1248 4024 1319 pst-16in-

2449 1361 2535 1406 τος
2597 1343 2762 1414 ζωὴν,
2840 1343 3135 1406 Θεότεκνος
3198 1345 3295 1414 μὲν
3333 1344 3430 1412 τῆς
3495 1343 3744 1404 Ἑλλάδος
3813 1343 4024 1409 φωνῆς,

2463 1435 2739 1502 Ἀφθόνιος
2771 1433 2827 1487 δὲ
2871 1437 2971 1503 τῆς
3010 1435 3186 1504 Σύρας
3230 1433 3327 1504 τὴν
3359 1435 3655 1503 ἠγεμονίαν
3693 1433 4024 1496 διεδέξαντο,

2449 1527 2746 1596 ἀμφότεροι
2779 1525 2972 1594 στῆλαί
2991 1543 3134 1586 τινες
3154 1525 3381 1594 ἕμψυχοι
3414 1525 3505 1576 καὶ
3529 1525 3733 1585 εἰκόνες
3755 1524 3852 1591 τῆς
3880 1521 4027 1572 ἐκεί-

2449 1631 2541 1667 νου
2577 1615 2778 1684 ἀρετῆς
2833 1615 3138 1685 γενόμενοι.
3178 1612 3445 1683 Οὐδεμίαν
3487 1614 3595 1682 γὰρ
3617 1613 3739 1665 οὔτε
3767 1616 3880 1674 τοῖς
3913 1629 4031 1663 συν-

2449 1705 2620 1767 οῦσιν,
2653 1705 2773 1758 οὔτε
2801 1710 2914 1768 τοῖς
2963 1705 3163 1770 ἔξωθεν
3198 1706 3614 1776 ἀφικνουμένοις
3644 1704 3895 1775 αιτθησιν
3927 1704 4025 1756 λα-

2452 1799 2566 1851 ῦεῖν
2585 1798 2683 1866 τῆς
2713 1800 2921 1852 ἐκείνου
2944 1800 3198 1868 τελευτῆς
3219 1799 3624 1869 συνεχώρησαν,
3656 1801 3794 1866 σφᾶς
3826 1798 4026 1857 αὐτοὺς

2449 1891 2548 1958 τῆς
2572 1891 2778 1943 ἐκείνου
2810 1890 3086 1952 πολιτείας
3127 1891 3400 1958 ἐκμαγεῖα
3453 1890 3777 1950 δεικνύντες.
3817 1887 3959 1938 Ἀλλ’
4001 1889 4028 1937 ὁ

2454 1983 2551 2052 μὲν
2613 1983 2753 2047 θεῖος
2804 1983 3096 2046 Θεότεκνος
3142 1983 3202 2035 οὐ
3262 1983 3426 2035 πολὺν
3475 1981 3773 2042 ἐπιϐιώσας
3807 1987 4023 2050 χρόνον.

2450 2074 2687 2144 Θεοδότῳ
2716 2074 2814 2145 τὴν
2845 2075 3146 2145 ἡγεμονίαν
3193 2074 3511 2146 παρέδωκεν
3537 2089 3548 2100 ·
3593 2075 3621 2124 ὁ
3645 2073 3699 2126 δὲ
3743 2072 4027 2140 Ἀφθὸνιος

2448 2170 2540 2221 ἐπὶ
2583 2169 2832 2221 πλεῖστον
2900 2168 3136 2237 διέμεινε
3187 2171 3286 2240 τῆς
3320 2168 3520 2236 ἀγέλης
3565 2168 4022 2236 ἐπιμελούμενος.

2449 2262 2543 2314 καὶ
2581 2260 2719 2313 κατά
2746 2261 2872 2322 τοὺς
2905 2261 3194 2330 κειμένους
3223 2261 3421 2329 νόμους
3446 2259 3660 2311 ἰθύνων.
3708 2258 3764 2310 Ὀ
3797 2257 3852 2309 δὲ
3883 2259 4023 2308 H36-

2447 2352 2598 2414 δοτος
2646 2348 2799 2416 οὗτος
2855 2352 2962 2405 ἀπὸ
3022 2355 3121 2422 τῆς
3180 2350 3469 2420 Ἀρμενίας
3525 2348 3866 2418 ὁρμώμενος.
3925 2350 4025 2417 τὴν

2447 2444 2752 2514 ἀσκητικὴν
2802 2443 3018 2510 ἐκείνην
3064 2442 3372 2512 συμμορίαν
3425 2441 3778 2510 θεασάμενος,
3817 2440 3884 2492 τὰ
3924 2443 4026 2508 μὲν

2448 2533 2642 2604 πρῶτα
2693 2532 2830 2604 μετᾶ
2890 2531 3000 2584 τῶν
3049 2531 3305 2600 ὑπηκόων
3352 2533 3626 2592 ἐτέτακτο,
3673 2529 3750 2598 τῷ
3797 2529 4024 2596 μεγαλῳ

2447 2626 2726 2694 Θεοτέκνῳ
2789 2623 3124 2692 κυϐερνῶντι
3162 2621 3498 2690 πειθόμενος.
3549 2620 3762 2690 Ἐπειδὴ
3812 2620 3891 2685 δὲ,
3947 2621 4024 2682 ὡς

2448 2721 2605 2789 ἔφην,
2640 2719 2666 2767 ὁ
2706 2717 2804 2788 μὲν
2863 2716 3219 2786 ἐξεδήμησεν,
3269 2713 3428 2776 αὐτὸς
3465 2713 3518 2765 δὲ
3550 2714 3648 2782 τὴν
3680 2712 4024 2782 προστασίαν

2447 2807 2745 2880 παρέλαΰε,
2771 2806 3043 2867 τοσούτοις
3087 2804 3358 2874 ἐκόμασεν
3398 2802 3642 2869 ἀγαθοῖς,
3667 2801 3741 2862 ὡς
3767 2802 4020 2870 ἀποκρύ-

2443 2897 2542 2968 ψαι
2573 2897 2768 2968 μικροῦ
2805 2897 2911 2950 δεῖν
2939 2896 3064 2959 τοὺς
3104 2895 3402 2967 προτέρους
3426 2896 3490 2962 τῇ
3517 2895 3691 2963 φήμῃ.
3729 2891 3887 2945 Οὕτω
3909 2892 4021 2962 γὰρ

2444 2990 2609 3042 αὐτὸν
2645 2991 2672 3042 ὁ
2721 2988 2862 3051 θεῖος
2911 2987 3311 3056 κατειργάσατο
3363 2983 3549 3048 πόθος,
3595 2984 3687 3036 καὶ
3742 2984 4026 3050 τοσούτοτς

2443 3082 2603 3135 αὐτὸν
2691 3079 2784 3134 καὶ
2860 3079 3120 3141 τοιούτοις
3199 3077 3505 3148 κατέτρωσε
3619 3075 3864 3144 βέλεσιν,
3944 3078 4018 3138 ὡς

2443 3175 2658 3246 νύκτωρ
2715 3173 2806 3226 καὶ
2861 3172 2978 3240 μεθ’
3041 3171 3256 3242 ἡμέραν
3317 3170 3413 3238 τῆς
3473 3168 3819 3232 κατανύξεως
3884 3185 4018 3238 προ-

2440 3267 2587 3338 χέειν
2655 3264 2724 3318 τά
2781 3263 3022 3334 δάκρυα’
3075 3261 3346 3331 τοσαύτης
3393 3260 3447 3313 δέ
3499 3260 3878 3330 πνευματικῆς
3920 3260 4017 3329 χάο

2434 3375 2580 3428 ριτος
2631 3357 2910 3419 ἀνάπλεως
2974 3351 3060 3426 ἦν,
3102 3355 3178 3416 ὡς
3241 3353 3675 3424 προσευχομένου
3717 3353 3880 3422 σιγᾷν
3919 3351 4016 3422 μὲν

2432 3449 2678 3511 ἅπαντας
2703 3449 2827 3509 τοὺς
2849 3447 3140 3516 παρόντας,
3168 3445 3378 3498 ἐπαΐειν
3405 3443 3461 3496 δὲ
3513 3444 3687 3512 μόνων
3706 3443 3814 3495 τῶν
3855 3442 4015 3513 ἱερῶν

2432 3541 2656 3594 ἐκείνων
2680 3539 2958 3611 ῥημάτων,
3013 3535 3322 3608 προσευχὴν
3356 3535 3648 3588 σπουδαίαν
3682 3533 3780 3603 τὴν
3808 3534 4014 3604 ἀκρόα-

2432 3649 2517 3684 σιν
2544 3631 2904 3701 ἡγουμένους.
2940 3629 3037 3692 Τίς
3081 3628 3190 3699 γάρ
3219 3627 3391 3691 οὕτως
3435 3627 3793 3697 ἀδαμάντινος
3816 3622 3912 3696 ἦν,
3940 3627 4014 3689 ὡς

2431 3723 2651 3774 ἐκείνων
2681 3720 2854 3783 οὕτως
2903 3719 3364 3790 προσφερομένων
3393 3717 3501 3770 τῶν
3538 3717 3711 3786 λόγων
3742 3719 3815 3789 μὴ
3841 3736 4013 3771 κατα-

2431 3814 2718 3884 θελχθῆναι
2764 3813 2863 3884 τὴν
2910 3811 3107 3882 ψυχὴν,
3144 3811 3240 3864 καὶ
3284 3811 3345 3863 τὸ
3397 3809 3632 3880 σκληρὸν
3662 3811 3872 3879 ταύτης
3920 3812 4012 3864 καὶ

2431 3905 2654 3968 ἀπειθὲς
2681 3901 3084 3973 καταμαλάξαι,
3111 3901 3206 3953 καὶ
3245 3901 3383 3972 πρὸς
3408 3901 3506 3971 τὴν
3535 3901 3687 3954 θείαν
3708 3901 4009 3971 θεραπείαν

2434 3997 2796 4068 μεταγαγεῖν;
2824 3995 2978 4047 Οὕτω
2997 3993 3117 4046 καθ’
3152 3994 3386 4063 ἑκάστην
3425 3993 3638 4063 ἡμέραν
3660 3992 3749 4044 τὸν
3775 3993 4012 4047 πλοῦτον

2430 4087 2626 4154 αὔξων,
2682 4087 2773 4139 καὶ
2832 4087 2957 4148 τοὺς
2997 4085 3230 4149 ἀσύλους
3285 4086 3592 4156 θησαυροὺς
3620 4083 3851 4153 πλήρεις
3899 4087 4011 4138 τῶν

2428 4179 2684 4231 τοιούτων
2714 4175 2933 4244 ἀγαθῶν
2990 4175 3326 4242 ἀποφαίνων,
3363 4175 3525 4226 πέντε
3570 4173 3664 4226 καὶ
3693 4172 3870 4227 εἴκοσι
3912 4176 4010 4244 ἐτη

2429 4269 2698 4338 ποιμάνας
2725 4267 2785 4319 τὸ
2808 4266 3077 4335 ποίμνιον,
3107 4264 3408 4335 προσετέθη
3448 4265 3582 4334 πρὸς
3605 4265 3730 4327 τοὺς
3762 4266 4011 4335 πατέρας

2428 4361 2615 4422 αὑτοῦ,
2661 4359 2802 4413 κατὰ
2840 4359 2939 4429 τὴν
2993 4357 3144 4411 θείαν
3189 4357 3432 4428 Γραφὴν,
3472 4357 3700 4424 τραφεὶς
3747 4359 3804 4409 ἐν
3843 4359 4010 4428 γήρει

2429 4451 2597 4519 καλῷ,
2631 4450 2908 4519 Θεοτέκνῳ
2932 4447 3195 4518 ἀδελφιδῷ
3239 4448 3336 4518 μὲν
3359 4448 3472 4500 ὄντι
3492 4448 3550 4500 τὸ
3591 4449 3764 4514 γένος,
3789 4448 4008 4518 ἀδελφῷ

757 4527 1004 4580 molestia
1059 4528 1181 4596 quis
1232 4527 1538 4582 afficeretur
1584 4543 1741 4598 opem
1798 4529 1998 4597 ferens,
2053 4533 2325 4587 interdum

2434 4544 2484 4596 δὲ
2513 4543 2602 4595 τὸν
2629 4544 2850 4611 τρόπον,
2891 4543 2986 4605 τὰς
3039 4542 3193 4611 ἡνίας
3252 4541 3546 4611 παραδούς.
3575 4542 3682 4593 Καὶ
3720 4542 3748 4589 ὁ
3785 4541 3929 4606 θεῖος
3949 4544 4006 4596 δὲ

753 4619 914 4672 etiam
943 4618 1179 4671 divinam
1200 4620 1478 4674 sodalibus
1539 4621 1978 4675 exhortationem
2030 4626 2319 4678 exhibens.

753 4713 931 4779 Atque
969 4709 1084 4764 haec
1119 4710 1333 4782 1166
1361 4712 1572 4782 singula
1609 4711 1690 4765 sic
1717 4714 2024 4782 praestabat,
2068 4724 2127 4767 ut
2189 4733 2322 4768 con-

755 4801 1118 4856 tubernalium
1146 4803 1359 4857 interim
1391 4803 1716 4858 vestimenta
1751 4804 2067 4868 resarciret,
2101 4805 2324 4875 legumi-

753 4910 822 4947 na
879 4902 1237 4964 expurgaret,
1289 4895 1622 4950 frumentum
1686 4897 1966 4952 ablueret.
2026 4905 2120 4949 aut
2178 4898 2320 4952 aliud

751 4982 1031 5051 quidpiam
1060 4991 1240 5051 ageret
1282 4985 1572 5053 ejusmodi.
1611 4985 1689 5037 Ad
1749 4985 1892 5038 hunc
1937 4986 2028 5038 ille
2076 4987 2318 5048 modmu,

749 5083 802 5125 et
831 5075 1203 5141 pontificatum
1243 5092 1469 5137 ornans,
1499 5087 1551 5130 et
1603 5092 1808 5145 augens
1870 5079 2149 5142 virtutem,
2197 5095 2320 5131 cum

751 5167 912 5233 hujus
961 5169 1223 5222 oneribus
1267 5171 1542 5222 etelestem
1599 5179 1814 5237 portum
1867 5169 2108 5222 intravit.
2179 5169 2319 5234 Quid

753 5273 912 5326 porro
931 5259 996 5312 de
1036 5260 1350 5313 'l'heoteeno
1380 5263 1559 5316 dicere
1616 5262 1848 5323 attinet,
1913 5272 2006 5316 aut
2055 5262 2122 5316 de
2175 5261 2320 5315 illius

751 5362 1071 5402 successore
1099 5349 1386 5418 Gregorio,
1429 5367 1662 5418 quormn
1724 5352 1834 5415 ille,
1888 5368 2012 5406 cum
2077 5368 2105 5406 a
2145 5354 2317 5422 prima

764 5447 924 5492 aetate
960 5454 1131 5506 genus
1159 5457 1319 5495 omne
1351 5444 1569 5498 virtutis
1618 5445 1967 5508 excoluisset,
2007 5461 2129 5501 cum
2175 5447 2317 5501 avita

751 5530 921 5591 gloria
955 5531 1192 5586 decessit
1233 5551 1246 5588 :
1278 5534 1414 5590 alter
1449 5534 1716 5606 hodieque
1746 5545 2027 5605 superstes
2074 5539 2126 5590 in
2188 5554 2317 5607 pro-

750 5630 902 5674 vecta
932 5632 1211 5679 senectute
1234 5632 1487 5694 tanquam
1521 5629 1575 5680 iu
1603 5637 1791 5697 vegeto
1814 5644 2041 5699 corpore
2067 5631 2318 5686 laborat?

749 5710 991 5767 l’crstitit
1019 5716 1160 5768 enim
1198 5718 1324 5771 vitis
1370 5717 1604 5772 fructum
1663 5721 1880 5789 penitus
1928 5738 2218 5792 respuens,
2253 5739 2315 5776 ac.

749 5820 811 5859 ne
836 5812 988 5858 aceto
1016 5806 1230 5875 quidem
1266 5811 1344 5861 vel
1378 5809 1496 5861 uvis
1538 5812 1711 5878 passis
1767 5821 1944 5869 utens,
1999 5829 2096 5871 uec
2153 5815 2310 5874 lacte.

2427 4635 2637 4693 ἐκεῖνος
2674 4632 2949 4700 ’Λφθόνιος
2974 4630 3193 4684 πλείονα
3245 4631 3276 4700 ἦ
3324 4631 3736 4700 τεσσαράκοντα
3779 4631 3873 4701 ἔτη
3907 4631 4005 4684 τοῦ

2425 4723 2584 4794 χοροῦ
2609 4724 3034 4794 προστατεύσας,
3168 4722 3574 4792 ἀρχιερωσύνης
3591 4723 3687 4792 τὴν
3709 4725 4005 4793 προεδρίαν

2424 4815 2658 4879 ἐδέξατο,
2715 4813 2835 4866 οὔτε
2884 4814 2982 4885 τὴν
3043 4813 3348 4883 ἀσκητικὴν
3410 4813 3703 4877 ἐναλλάξας
3749 4815 4001 4882 σισύραν,

2423 4907 2543 4959 οὔτε
2561 4907 2649 4959 τὸν
2679 4905 2738 4970 ἐξ
2771 4907 2990 4973 αἱγείων
3010 4904 3212 4975 τριχῶν
3237 4904 3742 4974 κατεσκευασμένον
3771 4905 3994 4973 χιτῶνα·

2423 4997 2515 5049 καὶ
2541 4997 2724 5048 σιτίων
2746 4995 3043 5064 ἁπήλαυεν,
3093 4995 3220 5047 οἴων
3263 4993 3368 5064 πρὸ
3417 4995 3513 5061 τῆς
3556 4993 3846 5064 προεδρίας
3897 4997 4014 5048 ἀπ-

2424 5087 2612 5155 ήλαυε.
2645 5087 2756 5139 Καὶ
2793 5085 2996 5153 ταύτην
3025 5084 3081 5137 δὲ
3111 5083 3210 5154 τὴν
3243 5085 3568 5152 κηδεμονίαν
3601 5084 4000 5153 ἀναδεξάμενος

2421 5179 2573 5230 οὐδὲν
2589 5174 2752 5248 ἦττον
2772 5178 2869 5247 τῆς
2900 5177 3101 5243 ἀγέλης
3130 5175 3344 5244 ἐκείνης
3373 5175 3722 5244 ἐπεμελεῖτο·
3758 5178 3877 5228 ἐκεῖ
3903 5178 4002 5239 τὰς

2422 5269 2642 5330 πλείους
2675 5269 2961 5338 διατρίϐων
2983 5267 3216 5336 ἡμέρας,
3238 5266 3330 5319 καὶ
3367 5265 3459 5318 νῦν
3497 5266 3594 5335 μὲν
3622 5265 3727 5319 τῶν
3755 5265 4001 5336 ζυγομα-

2421 5360 2660 5429 χούντων
2682 5360 2779 5422 τὰς
2803 5360 2982 5426 ἔριδας
3013 5357 3266 5421 διαλύων,
3297 5355 3391 5409 νῦν
3437 5356 3494 5409 δὲ
3519 5357 3626 5410 τῶν
3657 5357 3748 5425 ὑφ’
3777 5357 4000 5409 ὁτουοῦν

2420 5453 2806 5521 ἀλγυνομένων
2861 5451 3180 5521 ποιούμενος
3240 5450 3517 5518 πρόνοιαν,
3573 5449 3760 5500 ἄλλοτε
3791 5449 3847 5501 δὲ
3887 5452 4000 5511 τοῖς

2421 5544 2719 5607 θιασώταις
2742 5545 2838 5612 τὴν
2862 5544 3010 5596 θείαν
3034 5543 3353 5614 προσφέρων
3375 5543 3714 5612 παραίνεσιν.
3735 5542 3848 5594 Καὶ
3874 5544 4001 5594 τού-

2418 5654 2530 5688 των
2586 5637 2816 5688 ἓκαιττον
2844 5635 2991 5704 ἕδρα,
3025 5635 3096 5687 τὰ
3139 5634 3250 5688 τῶν
3296 5634 3619 5704 ὁμοσκήνων
3654 5632 3859 5703 μεταξὺ
3903 5650 4001 5686 περ

2424 5724 2946 5795 ριρῤύιπτωνρακια,
2998 5724 3029 5794 ἦ
3075 5725 3164 5777 τὸν
3200 5724 3372 5793 φακὸν
3420 5723 3786 5793 ἐκκαθαίρων,
3834 5723 3866 5790 ἢ
3909 5724 4002 5776 τὸν

2423 5819 2569 5870 σῖτον
2603 5816 2901 5875 ἐκπλύνιοιν,
2938 5817 2967 5886 ἢ
3003 5817 3125 5869 ἄλλο
3169 5834 3217 5868 τι
3265 5816 3372 5869 τῶν
3406 5815 3660 5868 τοιούτων
3688 5813 4002 5883 μεταχειρί-
