4206 6456
238 428 374 491 1357
1465 426 1865 487 RELIGIOSA
1907 426 2287 487 HISTORIA.
3336 422 3467 484 1358

229 538 535 604 ζων.οὖτω
554 538 644 593 καί
663 536 762 610 τὴν
792 539 1079 612 προεδρίαν
1113 540 1414 609 κοσμήσας,
1437 540 1529 593 καὶ
1559 539 1658 608 τὴν
1679 540 1804 609 ἀρεο
1836 545 1875 599 Λ

1836 545 1875 599 Λ
1906 554 1999 594 seu
2028 539 2260 607 liquido,
2297 554 2390 592 sru
2418 547 2673 592 concreto
2697 558 2710 593 :
2738 539 2815 594 sic
2853 538 2996 594 enim
3018 539 3199 594 vivere
3243 554 3467 608 magnus

227 629 333 699 τὴν
356 631 691 701 ὲπαυξήσας,
738 633 874 702 μετά
900 632 1008 684 τῶν
1036 632 1237 701 ταύτης
1267 631 1500 702 φσρτίων
1533 631 1622 684 τὸν
1666 631 1805 684 θεῖον

1912 630 2138 685 Publius
2171 630 2431 685 edixerat.
2470 628 2584 683 Olci
2624 643 2748 683 vero
2776 645 2935 683 usum
2973 638 3221 699 tempore
3276 627 3470 683 Pente-

230 722 429 790 λιμένα
464 724 751 779 κατέλαϐε.
778 725 888 778 Καὶ
922 724 973 775 τί
1010 723 1088 776 δεῖ
1114 723 1292 791 λέγειν
1332 724 1459 793 περὶ
1485 722 1799 780 Θεοτέκνου,

1911 729 2089 775 costes
2132 721 2516 782 admittentes,
2557 734 2621 773 eo
2670 727 2856 789 postea
2915 736 3108 775 rursus
3165 719 3463 775 abstinent.

230 813 325 865 καὶ
358 814 449 866 τοῦ
477 814 592 883 μετ’
615 817 820 867 ἐκεῖνον
843 815 1161 884 Γρηγορίου,
1187 814 1279 866 τοῦ
1312 815 1411 883 μὲν
1436 817 1492 867 ὲν
1517 814 1728 883 νεότητι
1761 815 1867 866 πᾶν
1892 808 2027 875 εἶδος
2061 812 2374 879 φιλοσοφίας
2405 811 2797 882 συνειληχότος,
2823 812 2915 864 καὶ
2940 813 3073 880 μετά
3091 814 3189 882 τῆς
3218 828 3470 881 προγονι-

231 904 339 973 κῆς
362 905 611 968 εὐκλείας
639 906 1133 977 ἀποδεδημηκότος,
1159 905 1253 957 τοῦ
1281 905 1335 958 δὲ
1362 904 1439 957 ἔτι
1469 905 1560 957 καί⁵
1593 906 1828 975 σήμερον
1846 906 1902 956 ὲν
1928 904 2074 972 γήρᾳ
2103 901 2273 971 βαθεῖ,
2296 900 2370 961 ὼς
2386 902 2443 953 ὲν
2462 902 2762 970 ἀκμάζοντι
2797 900 3084 964 πονοῦντος
3118 903 3193 973 τῷ
3221 888 3466 972 σώματι.

231 994 479 1065 Διέμεινε
495 996 601 1067 γὰρ
634 997 911 1057 παντελῶς
930 998 1026 1066 τῆς
1045 997 1288 1065 ἀμπέλου
1318 996 1403 1047 τὸν
1427 995 1636 1065 καρπὸν
1658 993 2110 1065 παραιτούμενος,
2136 992 2231 1045 καὶ
2254 991 2375 1044 οὐδὲ
2396 991 2551 1055 ὄξους
2588 991 2620 1061 ἢ
2648 992 2913 1060 σταφίδων
2934 993 3382 1061 μεταλαμϐάνων,
3407 994 3468 1043 ού

230 1086 525 1154 γάλακτος,
561 1089 660 1141 οὑκ
683 1088 1139 1159 ἀρτιληφθέντος.
1178 1090 1240 1141 οὐ
1264 1089 1590 1157 πεπηγότος.
1618 1087 1774 1141 Οὕτω
1798 1086 1908 1157 γὰρ
1948 1084 2095 1155 βιοῦν
2142 1088 2170 1139 ὁ
2213 1086 2385 1155 μέγας
2429 1085 2786 1154 ἐνομοθέτησε
2826 1083 3109 1147 Πούπλιος.
3160 1083 3368 1135 Ἑλαίου
3414 1082 3473 1134 δὲ

232 1178 376 1231 κατὰ
407 1168 500 1230 τὸν
523 1179 621 1248 τῆς
649 1182 1022 1249 Πεντηκοστῆς
1060 1181 1248 1250 καιρὸν
1274 1181 1372 1249 τὴν
1410 1180 1598 1248 χρείαν
1633 1178 2007 1248 μανθάνοντες,
2051 1178 2144 1230 καὶ
2182 1177 2343 1229 πάλιν
2368 1175 2761 1247 παραιτοῦνται
2804 1175 2967 1227 αὐτοῦ
3005 1175 3104 1245 τὴν
3148 1172 3468 1242 μετάληψιν.

302 1270 538 1323 Τοιαῦτα
556 1273 649 1323 καὶ
671 1273 904 1340 περὶτοῦ
931 1273 1165 1342 μεγάλου
1199 1272 1466 1326 Πουπλίου
1489 1270 1799 1340 μεμάθηκα,

231 1358 301 1410 τὰ
334 1360 432 1427 μὲν
458 1361 593 1429 ἀκοῇ
622 1360 933 1430 δεξάμενος,
966 1362 1032 1414 τὰ
1061 1361 1117 1414 δὲ
1146 1362 1271 1422 τοὺς
1303 1361 1513 1413 ἐκείνου
1543 1358 1802 1428 φοιτητὰς

232 1448 569 1519 θεασάμενος
597 1451 690 1503 καὶ
708 1452 797 1504 τὸν
812 1452 1148 1513 διδάσκαλον,
1182 1453 1274 1505 καὶ
1303 1452 1389 1504 διὰ
1430 1452 1537 1504 τῶν
1559 1450 1803 1520 ἀθλητῶν

230 1541 324 1590 τὸν
346 1539 699 1609 παιδοτρίϐην
734 1541 1082 1611 καταμαθών.
1115 1543 1334 1595 Ἀδικον
1368 1542 1546 1595 τοίνυν
1576 1542 1802 1611 νομίσας

232 1630 332 1681 καὶ
363 1629 651 1698 βάσκανον,
694 1634 960 1703 τοσαύτην
1019 1633 1286 1701 ὠφέλειαν
1340 1630 1624 1702 προδοῦναι
1651 1635 1801 1701 σιγῇ,

232 1720 349 1780 τοῖς
397 1719 649 1787 ἀγνοοῦσι
690 1723 1052 1792 προστέθεικα
1089 1724 1149 1776 τὸ
1185 1725 1448 1793 διήγημα,
1488 1724 1581 1778 καὶ
1623 1724 1803 1786 αὐτοῖς

231 1806 333 1875 τὴν
363 1808 608 1862 ἐντεῦθεν
636 1810 902 1879 ὠφέλειαν
922 1812 1465 1884 πραγματευόμενος,
1483 1810 1832 1882 καίὲμαυτῷ’

232 1896 295 1948 τὸ
328 1898 439 1950 ἀπὸ
458 1900 556 1968 τῆς
582 1902 800 1970 μνήμης
837 1903 1289 1973 περιποιούμενος
1312 1904 1520 1973 κέρδος.
1560 1906 1804 1956 Ἤκουσα

231 1985 344 2054 γάρ
371 1986 467 2039 τοῦ
494 1987 763 2041 Δεσπότου
793 1990 1042 2055 λέγοντος
1064 2007 1077 2020 ο
1107 2009 1127 2042 ι
1163 1993 1276 2055 Πᾶς
1314 1994 1460 2054 ὅστις
1484 1992 1805 2062 ὁμολογήσει

234 2080 292 2130 ὲν
324 2080 448 2146 ἐμοὶ
471 2077 777 2149 ἔμπροσθεν
804 2081 910 2134 τῶν
940 2080 1260 2151 ἀνθρώπων,
1298 2082 1617 2153 ὁμολογήσω
1652 2081 1805 2150 κάγὼ

232 2171 291 2221 ὲν
312 2171 463 2240 αὐτῷ
486 2170 791 2243 ἔμπροσθεν
816 2172 909 2226 τοῦ
932 2173 1145 2244 Πατρός
1164 2192 1285 2244 μου,
1309 2173 1403 2227 τοῦ
1426 2175 1483 2227 ἐν
1501 2175 1798 2245 οὐρανοῖς.»

234 2257 346 2308 Καὶ
374 2253 491 2311 οἴδα
522 2259 730 2328 σαφῶς,
754 2260 828 2325 ὼς
856 2264 966 2323 τοῖς
988 2261 1294 2332 ἀνθρώποις
1328 2263 1423 2335 τὴν
1445 2263 1649 2317 τούτων
1675 2266 1805 2335 μνή·

236 2364 347 2416 μην
371 2348 776 2416 προσενεγκὼν,
809 2349 906 2419 τῆς
940 2351 1034 2405 ἐπὶ
1072 2352 1169 2404 τοῦ
1196 2352 1331 2406 Θεοῦ
1361 2354 1469 2407 τῶν
1506 2354 1644 2407 ὅλων
1676 2356 1805 2427 παρ’

236 2438 419 2492 αὐτῶν
444 2440 817 2511 ἀπολαύσομαι
851 2444 1088 2513 μνήμης.

521 2534 609 2598 τῖ’.
631 2562 701 2571 -
737 2533 1104 2587 ΣΥΜΕΩΝΗΣ
1144 2537 1185 2588 0
1210 2534 1523 2591 ΠΑΛΑΙΟΣ.

307 2621 601 2692 Συμεὼνην
652 2624 709 2677 δὲ
765 2626 853 2678 τὸν
906 2626 1215 2697 πρεσϐύτην
1248 2626 1413 2690 εἴτις
1455 2628 1595 2681 ἑκὼν
1625 2646 1804 2701 παρα-

235 2708 491 2780 Heli-mi,
522 2711 614 2764 καὶ
640 2712 774 2782 λήθῃ
818 2713 915 2783 τῆς
956 2714 1164 2767 ἐκείνου
1193 2715 1507 2786 φιλοσοφίας
1541 2720 1805 2789 παραδοίη

239 2802 337 2871 τὴν
375 2801 595 2872 μνήμην
615 2844 630 2867 ,
662 2803 872 2867 ἀδικίας
923 2804 987 2858 ἂν
1036 2806 1257 2869 εἰκότως
1288 2809 1381 2860 καὶ
1417 2807 1714 2876 βασκανίας
1745 2810 1807 2864 ού

240 2891 405 2958 φύγοι
447 2894 685 2961 γραφὴν,
734 2894 808 2956 ὡς
861 2898 998 2965 μήτε
1050 2899 1293 2949 ἐπαινεῖν
1343 2897 1541 2950 ἐθέλων
1586 2900 1653 2951 τά
1694 2899 1808 2965 ἀξι-

240 2981 461 3045 έπαινα,
493 2985 627 3052 μήτε
656 2986 765 3046 τοῖς
796 2983 1118 3051 ὠφελεῖσθαι
1153 2985 1496 3056 βουλομένοις
1525 2989 1605 3050 εἰς
1635 2989 1807 3058 μίμη-

1979 1265 2101 1321 llaec
2128 1282 2227 1335 ego
2245 1266 2313 1320 de
2336 1281 2531 1335 magno
2552 1265 2744 1320 Publio
2778 1264 3074 1329 condidici,
3119 1267 3313 1335 partim
3349 1268 3474 1335 qui-

1912 1356 2035 1411 dem
2068 1357 2135 1410 ab
2165 1356 2290 1412 aliis
2323 1355 2531 1418 audita,
2567 1357 2765 1426 partim
2829 1356 2951 1426 ejus
3000 1356 3303 1426 discipulos
3334 1360 3350 1378 ‘
3389 1357 3474 1410 in-

1916 1449 2119 1501 tuendo
2152 1447 2205 1500 in
2244 1447 2527 1516 discipulis
2566 1446 2884 1515 magistrum
2936 1462 3259 1518 agnoscens,
3301 1456 3353 1499 et
3407 1464 3470 1500 cx

1906 1538 2124 1593 athletis
2148 1537 2498 1605 paedotribam
2524 1536 3018 1606 comprehenderis.
3057 1539 3232 1607 Iniqui
3268 1553 3398 1607 ergo
3421 1547 3473 1588 et

1907 1628 2077 1682 invidi
2114 1644 2237 1684 esse
2293 1643 2527 1683 censeas
2597 1635 2805 1682 tantam
2875 1629 3160 1684 utilitatem
3226 1643 3474 1698 premere

1908 1718 2147 1780 silentio,
2174 1717 2669 1772 uescientibusista
2696 1717 2939 1782 narravi,
2973 1725 3033 1772 ut
3084 1724 3140 1772 et
3185 1718 3293 1771 illis
3356 1730 3471 1767 ma-

1907 1816 2126 1862 nantem
2163 1808 2288 1862 inde
2316 1808 2552 1861 fructum
2579 1822 2888 1875 procurem,
2926 1815 2979 1863 et
3012 1823 3078 1861 ex
3111 1820 3471 1861 eorumcom-

1908 1899 2300 1952 memoratione
2363 1900 2567 1968 aliquid
2646 1899 2765 1965 ipse
2842 1898 3203 1952 lucrifaciam.
3275 1896 3471 1950 Audivi

1905 1987 2047 2041 enim
2109 1986 2401 2042 Dominum
2446 1990 2751 2042 dicentem:
2790 2007 2809 2038 ι
2877 1988 2978 2053 Qui
3035 2004 3121 2042 me
3181 1987 3472 2043 confessus

1907 2077 2068 2131 fuerit
2108 2092 2293 2130 coram
2353 2077 2686 2142 hominibus,
2741 2077 3043 2131 confitebor
3087 2087 3141 2131 et
3202 2092 3301 2147 ego
3346 2093 3469 2131 eum

1906 2184 2087 2225 coram
2128 2169 2285 2223 Patre
2325 2171 2548 2239 meoqui
2577 2178 2661 2224 est
2686 2169 2738 2224 in
2768 2170 3006 2232 cmlis'n
3054 2186 3071 2219 ι
3100 2170 3471 2237 exploraturu-

1905 2278 2012 2331 que
2058 2262 2230 2315 habeo
2295 2261 2562 2324 futurum,
2609 2272 2667 2316 ut
2718 2262 2762 2316 si
2782 2277 2977 2317 eorum
3035 2260 3176 2329 apud
3225 2259 3471 2314 homines

1905 2353 2239 2407 mentionem
2277 2351 2477 2415 fecero,
2514 2353 2615 2421 ipsi
2665 2368 2886 2423 quoque
2931 2352 3035 2407 mei
3095 2352 3240 2421 apud
3300 2350 3469 2406 Deum

1907 2443 2283 2500 universorum
2318 2444 2689 2499 meminerint.

2099 2537 2307 2606 1167
2342 2536 2511 2590 Vl.—
2543 2534 2910 2591 SYMEONES
2948 2534 3259 2590 PRISCUS.

1978 2626 2307 2696 Symeonem
2328 2639 2457 2679 vero
2475 2640 2663 2679 senem
2689 2625 2735 2679 si
2754 2624 2878 2694 quis
2903 2639 3000 2679 sua
3027 2632 3224 2693 sponte
3254 2630 3471 2692 przeter-

1908 2716 2111 2779 mittat,
2155 2717 2531 2784 virtutumque
2558 2715 2683 2784 ejus
2717 2715 3051 2768 mentionem
3086 2714 3307 2768 silentio
3344 2728 3468 2782 pre-

1908 2816 2039 2870 mat,
2076 2807 2290 2876 injuria:
2321 2807 2518 2862 merito
2541 2815 2596 2862 et
2625 2807 2840 2861 invidiae
2868 2814 3055 2861 notam
3086 2820 3193 2859 non
3224 2804 3468 2876 effugiet,

1909 2897 2083 2965 utqui
2118 2911 2215 2950 nec
2245 2894 2467 2949 laudare
2502 2896 2593 2950 illa
2638 2896 2770 2950 velit
2806 2910 2929 2963 quae
2991 2896 3267 2949 laudanda
3319 2904 3468 2957 sunt,

1910 3000 2011 3040 nec
2038 3001 2159 3055 quae
2187 2985 2369 3041 studio
2401 2986 2562 3056 digna
2585 2987 2653 3043 iis
2682 2988 2775 3057 qui
2800 2988 3067 3059 prolicere
3097 2989 3325 3056 cupiunt
3350 2989 3473 3041 imi-

241 3085 328 3121 σιν
357 3070 651 3165 ἀξιέραστα
685 3073 978 3141 προτιθείς.
1021 3073 1161 3142 Ἐγὼ
1187 3075 1243 3128 δὲ
1281 3076 1340 3128 ού
1386 3075 1534 3146 φόϐῳ
1560 3077 1657 3147 τῆς
1679 3095 1806 3130 κατ·
1833 3106 1875 3165 c

1833 3106 1875 3165 ο
1911 3076 2074 3130 tanda
2116 3092 2441 3146 proponere.
2495 3076 2607 3148 Ego
2637 3092 2768 3134 vero
2805 3079 2929 3149 ejus
2971 3082 3096 3134 vitae
3154 3079 3468 3135 institutum

240 3160 494 3230 ηγορίας,
521 3161 655 3214 ἀλλὰ
689 3162 835 3230 πόθῳ
866 3167 963 3233 τῆς
1009 3164 1303 3235 εὐφημίας,
1342 3166 1439 3237 τῆς
1480 3166 1628 3219 τοῦδε
1659 3168 1807 3220 πολι·
1843 3160 1874 3165 ⁷

1843 3160 1874 3165 ⁷
1906 3182 2018 3223 non
2069 3169 2517 3237 reprehensionis
2577 3179 2761 3234 metu,
2810 3170 2908 3225 sed
2971 3171 3153 3226 laudis
3200 3171 3472 3227 desiderio

240 3252 393 3315 τείας
429 3253 717 3324 ποιήσομαι
765 3256 863 3326 τὴν
912 3255 1179 3326 διήγησιν.
1225 3248 1393 3320 Οὗτος
1425 3256 1532 3327 γὰρ
1562 3257 1808 3311 πλεῖστον

241 3346 326 3398 ὅτι
365 3345 597 3413 μάλιστα
618 3345 881 3398 διετέλεσε
924 3348 1112 3417 χρόνον
1144 3346 1233 3400 τὸν
1274 3349 1536 3417 ὲρημικὸν
1574 3347 1811 3412 ἀσπαζό-

246 3451 406 3502 μενος
439 3434 572 3503 βίον,
604 3437 697 3488 καὶ
734 3436 789 3488 ἓν
844 3454 947 3489 τινι
990 3436 1181 3507 βραχεῖ
1214 3435 1565 3506 διαιτώμενος
1608 3438 1806 3509 ἄντρῳ,

243 3521 574 3593 ⁴νιαραψυχῆς
607 3522 703 3592 μὲν
743 3522 1087 3593 ἀνθρωπίνης
1131 3525 1384 3593 οὐδεμιᾶς
1413 3524 1678 3596 ἀπήλαυε’
1715 3526 1811 3594 μό-

242 3630 331 3675 νος
372 3612 482 3684 γὰρ
508 3611 764 3681 βιοτεύειν
821 3613 1131 3684 προείλετο,
1165 3613 1241 3684 τῷ
1282 3613 1399 3683 Θεῷ
1427 3614 1481 3666 δὲ
1527 3614 1633 3667 τῶν
1675 3614 1809 3667 ὅλων

242 3702 537 3771 ἐνδελεχῶς
561 3703 826 3770 διελέγετο
845 3721 858 3734 ·
890 3704 988 3766 τὰς
1024 3703 1312 3775 ἐδωδίμους
1344 3704 1398 3756 δὲ
1435 3704 1542 3757 τῶν
1573 3704 1810 3774 βοτανῶν

244 3793 480 3846 ἐποιεῖτο
511 3795 734 3864 τροφήν.
763 3786 928 3857 Οὗτος
953 3797 979 3847 ὁ
1002 3796 1159 3859 πόνος
1194 3793 1341 3864 αὐτῷ
1363 3796 1455 3847 καὶ
1482 3795 1580 3866 τὴν
1608 3794 1810 3849 ἄνωθεν

244 3883 507 3937 πλουσίαν
530 3884 843 3954 Δἐδωρήσατο
871 3886 1029 3956 χάριν
1048 3926 1063 3950 ,
1109 3886 1185 3948 ὡς
1231 3887 1322 3939 καὶ
1356 3887 1467 3949 τοῖς
1497 3885 1809 3956 ἀλκιμωτά-

242 3991 358 4036 τοις
398 3976 490 4027 καὶ
525 3974 879 4045 θρασυτάτοις
913 3977 1219 4030 ἐπιτάττειν
1250 3978 1477 4046 Θηρίοις.
1516 3979 1621 4030 Καὶ
1654 3978 1810 4031 τοῦτο

244 4065 402 4135 δῆλον
431 4066 490 4118 ού
529 4069 638 4129 τοῖς
666 4065 912 4118 εὐσεϐέσι
935 4066 1132 4136 μόνοις,
1157 4067 1289 4120 ἀλλὰ
1316 4068 1407 4120 καὶ
1431 4071 1539 4130 τοῖς
1562 4069 1809 4132 ἀπίστοις

257 4156 529 4218 Ἰουδαίοις
558 4155 791 4225 ἐγένετο.
837 4157 1037 4227 Χρείας
1066 4156 1163 4226 μὲν
1207 4156 1316 4227 γάρ
1345 4175 1485 4220 τινος
1522 4158 1683 4211 ἕνεκα
1714 4159 1811 4210 ἀπο

247 4245 483 4315 εδήμουν
500 4245 580 4308 είς
603 4263 655 4298 τι
686 4246 793 4299 τῶν
820 4247 1108 4318 φρουρίων,
1133 4246 1240 4299 τῶν
1263 4248 1365 4311 ἔξω
1393 4247 1492 4317 τῆς
1526 4248 1644 4300 καθ’
1666 4250 1809 4319 ἡμᾶς

246 4336 570 4405 οἰκουμένης
608 4336 984 4407 διακειμένων.
1034 4336 1219 4390 ’Υετοῦ
1250 4337 1307 4390 δὲ
1352 4338 1551 4409 λάϐρου
1590 4341 1811 4408 γενομέο

1909 3268 2235 3315 narraturus
2266 3276 2408 3314 sum.
2454 3260 2551 3315 llic
2576 3261 2723 3316 enim
2766 3262 2932 3316 vitam
2975 3263 3314 3319 eremiticam
3349 3265 3470 3319 lon-

1911 3350 2142 3419 gissimo
2166 3356 2413 3419 tempore
2448 3350 2628 3415 duxit,
2666 3366 2945 3421 parvaque
2985 3352 3039 3406 in
3082 3354 3345 3422 spelunca
3377 3354 3474 3410 de-

1908 3455 2041 3510 gens
2073 3440 2225 3494 nullo
2262 3440 2502 3496 humano
2549 3443 2745 3497 solatio
2790 3442 3093 3509 fruebatur,
3142 3446 3293 3501 solus
3323 3448 3469 3501 enim

1908 3533 2089 3586 vivere
2126 3531 2379 3595 malebat,
2413 3534 2506 3587 sed
2542 3550 2663 3587 cum
2690 3534 2798 3590 Deo
2829 3536 3213 3591 universorum
3243 3538 3467 3593 assidue

1909 3622 2350 3691 colloquebatur.
2374 3622 2570 3680 Herbis
2595 3634 2776 3679 autem
2799 3628 3098 3682 esculentis
3124 3628 3468 3683 vescebatur.

1916 3714 2029 3779 Quo
2059 3729 2121 3768 ex
2156 3714 2341 3770 labore
2362 3716 2648 3785 copiosum
2674 3717 2916 3772 cmlestis
2940 3718 3126 3786 gratia:
3155 3719 3469 3773 thesaurum

1912 3805 2149 3875 adeptus
2185 3813 2293 3867 est,
2327 3806 2402 3860 ita
2442 3815 2503 3860 ut
2547 3808 2960 3863 immanissimis
3009 3824 3072 3862 ac
3115 3808 3472 3865 ferocissimis

1906 3895 2104 3951 belluis
2151 3896 2463 3965 imperaret.
2515 3896 2569 3951 Id
2615 3898 2759 3966 quod
2789 3913 2895 3952 non
2955 3898 3204 3955 ﬁdelibus
3235 3908 3468 3962 tantum,

1910 3988 2007 4042 sed
2055 3986 2359 4043 incredulis
2409 3988 2571 4042 etiam
2626 3987 2830 4043 Iudaeis
2877 3990 3228 4045 notissimum
3274 3992 3467 4047 evasit.

1910 4077 2064 4133 Ibant
2086 4079 2231 4133 enim
2267 4078 2563 4148 aliquando
2603 4081 2806 4149 negotii
2844 4080 3157 4150 cuiuspiam
3203 4096 3370 4137 causa
3418 4084 3470 4136 in

1910 4171 2168 4240 oppidum
2221 4170 2497 4240 quoddam
2547 4181 2704 4226 extra
2765 4173 3006 4243 regionis
3070 4180 3274 4227 nostra
3340 4175 3472 4228 lines

1912 4264 2173 4332 positum.
2204 4260 2379 4316 lmhre
2402 4270 2583 4316 autem
2618 4279 2741 4319 cum
2770 4264 2920 4318 venti
2950 4265 3189 4334 procella
3224 4264 3472 4321 emuente

1915 4354 2173 4412 maximo,
2204 4368 2325 4405 eum
2354 4353 2616 4407 ulteriora
2647 4354 2829 4408 videre
2881 4369 2988 4407 non
3017 4363 3263 4422 possent,
3313 4356 3470 4410 aber-

247 4444 364 4488 νου,
396 4428 488 4479 καὶ
515 4427 773 4490 λαίλαπος
797 4428 1227 4500 προσϐαλούσης,
1264 4429 1687 4500 διαμαρτάνουσι
1711 4431 1808 4499 μὲν
1844 4440 1885 4493 D

1844 4440 1885 4493 D
1914 4447 2104 4492 rarunt
2163 4454 2190 4491 a
2235 4440 2343 4501 via,
2390 4441 2757 4510 errabantque
2800 4455 2897 4511 per
2947 4442 3320 4504 solitudinem,
3373 4459 3472 4498 nec

247 4516 349 4585 τῆς
377 4516 517 4579 ὁδοῦ,
544 4516 614 4569 τὰ
661 4517 850 4588 πρόσω
894 4518 1111 4588 βλέπειν
1139 4520 1199 4572 οὐ
1231 4519 1546 4590 δυνάμενοι·
1579 4520 1813 4573 ἀλῶνται

246 4603 305 4656 δὲ
330 4604 469 4656 κατά
521 4603 616 4674 τὴν
651 4604 875 4676 ἔρημον,
900 4606 1022 4659 ούτε
1051 4606 1260 4677 κώμην,
1300 4606 1421 4660 οὔτε
1450 4609 1659 4679 ἄντρον,
1690 4608 1811 4662 οὔτε

248 4695 431 4762 ὁδίτην
449 4695 810 4765 εὑρίσκοντες,
847 4698 905 4748 ὲν
931 4697 1140 4767 ἠπείρῳ
1173 4698 1228 4751 δὲ
1271 4699 1408 4769 μέση
1456 4701 1567 4761 τοῖς
1598 4700 1813 4751 ναυτιλ-

249 4786 497 4855 λομένοις
547 4788 922 4860 παραπλήσιον
957 4789 1419 4859 κλυδωνιζόμενοι,
1462 4790 1811 4859 καταλαμϐά-

250 4896 432 4931 νουσιν
461 4874 569 4932 οἷὸν
606 4897 727 4933 τινα
749 4881 940 4949 λιμένα
966 4881 1058 4935 τοῦ
1093 4881 1235 4934 θείου
1276 4882 1560 4949 Συμεώνου
1583 4882 1641 4933 τὸ
1676 4885 1813 4951 σπή-

248 4969 436 5031 λαιον,
471 4971 563 5023 καὶ
612 4972 905 5041 θεωροῦσιν
944 4972 1224 5042 ἄνθρωπον
1275 4972 1566 5041 αὐχμῶντα
1600 4976 1691 5025 καὶ
1730 4976 1815 5042 ρυ-

253 5064 460 5126 πῶντα,
494 5065 588 5116 καί
612 5064 780 5134 βραχύ
806 5082 856 5116 τι
880 5066 1104 5134 σισύρας
1134 5066 1225 5118 ἐπὶ
1248 5066 1354 5118 τῶν
1374 5064 1537 5135 ὤμων
1564 5066 1810 5137 φέροντα.

262 5154 322 5209 '0
348 5156 403 5207 δὲ
427 5152 530 5207 εἶδέ
564 5173 616 5208 τε
665 5156 798 5225 ὁμοῦ
842 5159 932 5209 καὶ
970 5157 1272 5227 ἠσπάσατο.
1302 5159 1405 5209 Καὶ
1439 5159 1544 5227 γάρ
1586 5161 1816 5225 εὐπροσ-

252 5249 453 5317 ήγορος
482 5244 568 5317 ἦν,
599 5250 806 5318 καὶτῆς
829 5250 1059 5316 ἀφίξεως
1089 5250 1250 5321 ἤρετο
1279 5251 1374 5319 τὴν
1415 5251 1611 5303 αἰτίαν.
1648 5254 1731 5314 Ὠς
1761 5252 1815 5304 δὲ

249 5339 313 5390 τὸ
339 5338 551 5407 συμϐὰν
575 5339 919 5409 διηγήσαντο,
944 5340 1037 5392 καὶ
1066 5342 1161 5409 τὴν
1181 5341 1270 5392 ἐπὶ
1293 5341 1350 5391 τὸ
1387 5341 1639 5411 φρούριον
1656 5342 1815 5408 ἄγου-

254 5445 355 5480 σαν
404 5428 520 5479 ὁδὸν
581 5428 770 5497 μαθεῖν
825 5429 1126 5492 ἱκέτευσαν,
1168 5448 1184 5478 ι
1232 5430 1465 5483 Μείνατε
1494 5469 1506 5492 ,
1548 5432 1684 5502 ἔφη,
1722 5433 1815 5484 καὶ

254 5518 567 5586 παραυτίκα
607 5519 735 5588 ὑμῖν
793 5520 1046 5587 ἀγωγοὺς
1090 5518 1281 5580 δώσω,
1325 5520 1421 5591 τὴν
1477 5523 1815 5592 ποθουμένην

252 5608 368 5659 ὁδὸν
389 5608 784 5675 ἀποδείξοντας.
822 5629 839 5661 ι
872 5611 932 5663 Oi
980 5610 1079 5679 μὲν
1115 5607 1205 5665 οῦν
1233 5611 1524 5672 ἐπείθοντο,
1561 5613 1653 5665 καὶ
1680 5614 1817 5666 διαν-

255 5698 549 5751 επαύοντοο
596 5700 916 5769 καθημένων
949 5700 1003 5754 δὲ
1038 5700 1235 5765 αὐτῶν,
1265 5701 1518 5766 ἀφίκοντο
1544 5702 1635 5755 δύο
1666 5703 1812 5759 λέον-

330 5808 367 5836 '”
398 5810 586 5867 Matth.
626 5830 678 5878 κ,
704 5812 789 5867 52.

1913 4531 2091 4583 vicum
2135 4529 2327 4594 ullum,
2362 4546 2460 4586 nec
2486 4540 2726 4596 antrum,
2760 4546 2863 4587 nec
2893 4531 3157 4586 viatorem
3194 4532 3472 4587 oﬂenden-

1914 4630 1995 4677 tes
2024 4640 2035 4674 :
2061 4630 2257 4677 etcum
2293 4622 2467 4677 media
2496 4622 2554 4676 in
2584 4624 2918 4686 continente,
2956 4623 3180 4694 perinde
3203 4638 3267 4677 ac
3296 4626 3339 4678 si
3378 4640 3473 4677 ua-

1912 4709 2181 4778 vigarenl,
2219 4710 2918 4779 tempestatejactarentur,
2947 4712 3012 4765 ad
3041 4711 3212 4766 divini
3247 4710 3473 4783 Symeo-

1914 4800 2000 4855 nis
2020 4801 2337 4867 speluncam
2365 4800 2511 4854 velut
2528 4802 2579 4854 in
2601 4809 2816 4870 portum
2839 4801 3130 4871 quemdam
3154 4803 3469 4868 deveniunt,

1914 4892 2302 4960 hominemque
2337 4900 2574 4945 cernunt
2606 4893 2917 4961 squalidum
2934 4902 2988 4948 et
3010 4893 3269 4948 sordibus
3300 4894 3473 4947 horri-

1914 4985 2063 5047 dum,
2110 4984 2307 5038 laceris
2359 4984 2596 5051 pellibus
2635 4985 2892 5040 humeros
2944 4985 3229 5039 amictum.
3270 4985 3371 5050 Qui
3415 5000 3474 5041 ut

1916 5076 2149 5143 primum
2185 5089 2278 5128 eos
2310 5074 2444 5126 vidit
2480 5076 2771 5138 salutavit,
2799 5083 2919 5129 erat
2944 5076 3087 5129 enim
3117 5075 3352 5132 alTabilis
3375 5117 3390 5140 ,
3420 5088 3473 5131 et

1915 5167 2180 5220 adventus
2205 5170 2217 5186 ‘
2244 5178 2473 5219 causam
2503 5166 2817 5222 sciscitatus
2847 5173 2952 5222 est.
3004 5166 3068 5221 Et
3095 5182 3217 5222 cum
3244 5182 3356 5222 rem
3394 5169 3469 5222 illi

1917 5266 1973 5310 ut
2002 5264 2251 5312 evenerat
2277 5256 2680 5324 exposuissent,
2714 5265 2767 5311 et
2794 5259 2932 5311 viam
2963 5273 3085 5328 quae
3116 5258 3183 5310 ad
3216 5259 3471 5330 oppidum

1915 5347 2138 5401 duceret
2168 5346 2378 5400 ostendi
2406 5356 2661 5415 rogarent
2687 5366 2698 5401 :
2732 5367 2748 5398 ι
2774 5349 3117 5418 Exspectate,
3149 5347 3246 5412 ait,
3276 5350 3472 5404 tantis-

1917 5450 2031 5504 per,
2067 5443 2120 5488 et
2155 5434 2370 5503 1168
2400 5449 2497 5503 ego
2530 5436 2700 5490 duces
2728 5438 2882 5492 vobis
2911 5437 3075 5499 dabo,
3102 5437 3195 5507 qui
3229 5446 3469 5504 aptatam

1917 5527 2056 5580 viam
2083 5532 2536 5580 commonstrent.
2574 5546 2591 5577 ι
2634 5526 2960 5584 Parentibus
3001 5529 3146 5593 illis,
3191 5529 3473 5599 quietique

1920 5614 2349 5685 indulgentibus,
2377 5614 2504 5668 dum
2538 5618 2801 5681 resident,
2824 5620 3091 5674 advenere
3122 5618 3234 5673 duo
3266 5619 3471 5683 leones,

1920 5723 2028 5761 non
2076 5716 2230 5759 torvo
2276 5704 2552 5761 intuentes
2605 5718 2862 5779 aspectu,
2917 5711 3010 5765 sed
3071 5711 3218 5767 velut
3252 5709 3473 5765 domino
