4206 6456
731 420 747 480 l
763 422 862 480 3.59

1776 402 2259 465 THEODORETI
2290 397 2624 459 EPISGOPI
2651 396 3017 456 CYRENSIS

3831 389 3851 450 ι
3863 390 3973 453 360

726 532 963 597 cuipiam
1010 525 1373 584 blandientes,
1422 536 1484 576 ac
1524 522 1843 578 servitutem
1890 518 2287 590 significantes.
2324 521 2354 574 Α

2411 530 2503 575 τες,
2535 514 2596 565 οὐ
2638 510 2897 580 βλοσυρὸν
2934 508 3250 577 βλέποντες,
3280 504 3394 557 ἀλλ’
3418 500 3528 558 οἷόν
3558 522 3677 557 τινα
3702 505 3974 573 διςπότην

730 619 825 675 llis
858 633 1105 673 annuens
1132 615 1303 684 jussit
1331 625 1391 669 ut
1430 614 1579 667 viros
1611 612 1734 666 illos
1762 610 1989 673 ducam,
2040 617 2207 677 atque
2240 606 2294 659 in

731 713 871 764 viam
907 710 1171 764 reducant
1210 707 1354 761 unde
1390 706 1625 775 digressi
1665 703 2013 757 aberrarant.
2056 698 2295 754 Fabulo-

732 817 846 856 sam
882 817 1013 871 ergo
1041 800 1415 854 narrationem
1444 798 1585 851 lianc
1614 810 1777 849 nemo
1810 802 1981 865 putet,
2008 808 2132 846 eum
2156 791 2298 843 veri-

732 893 862 945 tutis
900 891 1022 960 ejus
1067 898 1234 945 testes
1286 890 1479 943 habeat
1531 902 1852 941 communes
1907 886 2099 939 hostes
2154 883 2297 935 veri-

734 984 882 1035 tatis.
918 982 1086 1037 lidem
1120 982 1262 1034 enim
1298 980 1427 1049 ipsi,
1453 979 1544 1048 qui
1574 978 1901 1032 beneficium
1930 989 2217 1044 accepere,
2243 972 2294 1025 id

731 1074 1033 1142 praedicare
1058 1088 1161 1124 non
1188 1071 1505 1125 cessabant.
1542 1069 1606 1121 Et
1646 1070 1747 1122 hoe
1786 1068 1917 1120 mihi
1949 1081 2182 1135 magnus
2213 1065 2300 1118 hic

732 1163 972 1218 Jacobus
1007 1164 1276 1225 narravit,
1304 1162 1397 1231 qui
1460 1175 1519 1215 se
1544 1160 1789 1213 adfuisse
1821 1158 2020 1221 aiebat,
2056 1171 2180 1210 cum
2223 1155 2299 1209 illi

734 1256 919 1307 divino
961 1252 1169 1307 Maroni
1232 1254 1336 1305 hoc
1396 1251 1723 1303 miraculum
1779 1252 2298 1301 commemorarent.

723 1345 938 1402 ludatis
964 1362 1126 1415 porro
1146 1344 1589 1398 Christianorum
1617 1342 1942 1394 miraculum
1969 1337 2302 1393 testantibus

737 1442 832 1508 qui
866 1454 971 1491 non
1004 1437 1194 1496 credit,
1240 1451 1350 1505 quo
1384 1446 1546 1505 pacto
1592 1432 1799 1487 Judznis
1857 1430 2135 1484 infidelior
2191 1442 2300 1481 non

735 1532 856 1597 jure
883 1529 1133 1581 dicatur?
1170 1526 1225 1580 Si
1261 1527 1479 1596 quidem
1534 1526 1631 1585 illi,
1664 1523 1919 1592 quamvis
1946 1536 2139 1574 averso
2194 1520 2304 1572 sint

738 1619 943 1682 animo,
968 1618 1264 1671 vincuntur
1290 1624 1495 1679 tamen,
1516 1622 1570 1669 et
1601 1616 1775 1668 radiis
1792 1614 1994 1668 cedunt
2023 1611 2301 1666 veritatis:

742 1709 794 1761 lii
835 1724 990 1770 vero,
1033 1709 1125 1776 qui
1160 1708 1407 1760 benevoli
1444 1707 1863 1770 existimantur,
1900 1705 2136 1773 fideique
2172 1717 2305 1756 con-

741 1807 939 1862 sortes,
973 1813 1039 1851 ne
1082 1797 1289 1849 inimici
1322 1799 1540 1867 quidem
1579 1798 1767 1867 gratiae
1807 1799 2102 1866 potentiam
2123 1794 2302 1849 confl-

740 1891 981 1944 tentibus
1007 1891 1242 1943 credunt

812 2153 1138 2223 Hujusmodi
1177 2155 1462 2209 miraculis
1495 2152 1717 2207 divinus
1744 2152 1837 2206 ille
1871 2154 1950 2207 vir
1978 2168 2104 2206 eum
2144 2154 2306 2209 inno-

740 2248 959 2311 tuisset,
1010 2248 1432 2315 vicinorinuque
1475 2245 1874 2307 barbarorum,
1922 2246 2015 2315 qui
2059 2261 2305 2300 eremum

743 2340 889 2390 illam
933 2338 1199 2399 incolunt,
1232 2346 1285 2389 et
1326 2338 1541 2406 generis
1572 2347 1853 2390 auctorem
1888 2338 2171 2391 lsmaelem
2214 2338 2311 2391 lia-

744 2433 868 2482 liere
906 2444 963 2481 se
989 2429 1226 2497 jactaat,
1260 2430 1702 2498 quamplurimos
1728 2428 2065 2490 attraxisset,
2103 2430 2311 2499 quietis

743 2521 977 2590 cupidus
1023 2521 1337 2589 speluncam
1388 2521 1535 2573 illam
1586 2522 1899 2589 relinquere
1936 2534 2159 2576 coactus
2192 2533 2308 2584 est,

745 2616 1075 2681 longumque
1112 2612 1217 2664 iter
1249 2626 1531 2675 emensus,
1562 2614 1628 2667 ad
1662 2619 1902 2666 montem
1928 2614 2195 2682 pervenit,
2218 2614 2309 2683 qui

744 2708 988 2758 Amanus
1032 2704 1352 2771 appellatur.
1407 2702 1581 2768 Quem
1627 2704 1923 2756 multorum
1969 2713 2128 2758 antea
2181 2706 2313 2759 deo-

744 2810 864 2847 rum
900 2795 1113 2846 insania
1145 2793 1482 2845 laborantem
1510 2792 1696 2847 multis
1729 2807 1794 2848 ac
1825 2794 1994 2847 variis
2022 2794 2312 2849 miraculis

744 2888 1005 2950 etroluit,
1036 2894 1087 2939 et
1112 2887 1383 2954 vigentem
1412 2901 1560 2938 nune
1592 2885 1645 2939 in
1692 2887 1787 2940 illo
1840 2887 2099 2956 pietatem
2138 2887 2311 2942 disse-

748 2981 998 3032 minavit.
1031 2976 1137 3031 Sed
1173 2977 1435 3046 quoniam
1470 2978 1653 3030 omnia
1708 2978 1830 3046 ejus
1871 2988 2027 3046 gesta
2085 2991 2315 3032 narrare

750 3066 1065 3136 perdiflicile
1118 3066 1295 3128 foret,
1340 3066 1595 3120 ac‘milii
1646 3066 1883 3122 fortasse
1938 3068 2312 3136 impossibile,

748 3176 916 3214 unum
960 3161 1050 3214 ubi
1103 3161 1361 3230 attigero,
1401 3168 1456 3214 et
1486 3159 1803 3228 apostolica!
1828 3160 2042 3230 1169
2075 3175 2138 3214 ac
2188 3175 2313 3230 pro~

752 3254 985 3320 phetica:
1019 3252 1415 3306 miraculorum
1446 3252 1785 3320 operationis
1820 3252 2113 3321 quemdam
2152 3254 2311 3322 quasi

747 3345 1122 3397 characterem
1152 3356 1525 3412 proposuero,
1558 3341 1857 3397 lectoribus
1895 3342 2021 3397 inde
2052 3352 2313 3412 quantam

751 3436 940 3502 gratiae
994 3434 1102 3484 vim
1153 3433 1225 3487 sit
1276 3431 1510 3499 adeptus
1563 3430 1917 3499 cogitandum
1972 3431 2314 3501 relinquam,

754 3521 942 3576 Estas
973 3529 1111 3578 erat.
1143 3530 1198 3574 et
1228 3521 1447 3583 messis;
1478 3527 1533 3573 et
1569 3520 1622 3572 in
1657 3534 1841 3574 aream
1875 3520 2319 3589 congerebantur

756 3612 1040 3681 manipuli.
1065 3612 1298 3677 Quidam
1333 3619 1485 3674 tune,
1519 3611 1686 3679 jnstis
1716 3610 2002 3664 laboribus
2035 3627 2143 3665 non
2185 3626 2318 3666 con-

757 3716 957 3764 tentus,
989 3707 1079 3759 sed
1123 3706 1433 3757 alienorum
1475 3711 1757 3772 appetens,
1791 3704 2101 3772 manipulos
2140 3706 2321 3760 vicino

757 3798 1052 3864 subripuit,
1106 3810 1377 3863 suumque
1412 3794 1498 3847 bis
1540 3795 1820 3847 cumulum
1852 3809 2052 3865 augere
2082 3798 2321 3851 conaba-

758 3899 863 3939 tur.
889 3889 948 3941 Λι
982 3888 1184 3939 fmtmn
1224 3884 1364 3940 Deus
1385 3886 1648 3939 continuo
1673 3887 1945 3940 sententia
1985 3902 2082 3941 sua
2113 3890 2129 3909 ⁶
2169 3888 2322 3942 dam-

759 3982 923 4033 navit.
956 3978 1165 4032 Cecidit
1211 3978 1437 4040 fulmen,
1468 3983 1520 4030 et
1568 3992 1695 4030 area
1745 3976 2015 4031 flammam
2047 3981 2321 4050 concepit.

761 4072 920 4125 [diser
950 4080 1129 4123 autem
1162 4070 1249 4124 ille
1286 4068 1354 4122 ad
1385 4068 1659 4123 hominem
1688 4068 1820 4133 Dei,
1856 4071 1948 4137 qui
1976 4086 2084 4123 non
2123 4073 2320 4142 procul

758 4178 785 4212 a
814 4162 934 4214 vico
964 4160 1147 4214 sedem
1180 4158 1396 4223 fixerat,
1424 4174 1746 4224 accurrens,
1794 4160 2168 4215 calamitatem
2202 4163 2324 4233 qui-

760 4253 878 4305 dem
913 4251 1199 4319 explicuit,
1234 4250 1328 4303 sed
1373 4249 1581 4304 furtum
1613 4250 1795 4303 celare
1829 4250 2131 4305 nitebatur.
2170 4252 2327 4307 Post-

760 4358 919 4411 quam
965 4352 1142 4395 autem
1178 4357 1304 4397 vera
1338 4342 1521 4411 eloqui
1550 4342 1745 4409 jussus
1776 4340 1985 4396 furtum
2032 4344 2326 4401 confessus

759 4442 840 4487 est
864 4434 1067 4501 (coegit
1095 4433 1239 4486 enim
1271 4434 1422 4487 illum
1447 4434 1601 4488 dolor
1625 4445 1682 4488 ut
1713 4434 1959 4504 seipsmu
1995 4441 2325 4509 accusaret),

762 4526 1047 4578 admonuit
1079 4525 1162 4577 vir
1222 4524 1443 4579 divinus
1481 4536 1537 4579 ut
1573 4525 1795 4595 expiata
1854 4527 2056 4596 injuria
2107 4544 2325 4598 paenam
2360 4551 2406 4610 υ

766 4616 1029 4669 aboleret.
1061 4634 1078 4666 ι
1106 4614 1282 4668 Simul
1314 4630 1377 4669 ac
1407 4616 1574 4681 enim,
1603 4617 1802 4686 inquit,
1832 4619 2143 4686 manipulos
2169 4621 2330 4674 resti-

763 4707 970 4769 tueris,
1014 4705 1282 4760 divinitus
1327 4708 1607 4762 immissus
1654 4707 1800 4778 ignis
1855 4710 2255 4778 exstinguetur.
2304 4729 2324 4762 ι

762 4796 956 4848 Videre
989 4806 1121 4847 tune
1180 4805 1299 4849 erat
1330 4796 1459 4849 hine
1494 4797 1650 4850 illum
1691 4807 2033 4861 currentem,
2077 4797 2330 4869 furtoque

763 4885 1055 4951 subi-optas
1079 4886 1260 4952 spicas
1290 4885 1338 4938 ei
1372 4899 1533 4954 quem
1573 4885 1875 4940 offenderat
1907 4888 2288 4943 restituentem
2314 4908 2327 4943 :

764 4976 887 5028 inde
921 4992 1105 5045 pyram
1143 4976 1263 5030 sine
1295 4990 1438 5044 aqua
1477 4976 1649 5030 divini
1682 4979 1831 5032 senis
1869 4979 2126 5047 precibus
2152 4991 2207 5033 et
2244 4980 2330 5032 in-

764 5068 1101 5121 tercessione
1132 5071 1477 5122 restinctam.
1502 5068 1634 5134 Qua:
1664 5084 1751 5123 res
1787 5086 1893 5123 non
1918 5079 2135 5123 tantum
2173 5086 2332 5125 acco-

765 5159 829 5209 lis
857 5168 1119 5209 terrorem
1172 5157 1388 5225 injecit.
1442 5157 1534 5210 sed
1583 5164 1635 5209 et
1678 5156 2078 5211 Antiochenam
2139 5158 2327 5212 urbem

766 5249 1099 5307 universam,
1132 5247 1221 5299 cui
1289 5249 1441 5300 vicus
1468 5247 1562 5301 ille
1620 5247 1867 5315 parebat,
1917 5262 1984 5301 eo
2032 5262 2331 5317 properare

762 5339 1049 5405 i-mupulit,
1077 5351 1242 5406 atque
1271 5339 1415 5391 hunc
1446 5338 1770 5392 daemoniaci
1810 5338 2013 5393 furoris
2050 5339 2331 5408 depulsio-

768 5442 886 5479 nem
922 5428 1225 5495 postulare,
1278 5429 1444 5482 alium
1499 5428 1665 5481 febris
1720 5428 2107 5493 cessationem,
2160 5432 2328 5484 alium

766 5520 994 5574 alterius
1032 5519 1344 5589 eujuspiam
1394 5520 1639 5573 vexantis
1681 5519 1804 5571 mali
1867 5519 2193 5573 remedium.
2238 5519 2333 5575 Ille

766 5626 895 5664 vero
937 5614 1115 5666 insita:
1150 5612 1253 5666 sibi
1294 5612 1482 5681 gratiae
1522 5610 1704 5663 fontes
1749 5609 1954 5665 aflatim
1988 5611 2328 5667 effundebat.

768 5702 870 5752 Sed
902 5702 1136 5771 quietem
1165 5719 1361 5758 rursus
1393 5712 1684 5772 expetens,
1716 5702 1780 5755 ad
1822 5700 2061 5757 Sinaeum
2087 5713 2328 5759 montem

765 5795 1033 5862 proficisci
1080 5795 1337 5849 decrevit.
1377 5794 1497 5860 Quo
1545 5799 1789 5867 cognito,
1830 5797 2017 5850 eximii
2054 5797 2157 5851 viri
2196 5812 2320 5867 per-

2397 606 2690 667 σαίνοντες,
2722 604 2813 656 καὶ
2860 602 2957 671 τὴν
3003 599 3245 652 δουλείαν
3304 598 3766 666 ύποσημαίνοντες
3832 598 3977 649 τού·-

2398 712 2509 755 τοις
2555 692 2804 746 ἐκέλῖυσε
2851 692 3111 745 διανεύων
3161 688 3536 758 ξεναγωγῆσαι
3577 691 3700 751 τοῦς
3748 688 3975 757 ἄνδρας,

2402 786 2494 837 καὶ
2527 786 2603 843 είς
2628 784 2842 851 ἐκείνην
2882 783 3189 848 ἀπαγαγεῖν
3208 781 3305 849 τὴν
3324 780 3463 843 ὁδὸν,
3488 780 3555 849 ἢν
3583 780 3977 842 καταλιπόντες

2401 876 2491 927 τὸν
2524 874 2722 925 πλάνον
2762 872 3081 939 ὑπέμειναν,
3130 870 3288 923 Ἀλλά
3337 869 3523 940 μηδεὶς
3560 870 3801 939 μυθῶδες
3832 867 3976 922 εῖναι

2401 966 2460 1017 τὸ
2506 965 2749 1033 διήγημα
2781 962 3084 1030 νομιζέτω.
3119 962 3244 1022 τοὺς
3293 962 3504 1022 κοινοὺς
3564 960 3660 1027 τῆς
3715 959 3979 1028 ἀληθείας

2404 1055 2632 1125 ἐχθροὺς
2672 1052 3079 1123 μαρτυροῦντας
3118 1052 3256 1120 ἔχων
3282 1054 3350 1122 τῇ
3388 1050 3635 1120 ἀληθείᾳ.
3671 1051 3832 1102 Αὐτοὶ
3867 1052 3980 1119 γάρ

2401 1148 2450 1199 οί
2470 1147 2566 1213 τῆς
2599 1145 2917 1215 εὐεργεσίας
2944 1143 3324 1213 τετυχηκότες,
3361 1143 3518 1194 τοῦτο
3555 1142 3769 1211 ᾅδοντες
3798 1142 3979 1195 διετέο

2404 1238 2581 1290 λεσαν.
2630 1239 2735 1289 Καὶ
2781 1236 2937 1289 τοῦτό
2980 1253 3069 1305 μοι
3108 1232 3261 1298 οὗτος
3301 1237 3327 1288 ι
3384 1236 3554 1303 μέγας
3595 1234 3850 1296 Ἰάκωδος
3898 1234 3981 1285 διο

2404 1330 2669 1399 ηγήσάτο,
2691 1331 2935 1398 παρεῖναι
2960 1330 3137 1399 φήσας
3163 1327 3343 1389 αὐτοῖς
3368 1327 3443 1395 τῷ
3465 1326 3729 1396 θεσπεσίῳ
3748 1327 3982 1394 Μάρωνι

2404 1414 2783 1484 διηγουμένοις
2810 1416 2871 1467 τὸ
2902 1415 3107 1485 θαῦμα.
3150 1416 3209 1466 'U
3248 1414 3426 1467 τοίνυν
3468 1414 3741 1475 Ἰουδαίοις
3773 1416 3837 1482 τῇ
3868 1415 3980 1465 τῶν

2406 1505 2744 1576 Χριστιανῶν
2800 1506 3137 1577 μαρτυροῦσι
3196 1505 3603 1574 θαυματουργία
3646 1504 3979 1563 διαπιστιῖνι,

2406 1596 2523 1659 πῶς
2556 1598 2654 1649 οὐκ
2677 1596 2742 1650 ἂν
2763 1597 2989 1659 εἰκότως
3021 1597 3377 1665 ἀπιστότερος
3415 1594 3681 1649 Ἰουδαίων
3714 1593 3980 1665 κληθείη;

2408 1687 2578 1757 Εἴπερ
2610 1689 2657 1739 οί
2690 1687 2789 1757 μὲν
2838 1689 2929 1740 καὶ
2982 1688 3267 1757 δυσμενεῖς
3294 1686 3476 1748 ὅντες,
3500 1686 3766 1755 ἡττῶνται
3804 1687 3981 1754 ὅμως,

2408 1777 2499 1830 καὶ
2524 1779 2641 1841 ταῖς
2671 1780 2767 1848 τῆς
2818 1777 3075 1846 ἀληθείας
3121 1779 3299 1830 ἀκτῖσι
3352 1776 3767 1847 παραχωροῦσιν
3797 1794 3811 1807 ·
3849 1780 3899 1829 οἱ
3922 1776 3981 1830 δέ

2342 1858 2380 1909 Β
2409 1870 2581 1924 εὖνοοι
2642 1871 2985 1941 νομιζόμενοι
3018 1871 3111 1923 καὶ
3162 1872 3260 1939 τῆς
3293 1872 3528 1931 πίστεως
3559 1872 3825 1931 κοινωνοὶ,
3857 1869 3983 1923 οὑδέ

2412 1964 2524 2025 τοῖς
2552 1962 2844 2033 ἐχθροῖςτῇ
2869 1962 3095 2032 δυνάμει
3132 1960 3228 2029 τῆς
3257 1959 3475 2030 χάριτος
3514 1960 3849 2029 μαρτυροῦσι
3892 1976 3983 2011 πι-

2414 2053 2715 2106 στεύουσιν.

2493 2143 2587 2196 Ἐκ
2620 2144 2727 2197 τῶν
2757 2144 3013 2197 τοιούτων
3047 2145 3103 2197 δὲ
3143 2143 3436 2213 θαυμάτων
3464 2144 3493 2196 ό
3523 2141 3808 2205 θεσπέσιος
3838 2143 3985 2196 ἐκεῖ·

2411 2254 2499 2299 νος
2522 2237 2807 2307 ἄνθρωπος
2863 2237 3132 2306 ἐπίσημος
3175 2236 3432 2306 γεγονὼς,
3472 2237 3567 2289 καὶ⁵
3613 2235 3840 2298 πολλοὺς
3873 2236 3987 2288 τῶν

2412 2332 2822 2399 γειτονευόντων
2860 2330 3148 2401 βαρϐάρων
3181 2332 3621 2398 ἐπισπασάμενος
3662 2326 3891 2399 (οίκοῦσι
3926 2328 3987 2381 δι

2412 2422 2508 2490 τὴν
2564 2421 2765 2491 ἔρημον
2818 2420 3030 2487 ἐκείνην
3080 2421 3125 2471 oi
3186 2418 3277 2472 τὸν
3316 2418 3539 2489 ἰσμαὴλ
3596 2417 3989 2486 σεμνυνόμενοι

2414 2515 2725 2584 πρόγονον),
2758 2512 2985 2583 ἡσυχίας
3017 2512 3177 2582 ἐρῶν,
3223 2511 3541 2565 καταλιπεῖν
3582 2511 3899 2580 ἠναγκάσθη
3929 2511 3991 2564 τὺ

2417 2609 2696 2678 σπήλαιον,
2726 2610 2818 2660 καὶ
2846 2608 3045 2678 πολλὴν
3084 2608 3287 2671 ἀνύσας
3307 2608 3443 2667 ὁδὸν,
3474 2608 3594 2675 ὅρος
3629 2607 3991 2677 καταλαμϐά-

2414 2717 2492 2752 νει
2513 2700 2573 2751 τδ
2592 2700 2923 2768 καλούμενον
2940 2700 3193 2769 Ἀμανὸν,
3210 2700 3302 2751 καὶ
3319 2699 3473 2751 τοῦτο
3495 2699 3689 2770 πολλῆς
3706 2700 3873 2753 πάλαι
3898 2701 3993 2765 γέ-

2418 2810 2516 2861 μον
2548 2792 2806 2844 πολυθέου
2834 2792 3049 2860 μανίας,
3083 2794 3192 2854 τοῖς
3236 2792 3447 2854 nam;
3492 2794 3583 2844 καὶ
3630 2792 3993 2856 παντοδαποῖς

2412 2884 2726 2955 ’ἐγεώργησε
2758 2884 3019 2955 θαύμασι,
3041 2886 3134 2937 καὶ
3182 2885 3279 2955 τὴν
3319 2884 3414 2937 νῦν
3445 2888 3501 2937 ἐν
3537 2884 3681 2953 αὐτῷ
3711 2885 3991 2937 πολιτευο-

2421 2977 2587 3045 μένην
2633 2976 2913 3028 εὐσέϐειαν
2975 2974 3394 3044 κατεφύτευσεν.
3449 2977 3607 3029 Ἀλλά
3656 2979 3830 3029 πάντα
3893 2978 3997 3045 μέν

2417 3065 2720 3135 διηγεῖσθαι
2745 3066 2865 3119 λίαν
2913 3065 3187 3130 ἐπίπονον,
3218 3068 3339 3135 ἐμοὶ
3386 3066 3442 3119 δέ
3476 3067 3634 3136 τυχὸν
3663 3069 3756 3118 καὶ
3797 3066 3992 3120 ἀδύνα-

2418 3173 2528 3211 τον.
2562 3157 2708 3219 Ἐνὸς
2742 3157 2920 3209 τοίνυν
2952 3157 3229 3227 μνησθεὶς.
3265 3158 3357 3209 καὶ
3384 3151 3495 3210 οἶόν
3514 3175 3634 3211 τινα
3667 3160 3998 3232 χαρακτῆρα

2418 3246 2518 3316 τῆς
2548 3246 2912 3314 ἀποστολικῆς
2946 3248 3113 3299 αὑτοῦ
3150 3248 3242 3299 καὶ
3276 3247 3614 3318 προφητικῖκ
3643 3248 3997 3319 θαυματουρ-

2418 3338 2539 3405 γίας
2573 3338 2811 3408 προθεὶς.
2842 3340 3156 3391 καταλείπω
3194 3343 3302 3403 τοῖς
3344 3342 3759 3409 ἐντυγχάνουσιν
3794 3344 3998 3394 ἐννοεῖν

2419 3429 2666 3482 ἐντεῦθεν
2686 3426 2751 3499 ἧς
2782 3430 2940 3482 ἔλαϐε
2986 3432 3202 3500 χάριτος
3246 3432 3343 3502 τὴν
3390 3431 3559 3501 ίσχύν·
3590 3433 3757 3502 θέρος
3784 3428 3873 3503 ἦν,
3903 3437 3999 3486 καὶ

2421 3523 2647 3590 ἀμητὸς,
2669 3524 2762 3573 καὶ
2791 3522 2857 3573 τά
2884 3521 3173 3591 δράγματα
3197 3524 3274 3585 είς
3296 3522 3389 3585 τάς
3420 3522 3560 3584 ἆλως
3585 3520 3996 3591 μετεκομίζετο.

2435 3613 2597 3683 Ἀνὴρ
2644 3614 2698 3665 δέ
2739 3631 2841 3676 τις,
2872 3615 2981 3676 τοῖς
3012 3612 3238 3675 δικαίοις
3271 3615 3368 3667 οὐκ
3400 3613 3733 3685 ἀρκούμενος
3790 3614 3996 3677 πόνοις,

2423 3704 2480 3757 ἀ)
2492 3705 2557 3758 λά
2579 3705 2684 3758 τῶν
2714 3706 3007 3776 ἀλλοτρίων
3043 3706 3347 3777 ἐφιέμενος,
3374 3705 3618 3773 ὑφείλετο
3648 3705 3747 3775 μέν
3771 3706 3878 3757 τῶν
3906 3705 3997 3757 τσιῦ

2424 3794 2589 3849 πέλας
2621 3793 2967 3864 δραγμάτων,
3000 3793 3184 3860 αῦξειν
3212 3794 3269 3848 δέ
3309 3794 3398 3847 τὸν
3438 3796 3634 3847 οίκεῖον
3676 3795 3762 3847 διὰ
3791 3796 4001 3847 τούτων

2424 3887 2681 3952 ἐπειρᾶτο
2720 3884 2967 3955 θημῶνα·
3014 3885 3127 3939 ἀλλ’
3162 3886 3323 3950 εὐθὺς
3349 3886 3445 3955 τὴν
3474 3886 3614 3939 κατὰ
3650 3885 3747 3956 τῆς
3791 3885 4000 3954 κλοπῆς

2433 3978 2491 4029 τὸ
2514 3976 2667 4029 Θεῖον
2686 3977 2908 4048 ἐξέφερε
2933 3979 3109 4048 ψῆφον
3125 3996 3137 4009 ·
3164 3980 3257 4033 κα)⁸
3296 3979 3545 4050 πρηστὴρ
3569 3980 3883 4050 ἐπεφέρετο,
3907 3982 4002 4031 καὶ

2428 4069 2460 4137 ἡ
2489 4068 2631 4131 ἄλως
2663 4070 3052 4140 ἐνεπίμπρατο,
3084 4072 3176 4125 καὶ
3206 4074 3234 4124 ὸ
3261 4072 3485 4134 δείλαιος
3519 4073 3722 4134 ἐκεῖνος
3766 4071 3857 4123 τον
3904 4070 4001 4123 τοῦ

2426 4155 2561 4208 Θεοῦ
2591 4157 2998 4227 κατελάμϐανεν
3028 4159 3335 4231 ἄνθρωπον,
3374 4161 3433 4213 ού
3467 4161 3655 4231 πόρρω
3678 4162 3775 4230 τῆς
3806 4160 4002 4229 κώμης

2429 4247 2805 4316 ἐσκηνωμένον
2831 4266 2842 4278 ·
2869 4250 2962 4301 καὶ
2999 4250 3097 4320 τὴν
3133 4251 3231 4319 μὲν
3263 4250 3549 4321 συμφορὰν
3578 4250 3831 4319 διηγεῖτο,
3863 4252 4001 4319 κρύ-

2429 4356 2583 4391 πτειν
2609 4340 2663 4392 es
2699 4340 2793 4411 τὴν
2824 4341 3027 4410 κλοπὴν
3056 4343 3330 4412 ἐπειρᾶτο.
3375 4344 3460 4406 Ὠς
3482 4343 3538 4397 δέ
3580 4343 3786 4413 τάληθῆ
3820 4343 4005 4409 λέγειν

2432 4431 2735 4494 κελευσθεὶς
2790 4431 3107 4503 ὡμολόγησε
3154 4432 3254 4501 τὴν
3305 4432 3509 4503 κλοπὴν
3560 4433 3643 4504 (τὸ
3680 4435 3787 4505 γάρ
3830 4436 4004 4497 πάθος

2432 4522 2523 4572 καὶ
2550 4520 2743 4573 ἑαυτοῦ
2776 4526 3101 4593 κατηγορεῖν
3145 4524 3571 4595 κατηνάγκασε),
3614 4526 3946 4596 προσέταξεν
3979 4531 4008 4580 ὀ

2432 4610 2571 4673 θεῖος
2622 4613 2827 4675 ἐκεῖνος
2876 4614 3016 4683 ἀνὴρ
3058 4615 3125 4685 τῇ
3152 4612 3301 4666 λύσει
3342 4615 3437 4684 τῆς
3475 4616 3685 4680 ἀδικίας
3715 4616 3874 4669 λῦσαι
3906 4619 4007 4689 τὴν

2431 4703 2718 4771 τιμωρίαν.
2751 4722 2767 4753 ι
2808 4704 2908 4756 Σοῦ
2944 4705 3070 4775 γάρ,
3096 4704 3220 4774 ἐφη,
3267 4705 3335 4757 τά
3380 4707 3664 4777 δράγματα
3703 4710 3886 4762 ἐκεῖνα
3916 4713 4008 4763 ὲκ-

2431 4790 2751 4855 τιννύοντος,
2786 4792 2846 4843 τὸ
2895 4791 3150 4861 θεήλατον
3203 4796 3378 4846 ἐκεῖνο
3425 4795 3782 4865 σϐεσθήσεται
3810 4797 3941 4866 πῦρ,
3984 4818 4002 4848 ι

2431 4878 2539 4935 Ἦν
2563 4883 2737 4935 τοίνυν
2774 4884 2900 4935 ίδεῖν
2948 4885 3037 4937 τὸν
3071 4886 3168 4955 μὲν
3208 4885 3395 4939 θέοντα
3415 4926 3430 4950 ,
3462 4889 3554 4939 καὶ
3586 4888 3660 4957 τῷ
3692 4888 4007 4959 ἀδικηθέντι

2432 4972 2556 5035 τοὺς
2578 4973 2878 5035 κλαπέντας
2904 4975 3176 5044 ἀστάχυας
3206 4978 3597 5047 προσφέροντα,
3618 4978 3715 5049 τὴν
3738 4978 3792 5030 δέ
3826 4981 4007 5050 πυρὰν

2433 5069 2561 5121 ἄνευ
2598 5068 2787 5132 ὓδατος
2827 5070 3191 5139 σεεννυμένην
3242 5074 3305 5140 τῇ
3358 5070 3450 5123 τοῦ
3502 5071 3643 5123 θείου
3698 5072 4009 5142 πρεσϐύτου

2434 5164 2709 5230 προσευχῇ
2743 5162 2835 5213 καὶ
2891 5161 3173 5232 πρεσϐεία.
3213 5162 3382 5214 Τοῦτο
3419 5163 3478 5214 οὐ
3509 5163 3665 5229 μόνον
3694 5165 3819 5225 τοὺς
3848 5182 4008 5234 περι-

2432 5252 2609 5313 οίκους
2630 5252 2891 5319 ἐνέπλησε
2907 5252 3175 5322 δείματος,
3199 5253 3330 5305 ἀλλά
3360 5254 3451 5306 καὶ
3476 5256 3574 5325 τὴν
3592 5255 3745 5307 πόλιν
3764 5255 3999 5321 ἃπασαν¹

2433 5343 2529 5411 τὴν
2600 5342 2870 5411 ’Λντιόχου
2923 5343 3096 5411 λέγω·
3143 5344 3245 5395 ὑπὸ
3296 5344 3495 5413 ταύτην
3546 5347 3655 5416 γάρ
3709 5347 3771 5398 τὸ
3808 5348 4012 5418 χωρίον

2435 5432 2637 5485 ἐτέλει·
2673 5431 2817 5486 θέειν
2854 5436 2968 5485 ἐκεῖ
3012 5436 3421 5505 κατηνάγκασε,
3448 5440 3540 5491 καὶ
3572 5440 3661 5491 τὸν
3701 5440 3800 5511 μὲν
3824 5443 4009 5510 ἀπαγς

2436 5522 2611 5589 γέλειν
2657 5522 2979 5593 δαιμονικῆς
3010 5522 3208 5594 λύττης
3246 5527 3565 5597 ἀπαλλαγὴν
3585 5569 3599 5591 ,
3630 5529 3721 5581 τὸν
3748 5529 3807 5582 δέ
3844 5547 4022 5601 πυρε-

2434 5613 2524 5666 τοῦ
2569 5613 2805 5676 παῦλαν,
2837 5615 2927 5667 τὸν
2977 5614 3031 5668 δὲ
3076 5617 3236 5670 ἄλλου
3297 5620 3439 5682 τινος
3488 5620 3595 5672 τῶν
3653 5622 4015 5693 ἐνοχλούντων

2440 5706 2694 5776 ἰατρείαν.
2743 5706 2802 5758 Ὀ
2825 5706 2879 5759 δὲ
2902 5708 3147 5774 ἀφθόνως
3167 5708 3266 5777 τῆς
3305 5710 3619 5781 ἐνοικούσης
3644 5714 3864 5785 χάριτος
3891 5716 4015 5784 ἐχο-

2440 5796 2593 5865 ρήγει
2638 5797 2700 5849 τὰ
2728 5797 2960 5867 νάματα.
3013 5798 3171 5850 Ἀ).λά
3220 5798 3379 5853 πάλιν
3428 5801 3526 5871 τῆς
3575 5803 3804 5872 ἡσυχίας
3848 5804 4015 5876 ἐρῶν,
