4206 6456
230 384 359 447 ῒ361

1458 386 1504 444 l'l
1516 386 1681 443 ELIU
1694 385 1856 444 IOS.\
1900 384 2255 445 HISTORIA
2267 428 2279 440 .

3341 380 3477 448 1362

222 494 284 549 τὸ
313 491 525 542 Σεναιον
547 488 668 558 ὅρος
699 491 1140 558 καταλαμϐάνειν
1166 492 1499 560 ἐπεθύμησε.
1527 492 1801 553 Μαθόντες
1836 502 1874 549 Α

1836 502 1874 549 Α
1909 491 2087 553 multi,
2136 490 2226 558 qui
2285 489 2426 540 idem
2461 487 2578 540 \ita:
2626 502 2799 557 genus
2836 484 3216 545 sectabantur,
3257 488 3475 540 advola-

223 582 278 631 δὲ
320 582 507 633 πολλοὶ
565 581 673 633 τῶν
716 580 983 651 ἀρίστων,
1020 582 1111 634 καὶ
1159 583 1254 653 τὴν
1305 585 1475 651 αὐτὴν
1528 583 1801 651 μετιόντες

226 672 546 740 φιλοσοφίαν
572 711 586 732 ,
622 672 955 743 συνέδραμον
1004 673 1329 740 κοινωνῆσαι
1371 673 1519 742 αὐτῷ
1548 676 1644 741 τῆς
1671 674 1804 726 ἀπο.

221 763 427 830 δημίας
481 762 793 825 ποθοῦντες.
833 764 1049 817 Πολλῶν
1080 766 1260 817 τοίνυν
1294 765 1515 836 ἡμερῶν
1547 765 1663 818 ὁδὸν
1714 764 1799 829 ἐξ·

222 854 547 917 ανύσαντες,
572 854 758 926 ἐπειδὴ
800 856 937 909 κατά
976 857 1074 926 τὴν
1106 856 1383 926 Σοδομῖτιν
1405 856 1649 926 ἐγένοντο
1670 856 1801 927 ἔρη-

226 962 349 1011 μον,
368 944 537 1013 δρῶσι
561 946 841 1017 πόρρωθεν
863 948 971 1000 ἀπὸ
1003 947 1199 1017 βάθους
1231 951 1417 1018 χεῖρας
1450 948 1639 1018 ἀνδρὸς
1668 948 1803 1018 πρὸς

225 1034 364 1102 ὕψος
416 1038 813 1107 ἐκτεινομένας.
868 1040 978 1091 Καὶ
1025 1038 1087 1091 τὸ
1140 1039 1236 1108 μὲν
1290 1038 1506 1108 πρῶτον
1552 1038 1803 1108 δαίμονος

225 1126 506 1196 ἐξαπάτην
562 1127 811 1197 ἐνόμιζον
842 1167 857 1191 ,
897 1129 1328 1199 προσευξάμενοι
1362 1128 1418 1181 δὲ
1468 1128 1805 1183 σπουδαιότε-

230 1234 345 1282 ρον,
382 1220 479 1269 καὶ
521 1218 590 1271 τά
643 1218 780 1271 αύτά
815 1219 1161 1290 θεασάμενοι,
1191 1219 1456 1292 ὥρμησαν
1503 1222 1589 1273 ἐπ’
1628 1222 1804 1275 ἐκεῖνο

226 1308 287 1357 τὸ
322 1310 544 1377 χωρίον,
592 1310 686 1362 καὶ
719 1310 890 1381 βραχὺ
927 1311 1025 1381 μὲν
1052 1312 1269 1382 ὄρυγμα
1306 1312 1623 1383 θεωροῦσιν,
1644 1313 1803 1367 ὁποῖα

226 1403 404 1450 mi.sz
438 1401 743 1468 πεφύκασιν
783 1404 837 1455 αἱ
884 1402 1165 1467 ἀλώπεκες
1214 1404 1538 1467 καταδύσεις
1584 1406 1802 1468 ἑαυταῖς

228 1489 647 1559 μηχανώμεναι,
692 1492 883 1546 οὐδένα
926 1492 981 1545 δὲ
1028 1489 1167 1546 εἶδον
1210 1496 1324 1547 ἐκεῖ
1351 1494 1798 1563 προφαινόμενον.

225 1582 335 1634 Τοῦ
377 1582 585 1636 κτύπου
605 1584 713 1655 γὰρ
740 1584 847 1637 τῶν
882 1587 1057 1639 ποδῶν
1089 1586 1407 1655 αίσθόμενος
1432 1590 1459 1639 ὁ
1490 1587 1595 1648 τὰς·
1615 1589 1801 1655 χεῖρας

223 1674 602 1743 ἐκτεταμένας
632 1675 791 1745 ἔχων,
809 1675 940 1729 εἴσω
966 1678 1065 1748 τῆς
1086 1678 1428 1742 καταδύσεως
1464 1680 1796 1751 κατεκρύϐη.

223 1763 511 1831 Διακόψας
567 1765 622 1817 δέ
653 1767 681 1818 ὁ
734 1766 1063 1838 πρεσϐύτης,
1113 1769 1363 1839 ἐλιπάρει
1431 1770 1575 1840 μάλα
1630 1772 1799 1825 πολλά

1910 592 2039 633 runt
2068 578 2533 650 peregrinationis
2559 578 2740 633 socios
2767 593 2825 631 se
2843 578 3141 647 adjungere
3162 579 3471 647 cupientes.

1910 672 2124 741 1170
2166 670 2465 723 Multorum
2516 684 2649 738 ergo
2706 667 2917 721 dierum
2953 669 3148 723 itinere
3197 667 3471 731 eonfecto,

1904 779 2030 815 cum
2055 766 2119 816 ad
2156 762 2519 816 Sodomorum
2544 761 2763 815 deserta
2794 761 3198 828 pervenissent,
3228 759 3333 813 viri
3367 774 3475 813 ma-

1906 871 2010 909 nus
2073 853 2348 924 profundo
2381 870 2443 907 ex
2480 854 2600 906 loco
2644 853 2698 907 in
2751 852 2922 905 altum
2978 851 3224 907 sublatas
3254 853 3473 906 eminus

1903 948 2287 1017 prospiciunt:
2322 961 2385 998 ac
2422 944 2598 1013 primo
2639 943 2863 1012 quidem
2913 941 3180 996 daemonis
3226 940 3472 995 fraudem

1904 1038 2142 1106 aliquam
2186 1037 2449 1106 suspicati
2500 1042 2654 1097 sunt,
2698 1032 2896 1088 deinde
2938 1048 3061 1087 cum
3105 1039 3229 1101 post
3272 1034 3471 1085 multas

1905 1144 2097 1199 preces
2145 1128 2334 1183 eadem
2382 1131 2698 1185 cernerent,
2752 1122 2820 1175 ad
2872 1121 3050 1176 locum
3086 1120 3373 1185 accedunt,
3409 1134 3471 1171 ac

1904 1218 2118 1273 foveam
2172 1216 2392 1287 quidem
2434 1214 2686 1284 exiguam
2721 1209 2940 1275 vident,
2985 1210 3178 1279 quales
3235 1209 3342 1263 sibi
3405 1208 3473 1261 ad

1902 1326 2043 1383 quas
2081 1325 2141 1366 se
2180 1308 2449 1378 recipiant
2475 1304 2717 1361 effodere
2741 1305 2931 1374 vulpes
2961 1301 3164 1366 solent,
3199 1301 3473 1355 neminem

1904 1413 2083 1457 tamen
2118 1400 2213 1471 qui
2239 1406 2529 1470 appareret
2562 1395 3005 1466 deprehendunt.
3037 1390 3284 1463 Strepitu
3322 1391 3471 1444 enim

1904 1495 2101 1565 pedum
2138 1491 2350 1557 audito,
2386 1491 2763 1560 quiextensas
2799 1472 2993 1541 manus
3038 1485 3293 1549 habebat,
3326 1483 3471 1536 intra

1902 1601 2194 1642 cavernam
2245 1600 2303 1639 se
2343 1582 2653 1637 abdiderat.
2696 1578 3068 1648 Prospectans
3122 1590 3251 1631 vero
3302 1589 3469 1630 senex

1907 1678 2093 1732 multis
2116 1676 2311 1730 orabat
2345 1684 2405 1728 ut
2437 1673 2730 1728 videndum
2760 1687 2818 1726 se
2852 1670 3144 1741 praeberet,
3174 1668 3218 1722 si
3246 1666 3467 1736 quidem

1906 1774 2201 1825 humanam
2249 1768 2479 1821 haberet
2532 1772 2808 1826 naturam,
2852 1776 2953 1817 nec
2998 1762 3267 1826 impostor
3324 1758 3472 1827 quis-

222 1854 459 1923 ὀφθῆναι
507 1857 689 1923 αὑτὸν,
730 1859 777 1910 εί
811 1859 1156 1930 ἀνθρωπείαν
1199 1838 1310 1930 εχει
1346 1838 1446 1932 τὴν
1498 1863 1681 1929 φύσιν,
1709 1865 1800 1916 καλ
1835 1838 1873 1893 Β

1835 1838 1873 1893 Β
1907 1864 2047 1932 piam
2081 1863 2294 1915 daemon
2324 1866 2495 1919 esset,
2528 1858 2620 1926 qui
2655 1855 2857 1909 talibus
2902 1854 3140 1923 spectris
3190 1851 3468 1905 illuderet.

228 1945 302 2012 μὴ
331 1945 545 2013 δαίμων
570 1964 653 2010 τις
678 1948 930 2001 ἀπατεὼν
946 1950 1029 2020 εἴη
1062 1950 1283 2004 τοιαῦτα
1310 1954 1796 2024 σχηματιζόμενος.

229 2057 248 2087 ι
276 2037 387 2089 Καὶ
420 2039 530 2108 γάρ
559 2039 735 2109 ἡμεῖς,
767 2040 891 2109 ἔφη,
922 2042 1012 2095 τὸν
1044 2044 1340 2113 ἀσκητικὸν
1367 2048 1638 2115 μετιόντες
1665 2050 1795 2120 βίον,

223 2130 319 2183 καὶ
359 2131 459 2199 τῆς
491 2131 721 2202 ἡσυχίας
763 2132 1017 2202 ἐρῶντες,
1047 2134 1303 2206 ἀλώμεθα
1334 2138 1473 2192 κατὰ
1505 2141 1662 2211 τήνδε
1702 2144 1799 2213 τὴν

221 2221 453 2290 ἐρημον,
499 2222 557 2274 ἐν
587 2221 666 2290 τῷ
696 2223 828 2293 Σινᾷ
878 2224 993 2294 ὄρει
1039 2225 1129 2278 τὸν
1162 2227 1269 2281 τῶν
1305 2229 1557 2282 ἁπάντων
1612 2231 1799 2284 ἐπιθυ-

228 2313 456 2379 μοῦντες
488 2319 860 2387 προσκυνῆσαι
912 2318 1045 2371 Θεὸν
1068 2358 1082 2383 ,
1119 2321 1178 2371 ἐν
1213 2313 1257 2385 ᾧ
1304 2321 1473 2390 Μωσῇ
1510 2321 1585 2391 τῷ
1635 2321 1798 2392 θερά-

224 2422 382 2458 ποντι
430 2407 531 2476 τὴν
573 2408 780 2463 οἰκείαν
830 2411 1153 2479 ἐπιφάνειαν
1199 2414 1595 2481 ποιησάμενος,
1631 2415 1796 2470 ἔδωκε

220 2500 321 2567 τῆς
351 2499 672 2566 νομοθεσίας
701 2500 799 2564 τὰς
848 2500 1059 2564 πλάκας
1078 2515 1093 2530 ·
1130 2504 1225 2573 οὐχ
1256 2504 1333 2556 ὅτι
1378 2506 1437 2557 τὸ
1465 2506 1614 2559 Θεῖον
1645 2526 1797 2577 περι-

220 2590 533 2659 γεγράφθαι
564 2590 857 2661 νομίζομεν
880 2591 1170 2663 (ἀκούομεν
1194 2595 1303 2663 γάρ
1331 2595 1492 2647 αὐτοῦ
1528 2596 1794 2663 λέγοντος,

221 2682 304 2733 δτι
356 2684 470 2735 Τὸν
502 2683 763 2749 οὐρανὸν
809 2684 904 2737 καὶ
949 2684 1064 2751 τὴν
1099 2686 1213 2753 γῆν
1232 2688 1347 2756 ἐγὼ
1382 2688 1606 2755 πληρῶ,
1635 2692 1795 2758 λέγει

222 2775 441 2841 Κύριος
461 2792 474 2805 ·
503 2773 597 2827 καὶ
617 2776 697 2829 ὅτι
725 2775 941 2844 κατέχει
961 2776 1051 2829 τὸν
1074 2776 1240 2848 γῦρον
1266 2779 1362 2848 τῆς
1391 2781 1513 2848 γῆς,
1546 2784 1637 2835 καὶ
1673 2784 1795 2847 τοὺς

218 2863 565 2927 ἐνοικοῦντας
594 2866 651 2917 ἐν
689 2866 826 2937 αὐτῇ
865 2866 942 2929 ώς
974 2867 1244 2937 ἀκρίδας),
1284 2870 1395 2921 ἀλλ’
1456 2872 1641 2942 ἐπειδὴ
1687 2878 1795 2938 τοῖς

221 2954 445 3024 θερμῶς
489 2956 687 3027 ἐρῶσιν
718 2960 777 3011 ού
833 2960 993 3028 μόνον
1033 2963 1081 3013 οἱ
1140 2962 1403 3032 ἐρώμενοι
1453 2968 1790 3036 τριπόθητοι,

219 3045 359 3098 ἀλλά
388 3049 481 3101 καὶ⁸
524 3050 574 3101 οί
607 3049 760 3102 τόποι
821 3051 1105 3121 ἐράσμιοι,
1149 3054 1199 3106 ol
1236 3054 1333 3121 τὴν
1392 3056 1596 3109 τούτων
1649 3076 1793 3131 παρ-

1907 1975 1922 2005 ι
1957 1954 2064 2009 Nos
2096 1953 2321 2014 etenim,
2353 1950 2557 2013 aiebat,
2590 1947 2931 2003 eremiticam
2962 1946 3128 1998 vitam
3179 1944 3467 2003 ducentes.

1900 2050 2252 2118 quietemque
2283 2054 2558 2108 amantes,
2588 2057 2685 2112 per
2731 2040 2876 2093 hanc
2931 2037 3284 2093 solitudinem
3315 2050 3468 2089 erra-

1901 2157 2043 2199 mus,
2070 2138 2239 2192 Deum
2272 2137 2655 2190 universorum
2717 2131 2948 2185 adorare
2993 2130 3047 2183 in
3088 2135 3273 2183 monte
3337 2125 3469 2180 Sina

1899 2231 2207 2300 cupientes,
2243 2229 2295 2281 in
2329 2244 2438 2296 quo
2475 2226 2610 2281 Mosi
2640 2224 2847 2278 famulo
2875 2222 3237 2291 semetipsum
3276 2213 3467 2275 esten-

1900 2321 2041 2375 deus
2066 2321 2201 2390 legis
2239 2320 2456 2373 tabulas
2493 2316 2665 2372 dedit.
2708 2313 2829 2369 Non
2874 2314 3020 2384 quod
3070 2315 3192 2368 loco
3229 2315 3469 2369 circum-

1898 2414 2061 2467 scribi
2108 2413 2305 2466 Deum'
2340 2411 2706 2465 arbitremur:
2740 2408 3060 2463 audivimus
3098 2408 3242 2463 enim
3283 2409 3465 2478 ipsum

1897 2507 2171 2560 (licentem
2200 2525 2211 2558 :
2242 2502 2445 2559 leum
2470 2514 2517 2557 et
2567 2512 2767 2555 terram
2792 2518 2885 2572 ego
2920 2502 3112 2571 impleo
3136 2541 3150 2565 ,
3194 2503 3327 2555 dicit
3360 2500 3468 2555 Do-

1897 2595 2071 2646 minus
2093 2601 2142 2654 “,
2174 2602 2228 2647 et
2263 2592 2412 2661 quod
2453 2599 2615 2645 terra;
2646 2590 2913 2644 ambitum
2945 2591 3250 2655 contineat,
3284 2602 3336 2646 et
3373 2593 3470 2645 bo-

1898 2690 2073 2741 mines
2104 2686 2197 2755 qui
2228 2685 2477 2739 habitant
2511 2683 2565 2737 in
2592 2698 2657 2738 ea
2691 2683 2838 2737 sicut
2876 2684 3176 2740 locustav:
3215 2683 3314 2740 sed
3340 2686 3466 2753 quia

1896 2780 1989 2849 qui
2017 2777 2271 2833 ardenter
2296 2784 2506 2840 amant,
2548 2789 2657 2829 non
2692 2774 2871 2829 solum
2911 2790 3053 2845 quos
3085 2784 3273 2829 amant
3305 2777 3463 2832 vehe-

1898 2881 2110 2927 menter
2138 2868 2478 2929 desiderant,
2508 2867 2604 2923 sed
2643 2868 2781 2924 locis
2811 2868 2975 2922 etiam
2998 2868 3365 2931 delectantur,
3406 2869 3459 2922 in

1894 2964 2096 3034 quibus
2127 2962 2203 3017 illi
2230 2960 2581 3031 praesentiam
2636 2974 2792 3014 suam
2825 2974 3297 3031 congressumque
3331 2974 3467 3030 pra:-

1897 3056 2156 3110 bucrunt.
2184 3074 2201 3105 r
2245 3052 2368 3107 Haec
2402 3054 2495 3106 illo
2545 3060 2598 3107 et
2634 3050 2836 3106 similia
2869 3052 3163 3123 loquente,
3210 3052 3469 3123 patefecit

218 3136 414 3189 ουσίαν
452 3139 545 3191 καὶ
577 3138 791 3208 ὁμιλίαν
837 3139 1134 3210 δεξάμενοι.
1184 3161 1202 3193 ι
1245 3142 1431 3197 Ταῦτα
1464 3148 1557 3199 καὶ
1585 3148 1654 3201 τά
1692 3167 1794 3204 τοι·
1822 3184 1864 3244 ρ

1822 3184 1866 3245 C
1899 3162 1958 3201 se
1997 3147 2162 3199 homo
2205 3157 2542 3245 tax-caverna
2575 3142 2665 3211 qui
2710 3140 2938 3208 latebat,
2981 3142 3181 3212 agresti
3216 3150 3463 3212 aspectu,

216 3228 362 3282 αῦτα
394 3228 646 3296 λέγοντος
687 3230 780 3284 τοῦ
815 3232 1121 3301 πρεσϐύτου
1145 3272 1158 3294 ,
1190 3234 1563 3290 ἀναδείκνυσιν
1606 3240 1794 3295 ἑαυτὸν

222 3320 414 3390 ἐκτῆς
437 3320 782 3385 καταδύσεως
813 3324 841 3375 ὁ
864 3324 1245 3395 κεκρυμμένος
1270 3326 1577 3397 ἄνθρωπος,
1604 3332 1695 3383 καὶ
1728 3329 1795 3404 ἦν

218 3414 412 3481 ἄγριος
449 3412 549 3481 μὲν
597 3411 745 3477 ίδεῖν,
783 3415 1079 3487 αὐχμηρὰν
1120 3417 1175 3470 δὲ
1211 3417 1348 3488 ἔχων
1378 3420 1473 3491 τὴν
1503 3422 1697 3493 κόμην,
1735 3426 1795 3479 τὸ

218 3506 272 3556 δὲ
306 3505 600 3575 πρόσωπον
648 3508 1111 3580 ἐρῤυτιδωμένον,
1145 3514 1681 3586 κατεσκηλιτευμένα
1737 3519 1795 3571 δὲ

218 3599 397 3651 πάντα
423 3598 493 3651 τὰ
550 3600 682 3671 μέλη
734 3601 827 3655 τοῦ
872 3602 1154 3674 σώματος,
1184 3605 1351 3675 ράκιά
1397 3625 1515 3661 τινα
1566 3611 1795 3682 πενιχρά

220 3689 686 3761 περιϐεϐλημένος
711 3694 1026 3760 φοινικίνοις
1070 3696 1317 3765 βλαστοῖς
1348 3703 1791 3773 συνερραμμένα.

230 3782 646 3852 ’Δσπαεαμενος
677 3785 753 3848 δὲ,
778 3788 872 3840 καὶ
901 3788 1001 3857 τῆς
1031 3790 1254 3861 εἰρήνης
1296 3791 1359 3844 τὸ
1388 3794 1682 3865 πρόσρημα
1708 3797 1793 3850 δε-

215 3872 428 3933 δωκὼς,
461 3875 790 3930 ἐπυνθάνετο
839 3879 983 3942 τίνες
1015 3896 1073 3933 τε
1110 3877 1238 3949 εἷεν,
1268 3884 1359 3936 καὶ
1394 3884 1555 3937 πόθεν
1586 3888 1791 3955 ἥκοιεν,

219 3964 313 4015 καὶ
338 3963 474 4017 ὅπου
505 3966 737 4021 ἀπίοιεν.
765 3968 828 4022 Οἱ
855 3969 912 4021 δέ
955 3971 1048 4023 καὶ
1083 3971 1219 4041 πρὸς
1260 3974 1361 4042 τὴν
1391 3974 1657 4047 ἐρώτησιν
1692 3980 1795 4033 ἁπ-

217 4054 523 4125 εκρίναντο,
552 4056 647 4110 καὶ
696 4058 1061 4114 ἀντεπύθοντο
1094 4061 1256 4116 πόθεν
1287 4081 1346 4117 τε
1378 4066 1651 4135 ἐληλυθὼς
1684 4070 1792 4140 εἴη,

219 4147 316 4199 καὶ
339 4145 393 4198 τί
424 4147 621 4218 δήποτε
648 4150 853 4222 ταύτην
887 4153 1057 4207 είλετο
1075 4156 1173 4225 τὴν
1203 4156 1364 4227 ζωήν.
1401 4159 1455 4212 Ὀ
1482 4160 1563 4226 δέ,
1606 4179 1623 4210 ι
1650 4160 1793 4213 Ταύ-

215 4256 319 4307 την
375 4238 720 4309 ἔσχον·κάγὼ
750 4242 851 4313 τὴν
884 4244 1225 4315 προθυμίαν,
1256 4247 1378 4319 ἔφη,
1416 4250 1484 4321 ἣν
1524 4253 1615 4305 καὶ
1638 4253 1794 4322 ὑμεῖς

216 4329 432 4399 ἕχοντες
486 4329 699 4394 ἀπίετε,
739 4334 991 4385 κοινωνὸν
1024 4334 1081 4387 δὲ
1128 4336 1229 4406 τῆς
1286 4338 1404 4391 ὁδοῦ
1446 4341 1650 4411 ταύτης
1701 4345 1796 4395 ἐπ-

214 4421 494 4490 εποιήμην
518 4420 721 4493 συνήθη
745 4422 867 4477 τινὰ
897 4425 990 4477 καὶ
1023 4426 1377 4497 ὁμογνώμονα
1400 4473 1412 4494 ,
1442 4433 1535 4484 καὶ
1565 4433 1651 4485 τὸν
1693 4434 1791 4485 αύ-

1898 3252 2054 3291 coma
2079 3235 2354 3307 squalida,
2394 3234 2537 3289 facie
2565 3241 2880 3305 corrugata,
2910 3234 3174 3290 membris
3208 3235 3468 3289 omnibus

1896 3331 2150 3399 corporis
2180 3328 2439 3383 exsuccis
2475 3337 2527 3381 et
2553 3328 2865 3391 exhaustis,
2903 3326 3088 3381 lacero
3138 3340 3201 3380 ac
3253 3325 3463 3396 1171

1896 3422 1988 3475 vili
2047 3422 2283 3475 amictus
2324 3421 2644 3475 indumento
2690 3436 2761 3475 ex
2794 3420 3104 3489 palmarum
3161 3416 3307 3472 foliis
3342 3433 3467 3473 con-

1896 3522 2067 3569 texto.
2099 3515 2168 3569 Et
2194 3530 2317 3568 cum
2343 3528 2438 3569 eos
2462 3513 2588 3568 data
2625 3528 2758 3584 pace
2783 3512 3107 3575 salutasset,
3133 3511 3226 3578 qui
3258 3522 3465 3568 essent.

1898 3610 2043 3663 unde
2074 3608 2324 3663 venirent
2364 3622 2542 3677 quove
2591 3606 2878 3660 tenderent
2921 3603 3303 3673 interrogavit.
3350 3603 3455 3671 Ipsi

1897 3714 2028 3753 vero
2056 3705 2111 3752 et
2142 3698 2208 3751 ad
2238 3698 2578 3767 interrogata
2602 3695 3035 3766 responderunt,
3073 3703 3125 3751 et
3158 3695 3463 3764 percontati

1898 3798 2028 3847 sunt
2058 3789 2328 3852 vicissim,
2359 3789 2639 3842 undenam
2669 3801 2737 3842 eo
2761 3787 2992 3848 venerit,
3018 3793 3073 3840 et
3106 3785 3463 3855 quamobrem

1897 3883 2000 3938 hoc
2016 3883 2141 3937 vita:
2162 3897 2335 3952 genus
2355 3881 2638 3951 delegerit.
2655 3881 2792 3934 'l‘um
2823 3880 2912 3933 ille
2935 3897 2949 3933 :
2980 3897 2998 3930 ι
3021 3877 3245 3939 Eodem,
3266 3877 3463 3947 inquit,

1896 3992 2006 4043 quo
2050 3990 2147 4029 vos
2172 3990 2321 4029 nunc
2345 3974 2635 4035 ducimini,
2662 3972 2887 4026 tenebar
2912 3970 3210 4032 desiderio,
3235 3970 3469 4024 itineris-

1896 4084 2001 4136 que
2026 4069 2189 4136 hujus
2211 4068 2469 4123 comitem
2496 4065 2765 4121 habebam
2817 4080 2986 4118 unum
3015 4079 3045 4119 e
3074 4062 3462 4125 familiaribus.

1895 4161 1983 4214 cui
2016 4159 2203 4213 eadem
2227 4174 2439 4213 mecum
2468 4173 2622 4213 mens
2644 4165 2785 4217 enat,
2812 4155 3063 4225 idemque
3091 4155 3460 4225 propositum.

1896 4251 2386 4306 Obstrinxeramns
2422 4258 2608 4303 autem
2641 4258 2832 4301 mutuo
2864 4264 2965 4302 nos
2997 4255 3364 4309 sacramento,
3408 4255 3465 4299 ut

1899 4358 1965 4395 ne
1992 4350 2164 4396 morte
2200 4340 2420 4410 quidem
2473 4340 2794 4394 societatem
2832 4340 3240 4394 divelleremns.
3275 4338 3466 4408 Itaque

1896 4433 2156 4501 quoniam
2192 4432 2290 4495 illi,
2327 4430 2455 4485 dum
2492 4431 2597 4486 iter
2632 4430 2886 4494 facimus,
2924 4431 3024 4486 hoc
3071 4432 3124 4484 in
3160 4430 3281 4485 loco
3316 4444 3466 4484 mors

216 4516 314 4567 τόν
374 4531 466 4580 μοι
533 4516 870 4586 κεκτημένον
938 4519 1175 4587 σκοπὸν,
1216 4522 1363 4591 ὅρκῳ
1423 4523 1480 4576 δὲ
1533 4524 1792 4594 ἀλλήλους
1827 4542 1869 4597 D

1827 4542 1869 4597 ι)
1904 4524 2117 4593 obtigit,
2149 4538 2250 4590 ego
2289 4521 2657 4591 jurejurando
2684 4520 2995 4587 devinctus,
3043 4532 3096 4575 et
3145 4530 3350 4574 terram
3382 4520 3463 4575 ef-

215 4606 637 4677 ὲπεπείκειμεν,
683 4608 816 4677 μηδὲ
862 4607 939 4677 τῷ
978 4609 1191 4681 θανάτῳ
1244 4614 1473 4682 χωρίσαι
1516 4616 1613 4685 τὴν
1667 4633 1791 4669 συν-

213 4696 421 4748 ουσίαν.
462 4697 749 4765 Τοιγάρτοι
780 4698 920 4751 κατὰ
961 4700 1059 4769 τὴν
1101 4701 1410 4772 ἀποδημίαν
1463 4708 1668 4760 ἐκεῖνον
1696 4708 1792 4776 μὲν

213 4788 341 4857 τῇδε
371 4788 569 4857 συνέϐη
595 4790 847 4854 δέξασθαι
882 4791 976 4844 τοῦ
1002 4792 1117 4861 βίου
1149 4793 1212 4847 τὸ
1247 4796 1420 4866 πέρας
1442 4815 1453 4827 ·
1491 4799 1602 4865 ἐγὼ
1630 4800 1685 4853 δὲ
1717 4801 1791 4870 τῷ

213 4882 364 4948 ὅρκῳ
397 4881 769 4951 πεπεδημένος
789 4882 973 4953 ὠρυξά
999 4902 1057 4939 τε
1096 4887 1172 4949 ώς
1200 4888 1502 4961 ἠδυνάμην,
1528 4893 1619 4946 καὶ
1646 4897 1787 4965 ταφῇ

212 4971 274 5023 τὸ
312 4971 475 5038 σῶμα
509 4971 799 5042 παρέδωκα
824 4990 838 5004 ’
876 4975 1028 5045 παρά
1058 4975 1219 5029 τοῦτο
1249 4978 1305 5032 δὲ
1339 4980 1398 5031 τὸ
1441 4981 1599 5050 σῶμα
1621 4982 1791 5050 τάφον

215 5064 405 5131 ἓτερον
440 5062 662 5132 ἐμαυτῷ
693 5064 1016 5134 κατορύξας,
1048 5066 1173 5137 τῇδε
1232 5072 1510 5141 περιμένω
1548 5073 1639 5126 τοῦ
1674 5074 1790 5143 βίου

213 5154 274 5207 τὸ
317 5151 495 5215 τέλος,
525 5151 621 5205 καὶ
661 5152 739 5222 τῷ
782 5154 1027 5226 Δεσπότῃ
1069 5155 1165 5226 τὴν
1216 5158 1417 5228 συνήθη
1450 5161 1791 5231 λειτουργίαν

218 5240 529 5313 προσφέρω.
566 5242 783 5312 Τροςδὴν
811 5242 867 5296 δὲ
918 5243 1026 5315 ἔχω
1071 5248 1195 5310 τοὺς
1239 5249 1502 5315 φοίνικας,
1526 5252 1616 5316 οῦς
1640 5253 1790 5305 ἀδελ-

214 5336 313 5399 φός
342 5331 433 5399 μοί
462 5348 548 5393 τις
581 5330 827 5400 κομίζειν
852 5334 1002 5403 παρά
1034 5334 1131 5387 τοῦ
1179 5338 1470 5407 κηδεμόνος
1501 5342 1723 5411 ἐτάχθη.
1765 5362 1783 5395 ι

215 5422 434 5477 Τούτων
463 5421 609 5476 οὓτω
660 5423 986 5495 λεγομένων,
1024 5426 1160 5479 λέων
1209 5430 1489 5501 πόρρωθεν
1522 5433 1783 5504 ἀνεφάνη,

214 5515 423 5584 ἀγωνίᾳ
452 5514 509 5567 δὲ
536 5514 646 5567 τῶν
686 5516 781 5569 σὺν
813 5516 890 5585 τῷ
943 5518 1221 5592 πρεσϐύτῃ
1261 5525 1678 5593 περιπεσόντων,
1703 5528 1784 5579 al-

217 5607 474 5676 σθόμενος
500 5606 529 5658 ὁ
556 5608 647 5659 ἐπὶ
677 5608 775 5675 τῆς
805 5610 1150 5673 καταδύσεως
1189 5614 1516 5683 καθήμενος.
1546 5620 1782 5682 ἀναστάς

284 5801 307 5818 ·
343 5782 540 5841 Jcreni.
583 5786 845 5847 nimii.
923 5804 937 5821 τ
968 5786 1069 5841 lsa.
1096 5789 1283 5849 .‘.l.,‘22.

1899 4618 2005 4670 fodi
2034 4622 2092 4667 ut
2121 4616 2296 4684 potui,
2324 4623 2379 4669 et
2411 4614 2709 4682 sepultura:
2738 4628 2939 4681 corpus
2971 4612 3199 4678 tradidi,
3228 4612 3468 4679 mihique

1896 4709 2153 4778 sepulcro
2193 4705 2370 4759 altero
2421 4704 2579 4773 juvta
2611 4702 2837 4763 effosso,
2891 4703 3015 4756 vita:
3052 4702 3210 4754 linem
3256 4701 3345 4754 hic
3379 4716 3467 4755 ex-

1896 4808 2101 4867 specto,
2129 4805 2182 4850 et
2226 4806 2555 4850 consuetum
2596 4793 2827 4847 Domino
2863 4792 3233 4873 ministerium
3268 4790 3458 4847 reddo.

1895 4889 2094 4943 νοέων
2114 4896 2294 4941 autem
2324 4888 2625 4955 palmarqu
2649 4884 2942 4959 fructibus,
2969 4900 3109 4954 quos
3139 4884 3269 4938 mihi
3297 4883 3466 4940 affert

1896 4981 2063 5034 frater
2086 4979 2307 5046 quidam
2336 4978 2405 5032 ab
2427 4994 2491 5032 eo
2528 4979 2719 5048 jussus
2753 4977 2844 5046 qui
2879 4977 2981 5031 mei
3016 4991 3203 5030 curant
3240 4975 3399 5047 gerit.
3440 4995 3459 5028 ι

1896 5072 2029 5125 Dum
2080 5072 2193 5125 haec
2249 5072 2570 5140 loquuntur,
2631 5071 2716 5123 leo
2749 5070 2939 5139 procul
2977 5068 3253 5138 apparuit.
3291 5067 3463 5136 Cujus

1892 5173 2115 5233 aspectu
2141 5162 2388 5216 exterriti
2415 5162 2561 5216 senis
2589 5162 2817 5214 comites
2838 5175 2964 5213 cum
2987 5169 3189 5221 essent,
3216 5174 3273 5215 re
3297 5159 3464 5211 anim-

1892 5255 2118 5309 adversa
2172 5252 2265 5323 qui
2326 5253 2381 5307 in
2432 5250 2585 5305 fovea
2614 5250 2852 5319 jacebat,
2904 5248 3165 5308 surrexit,
3210 5257 3264 5299 et
3321 5246 3462 5301 leoni

1894 5346 2074 5399 innuit
2105 5354 2162 5398 ut
2198 5346 2250 5398 in
2285 5345 2515 5399 alteram
2552 5350 2759 5411 partem
2807 5342 3084 5396 transiret.
3125 5338 3312 5392 Paruit
3341 5356 3462 5394 eve-

1896 5438 2077 5507 stigio,
2117 5438 2445 5506 botrnmque
2474 5436 2658 5488 attulit
2705 5433 3073 5504 dactylorum,
3112 5432 3237 5485 dein
3269 5416 3460 5500 pedem

1897 5531 2098 5582 referre
2131 5532 2319 5597 jussus
2357 5528 2511 5591 abiit,
2554 5536 2605 5580 ct
2640 5524 2827 5595 procul
2862 5539 2889 5577 a
2928 5523 3062 5576 viris
3104 5523 3211 5576 illis
3241 5521 3461 5576 decum-

1897 5625 2029 5676 bens
2060 5622 2373 5675 obclormiil.
2413 5622 2546 5677 Cum
2595 5635 2722 5687 ergo
2768 5617 3013 5685 dactylus
3054 5614 3283 5681 singulis
3322 5615 3463 5671 σενι..
