  <div class='ocr_page' id='page_1' title='image "/cluster/home/n/w/nwhite01/storage/ocr_20150623/82/nnc1.0046979700/727.png"; bbox 0 0 4206 6456; ppageno 0'>
   <div class='ocr_carea' id='block_1_1' title="bbox 783 394 917 462">
    <p class='ocr_par' dir='ltr' id='par_1_1' title="bbox 783 394 917 462">
     <span class='ocr_line' id='line_1_1' title="bbox 783 394 917 462; baseline 0.037 -5"><span class='ocrx_word' id='word_1_1' title='bbox 783 394 917 462; x_wconf 79' lang='grc'>1363</span> 
     </span>
    </p>
   </div>
   <div class='ocr_carea' id='block_1_2' title="bbox 1796 409 3036 471">
    <p class='ocr_par' dir='ltr' id='par_1_2' title="bbox 1796 409 3036 471">
     <span class='ocr_line' id='line_1_2' title="bbox 1796 409 3036 471; baseline 0.002 -4"><span class='ocrx_word' id='word_1_2' title='bbox 1796 409 1895 468; x_wconf 78' lang='grc' dir='ltr'>ΤΗ</span> <span class='ocrx_word' id='word_1_3' title='bbox 1906 409 2283 471; x_wconf 75' lang='lat' dir='ltr'>EODORETI</span> <span class='ocrx_word' id='word_1_4' title='bbox 2314 410 2651 470; x_wconf 82' lang='lat' dir='ltr'>EPISCOPI</span> <span class='ocrx_word' id='word_1_5' title='bbox 2672 410 3036 470; x_wconf 78' lang='lat' dir='ltr'>CYRENSIS</span> 
     </span>
    </p>
   </div>
   <div class='ocr_carea' id='block_1_3' title="bbox 3888 404 4029 471">
    <p class='ocr_par' dir='ltr' id='par_1_3' title="bbox 3888 404 4029 471">
     <span class='ocr_line' id='line_1_3' title="bbox 3888 404 4029 471; baseline 0.014 -2"><span class='ocrx_word' id='word_1_6' title='bbox 3888 404 4029 471; x_wconf 68' lang='grc'>1364</span> 
     </span>
    </p>
   </div>
   <div class='ocr_carea' id='block_1_4' title="bbox 778 510 2389 589">
    <p class='ocr_par' dir='ltr' id='par_1_4' title="bbox 778 510 2345 584">
     <span class='ocr_line' id='line_1_4' title="bbox 778 510 2345 584; baseline 0.007 -23"><span class='ocrx_word' id='word_1_7' title='bbox 778 510 963 573; x_wconf 84' lang='lat' dir='ltr'><strong>sisset,</strong></span> <span class='ocrx_word' id='word_1_8' title='bbox 996 525 1291 581; x_wconf 84' lang='lat' dir='ltr'><strong>precesque</strong></span> <span class='ocrx_word' id='word_1_9' title='bbox 1323 521 1375 568; x_wconf 89' lang='lat' dir='ltr'>et</span> <span class='ocrx_word' id='word_1_10' title='bbox 1425 512 1668 584; x_wconf 81' lang='lat' dir='ltr'>psalmos</span> <span class='ocrx_word' id='word_1_11' title='bbox 1719 532 1843 572; x_wconf 89' lang='lat' dir='ltr'>cum</span> <span class='ocrx_word' id='word_1_12' title='bbox 1877 518 1985 572; x_wconf 85' lang='lat' dir='ltr'>illis</span> <span class='ocrx_word' id='word_1_13' title='bbox 2034 518 2345 573; x_wconf 89' lang='lat' dir='ltr'><strong>communi-</strong></span> 
     </span>
    </p>
   </div>
   <div class='ocr_carea' id='block_1_5' title="bbox 2435 510 4026 589">
    <p class='ocr_par' dir='ltr' id='par_1_5' title="bbox 2448 516 4026 589">
     <span class='ocr_line' id='line_1_5' title="bbox 2448 516 4026 589; baseline -0.003 -16"><span class='ocrx_word' id='word_1_14' title='bbox 2448 518 2524 589; x_wconf 81' lang='grc' dir='ltr'>τῷ</span> <span class='ocrx_word' id='word_1_15' title='bbox 2558 519 2732 573; x_wconf 82' lang='grc' dir='ltr'>λέοντι</span> <span class='ocrx_word' id='word_1_16' title='bbox 2783 519 3053 573; x_wconf 84' lang='grc' dir='ltr'>διένευσεν</span> <span class='ocrx_word' id='word_1_17' title='bbox 3094 519 3173 582; x_wconf 83' lang='grc' dir='ltr'>είς</span> <span class='ocrx_word' id='word_1_18' title='bbox 3209 516 3270 570; x_wconf 81' lang='grc' dir='ltr'>τὸ</span> <span class='ocrx_word' id='word_1_19' title='bbox 3316 518 3501 587; x_wconf 70' lang='grc' dir='ltr'>ἓτερον</span> <span class='ocrx_word' id='word_1_20' title='bbox 3548 517 3797 587; x_wconf 75' lang='grc' dir='ltr'>διαϐῆναι</span> <span class='ocrx_word' id='word_1_21' title='bbox 3834 518 4026 587; x_wconf 75' lang='grc' dir='ltr'>μέρος,</span> 
     </span>
    </p>
   </div>
   <div class='ocr_carea' id='block_1_6' title="bbox 776 604 2343 674">
    <p class='ocr_par' dir='ltr' id='par_1_6' title="bbox 776 604 2343 674">
     <span class='ocr_line' id='line_1_6' title="bbox 776 604 2343 674; baseline 0.009 -25"><span class='ocrx_word' id='word_1_22' title='bbox 776 607 976 658; x_wconf 81' lang='lat' dir='ltr'><strong>casset.</strong></span> <span class='ocrx_word' id='word_1_23' title='bbox 1009 611 1059 653; x_wconf 87' lang='lat' dir='ltr'>et</span> <span class='ocrx_word' id='word_1_24' title='bbox 1094 609 1215 669; x_wconf 86' lang='lat' dir='ltr'><strong>post</strong></span> <span class='ocrx_word' id='word_1_25' title='bbox 1252 604 1486 674; x_wconf 75' lang='lat' dir='ltr'><strong>liturgia:</strong></span> <span class='ocrx_word' id='word_1_26' title='bbox 1520 606 1683 662; x_wconf 77' lang='lat' dir='ltr'><strong>tinem</strong></span> <span class='ocrx_word' id='word_1_27' title='bbox 1717 624 1813 663; x_wconf 87' lang='lat' dir='ltr'>eos</span> <span class='ocrx_word' id='word_1_28' title='bbox 1845 609 1997 665; x_wconf 92' lang='lat' dir='ltr'><strong>intus</strong></span> <span class='ocrx_word' id='word_1_29' title='bbox 2024 611 2343 671; x_wconf 75' lang='lat' dir='ltr'>salutasset.</span> 
     </span>
    </p>
   </div>
   <div class='ocr_carea' id='block_1_7' title="bbox 777 693 2343 768">
    <p class='ocr_par' dir='ltr' id='par_1_7' title="bbox 777 693 2343 768">
     <span class='ocr_line' id='line_1_7' title="bbox 777 693 2343 768; baseline 0.01 -27"><span class='ocrx_word' id='word_1_30' title='bbox 777 693 1080 758; x_wconf 81' lang='lat' dir='ltr'><strong>spectaculi</strong></span> <span class='ocrx_word' id='word_1_31' title='bbox 1119 695 1363 751; x_wconf 68' lang='lat' dir='ltr'><strong>novitate</strong></span> <span class='ocrx_word' id='word_1_32' title='bbox 1411 697 1753 768; x_wconf 78' lang='lat' dir='ltr'><strong>stupefactos</strong></span> <span class='ocrx_word' id='word_1_33' title='bbox 1803 699 2039 754; x_wconf 83' lang='lat' dir='ltr'><strong>dimisit.</strong></span> <span class='ocrx_word' id='word_1_34' title='bbox 2098 699 2256 766; x_wconf 87' lang='lat' dir='ltr'><strong>Quod</strong></span> <span class='ocrx_word' id='word_1_35' title='bbox 2297 702 2343 756; x_wconf 88' lang='lat' dir='ltr'>si</span> 
     </span>
    </p>
   </div>
   <div class='ocr_carea' id='block_1_8' title="bbox 776 782 2389 861">
    <p class='ocr_par' dir='ltr' id='par_1_8' title="bbox 776 782 2389 861">
     <span class='ocr_line' id='line_1_8' title="bbox 776 782 2389 861; baseline 0.009 -27"><span class='ocrx_word' id='word_1_36' title='bbox 776 782 900 849; x_wconf 87' lang='lat' dir='ltr'><strong>quis</strong></span> <span class='ocrx_word' id='word_1_37' title='bbox 932 782 1089 837; x_wconf 80' lang='lat' dir='ltr'><strong>ﬁdem</strong></span> <span class='ocrx_word' id='word_1_38' title='bbox 1126 785 1288 842; x_wconf 87' lang='lat' dir='ltr'><strong>dictis</strong></span> <span class='ocrx_word' id='word_1_39' title='bbox 1327 805 1438 843; x_wconf 92' lang='lat' dir='ltr'>non</span> <span class='ocrx_word' id='word_1_40' title='bbox 1467 790 1653 855; x_wconf 91' lang='lat' dir='ltr'><strong>habet,</strong></span> <span class='ocrx_word' id='word_1_41' title='bbox 1692 792 1873 861; x_wconf 91' lang='lat' dir='ltr'><strong>magni</strong></span> <span class='ocrx_word' id='word_1_42' title='bbox 1907 791 2035 847; x_wconf 75' lang='lat' dir='ltr'><strong>Elia:</strong></span> <span class='ocrx_word' id='word_1_43' title='bbox 2075 794 2264 856; x_wconf 88' lang='lat' dir='ltr'><strong>vitam,</strong></span> <span class='ocrx_word' id='word_1_44' title='bbox 2290 802 2346 845; x_wconf 80' lang='lat' dir='ltr'>et</span> <span class='ocrx_word' id='word_1_45' title='bbox 2385 844 2389 849; x_wconf 87' lang='lat'>.</span> 
     </span>
    </p>
   </div>
   <div class='ocr_carea' id='block_1_9' title="bbox 774 878 2345 953">
    <p class='ocr_par' dir='ltr' id='par_1_9' title="bbox 774 878 2345 953">
     <span class='ocr_line' id='line_1_9' title="bbox 774 878 2345 953; baseline 0.007 -27"><span class='ocrx_word' id='word_1_46' title='bbox 774 889 1063 928; x_wconf 83' lang='lat' dir='ltr'><strong>corvorum</strong></span> <span class='ocrx_word' id='word_1_47' title='bbox 1101 878 1462 934; x_wconf 83' lang='lat' dir='ltr'><strong>ministerium</strong></span> <span class='ocrx_word' id='word_1_48' title='bbox 1517 882 1925 946; x_wconf 85' lang='lat' dir='ltr'><strong>reminiscatur,</strong></span> <span class='ocrx_word' id='word_1_49' title='bbox 1973 882 2063 953; x_wconf 87' lang='lat' dir='ltr'>qui</span> <span class='ocrx_word' id='word_1_50' title='bbox 2097 882 2148 936; x_wconf 87' lang='lat' dir='ltr'>ei</span> <span class='ocrx_word' id='word_1_51' title='bbox 2181 897 2345 937; x_wconf 88' lang='lat' dir='ltr'><strong>mane</strong></span> 
     </span>
    </p>
   </div>
   <div class='ocr_carea' id='block_1_10' title="bbox 777 970 2341 1044">
    <p class='ocr_par' dir='ltr' id='par_1_10' title="bbox 777 970 2341 1044">
     <span class='ocr_line' id='line_1_10' title="bbox 777 970 2341 1044; baseline 0.008 -27"><span class='ocrx_word' id='word_1_52' title='bbox 777 984 991 1033; x_wconf 78' lang='lat' dir='ltr'><strong>panem,</strong></span> <span class='ocrx_word' id='word_1_53' title='bbox 1018 970 1230 1040; x_wconf 72' lang='lat'><strong>1172</strong></span> <span class='ocrx_word' id='word_1_54' title='bbox 1255 988 1484 1042; x_wconf 78' lang='lat' dir='ltr'><strong>vespere</strong></span> <span class='ocrx_word' id='word_1_55' title='bbox 1503 988 1701 1029; x_wconf 91' lang='lat' dir='ltr'><strong>carnes</strong></span> <span class='ocrx_word' id='word_1_56' title='bbox 1722 984 1983 1044; x_wconf 86' lang='lat' dir='ltr'><strong>perpetuo</strong></span> <span class='ocrx_word' id='word_1_57' title='bbox 2002 973 2341 1029; x_wconf 79' lang='lat' dir='ltr'><strong>deferebant.</strong></span> 
     </span>
    </p>
   </div>
   <div class='ocr_carea' id='block_1_11' title="bbox 776 1058 2341 1119">
    <p class='ocr_par' dir='ltr' id='par_1_11' title="bbox 776 1058 2341 1119">
     <span class='ocr_line' id='line_1_11' title="bbox 776 1058 2341 1119; baseline 0.005 -8"><span class='ocrx_word' id='word_1_58' title='bbox 776 1066 790 1076; x_wconf 86' lang='lat'><strong><em>‘</em></strong></span> <span class='ocrx_word' id='word_1_59' title='bbox 829 1058 1009 1113; x_wconf 55' lang='lat' dir='ltr'><strong>Fatale</strong></span> <span class='ocrx_word' id='word_1_60' title='bbox 1042 1074 1122 1114; x_wconf 66' lang='grc' dir='ltr'>(πει</span> <span class='ocrx_word' id='word_1_61' title='bbox 1156 1070 1334 1115; x_wconf 81' lang='lat' dir='ltr'><strong>autent</strong></span> <span class='ocrx_word' id='word_1_62' title='bbox 1377 1063 1623 1118; x_wconf 90' lang='lat' dir='ltr'><strong>omnium</strong></span> <span class='ocrx_word' id='word_1_63' title='bbox 1652 1064 1937 1119; x_wconf 89' lang='lat' dir='ltr'><strong>Conditori</strong></span> <span class='ocrx_word' id='word_1_64' title='bbox 1972 1064 2038 1119; x_wconf 91' lang='lat' dir='ltr'>ad</span> <span class='ocrx_word' id='word_1_65' title='bbox 2080 1064 2341 1119; x_wconf 82' lang='lat' dir='ltr'><strong>tuendam</strong></span> 
     </span>
    </p>
   </div>
   <div class='ocr_carea' id='block_1_12' title="bbox 774 1154 2343 1227">
    <p class='ocr_par' dir='ltr' id='par_1_12' title="bbox 774 1154 2343 1227">
     <span class='ocr_line' id='line_1_12' title="bbox 774 1154 2343 1227; baseline 0.004 -21"><span class='ocrx_word' id='word_1_66' title='bbox 774 1166 996 1206; x_wconf 85' lang='lat' dir='ltr'><strong>suorum</strong></span> <span class='ocrx_word' id='word_1_67' title='bbox 1041 1154 1273 1208; x_wconf 82' lang='lat' dir='ltr'><strong>salutem</strong></span> <span class='ocrx_word' id='word_1_68' title='bbox 1306 1155 1425 1210; x_wconf 82' lang='lat' dir='ltr'><strong>vias</strong></span> <span class='ocrx_word' id='word_1_69' title='bbox 1479 1172 1671 1211; x_wconf 90' lang='lat' dir='ltr'><strong>omnes</strong></span> <span class='ocrx_word' id='word_1_70' title='bbox 1703 1158 1974 1213; x_wconf 89' lang='lat' dir='ltr'><strong>invenire.</strong></span> <span class='ocrx_word' id='word_1_71' title='bbox 2027 1156 2119 1212; x_wconf 91' lang='lat' dir='ltr'><strong>Sic</strong></span> <span class='ocrx_word' id='word_1_72' title='bbox 2150 1170 2343 1227; x_wconf 85' lang='lat' dir='ltr'><strong>nempe</strong></span> 
     </span>
    </p>
   </div>
   <div class='ocr_carea' id='block_1_13' title="bbox 771 1241 2339 1319">
    <p class='ocr_par' dir='ltr' id='par_1_13' title="bbox 771 1241 2339 1319">
     <span class='ocr_line' id='line_1_13' title="bbox 771 1241 2339 1319; baseline 0.005 -26"><span class='ocrx_word' id='word_1_73' title='bbox 771 1241 963 1294; x_wconf 82' lang='lat' dir='ltr'><strong>Jn’nam</strong></span> <span class='ocrx_word' id='word_1_74' title='bbox 1000 1243 1051 1297; x_wconf 91' lang='lat' dir='ltr'>in</span> <span class='ocrx_word' id='word_1_75' title='bbox 1077 1255 1270 1301; x_wconf 88' lang='lat' dir='ltr'><strong>ventre</strong></span> <span class='ocrx_word' id='word_1_76' title='bbox 1300 1247 1405 1300; x_wconf 85' lang='lat' dir='ltr'><strong>ceti</strong></span> <span class='ocrx_word' id='word_1_77' title='bbox 1456 1256 1565 1301; x_wconf 85' lang='lat' dir='ltr'><strong>tres</strong></span> <span class='ocrx_word' id='word_1_78' title='bbox 1599 1248 1718 1303; x_wconf 88' lang='lat' dir='ltr'><strong>dies</strong></span> <span class='ocrx_word' id='word_1_79' title='bbox 1750 1260 2053 1319; x_wconf 87' lang='lat' dir='ltr'><strong>noctesque</strong></span> <span class='ocrx_word' id='word_1_80' title='bbox 2084 1248 2339 1312; x_wconf 86' lang='lat' dir='ltr'><strong>servavit,</strong></span> 
     </span>
    </p>
   </div>
   <div class='ocr_carea' id='block_1_14' title="bbox 776 1332 2337 1409">
    <p class='ocr_par' dir='ltr' id='par_1_14' title="bbox 776 1332 2337 1409">
     <span class='ocr_line' id='line_1_14' title="bbox 776 1332 2337 1409; baseline 0.009 -28"><span class='ocrx_word' id='word_1_81' title='bbox 776 1332 1014 1403; x_wconf 67' lang='lat' dir='ltr'><strong>fecitque</strong></span> <span class='ocrx_word' id='word_1_82' title='bbox 1047 1346 1100 1387; x_wconf 86' lang='grc' dir='ltr'>ιιι</span> <span class='ocrx_word' id='word_1_83' title='bbox 1153 1335 1431 1391; x_wconf 88' lang='lat' dir='ltr'><strong>Danielem</strong></span> <span class='ocrx_word' id='word_1_84' title='bbox 1476 1338 1529 1391; x_wconf 92' lang='lat' dir='ltr'>in</span> <span class='ocrx_word' id='word_1_85' title='bbox 1580 1340 1700 1394; x_wconf 88' lang='lat' dir='ltr'><strong>lacu</strong></span> <span class='ocrx_word' id='word_1_86' title='bbox 1750 1340 1939 1395; x_wconf 89' lang='lat' dir='ltr'><strong>leones</strong></span> <span class='ocrx_word' id='word_1_87' title='bbox 1980 1335 2337 1409; x_wconf 56' lang='lat' dir='ltr'><strong>obstupesceé</strong></span> 
     </span>
    </p>
   </div>
   <div class='ocr_carea' id='block_1_15' title="bbox 774 1426 2341 1498">
    <p class='ocr_par' dir='ltr' id='par_1_15' title="bbox 774 1426 2341 1498">
     <span class='ocr_line' id='line_1_15' title="bbox 774 1426 2341 1498; baseline 0.004 -23"><span class='ocrx_word' id='word_1_88' title='bbox 774 1434 913 1486; x_wconf 86' lang='lat' dir='ltr'><strong>rent,</strong></span> <span class='ocrx_word' id='word_1_89' title='bbox 969 1435 1021 1479; x_wconf 90' lang='lat' dir='ltr'>et</span> <span class='ocrx_word' id='word_1_90' title='bbox 1052 1426 1328 1480; x_wconf 83' lang='lat' dir='ltr'><strong>innuimus</strong></span> <span class='ocrx_word' id='word_1_91' title='bbox 1391 1427 1531 1498; x_wconf 80' lang='lat' dir='ltr'><strong>ignis</strong></span> <span class='ocrx_word' id='word_1_92' title='bbox 1587 1432 1803 1484; x_wconf 87' lang='lat' dir='ltr'><strong>ratione</strong></span> <span class='ocrx_word' id='word_1_93' title='bbox 1858 1438 2205 1498; x_wconf 85' lang='lat' dir='ltr'><strong>operaretur,</strong></span> <span class='ocrx_word' id='word_1_94' title='bbox 2245 1442 2341 1482; x_wconf 82' lang='lat' dir='ltr'>eos</span> 
     </span>
    </p>
   </div>
   <div class='ocr_carea' id='block_1_16' title="bbox 772 1517 2339 1591">
    <p class='ocr_par' dir='ltr' id='par_1_16' title="bbox 772 1517 2339 1591">
     <span class='ocr_line' id='line_1_16' title="bbox 772 1517 2339 1591; baseline 0.004 -24"><span class='ocrx_word' id='word_1_95' title='bbox 772 1517 863 1585; x_wconf 88' lang='lat' dir='ltr'>qui</span> <span class='ocrx_word' id='word_1_96' title='bbox 918 1518 1063 1571; x_wconf 89' lang='lat' dir='ltr'><strong>intus</strong></span> <span class='ocrx_word' id='word_1_97' title='bbox 1111 1528 1271 1573; x_wconf 88' lang='lat' dir='ltr'><strong>erant</strong></span> <span class='ocrx_word' id='word_1_98' title='bbox 1324 1519 1661 1584; x_wconf 85' lang='lat' dir='ltr'><strong>illuminans,</strong></span> <span class='ocrx_word' id='word_1_99' title='bbox 1709 1522 1800 1591; x_wconf 92' lang='lat' dir='ltr'>qui</span> <span class='ocrx_word' id='word_1_100' title='bbox 1852 1537 1980 1575; x_wconf 81' lang='lat' dir='ltr'><strong>vero</strong></span> <span class='ocrx_word' id='word_1_101' title='bbox 2029 1520 2206 1584; x_wconf 77' lang='lat' dir='ltr'><strong>l’oris,</strong></span> <span class='ocrx_word' id='word_1_102' title='bbox 2241 1536 2339 1574; x_wconf 80' lang='lat' dir='ltr'><strong>ex-</strong></span> 
     </span>
    </p>
   </div>
   <div class='ocr_carea' id='block_1_17' title="bbox 773 1610 2343 1683">
    <p class='ocr_par' dir='ltr' id='par_1_17' title="bbox 773 1610 2343 1683">
     <span class='ocr_line' id='line_1_17' title="bbox 773 1610 2343 1683; baseline 0.004 -24"><span class='ocrx_word' id='word_1_103' title='bbox 773 1623 958 1663; x_wconf 88' lang='lat' dir='ltr'><strong>urens.</strong></span> <span class='ocrx_word' id='word_1_104' title='bbox 989 1610 1095 1665; x_wconf 85' lang='lat' dir='ltr'>Sed</span> <span class='ocrx_word' id='word_1_105' title='bbox 1120 1626 1585 1680; x_wconf 78' lang='lat' dir='ltr'><strong>supervacaneam</strong></span> <span class='ocrx_word' id='word_1_106' title='bbox 1615 1628 1728 1667; x_wconf 84' lang='lat' dir='ltr'>rem</span> <span class='ocrx_word' id='word_1_107' title='bbox 1762 1628 1883 1683; x_wconf 81' lang='lat' dir='ltr'><strong>ago,</strong></span> <span class='ocrx_word' id='word_1_108' title='bbox 1912 1613 2003 1683; x_wconf 87' lang='lat' dir='ltr'><strong>qui</strong></span> <span class='ocrx_word' id='word_1_109' title='bbox 2033 1613 2097 1667; x_wconf 90' lang='lat' dir='ltr'>ad</span> <span class='ocrx_word' id='word_1_110' title='bbox 2124 1613 2343 1667; x_wconf 86' lang='lat' dir='ltr'><strong>demon-</strong></span> 
     </span>
    </p>
   </div>
   <div class='ocr_carea' id='block_1_18' title="bbox 773 1699 2337 1773">
    <p class='ocr_par' dir='ltr' id='par_1_18' title="bbox 773 1699 2337 1773">
     <span class='ocr_line' id='line_1_18' title="bbox 773 1699 2337 1773; baseline 0.004 -21"><span class='ocrx_word' id='word_1_111' title='bbox 773 1699 1058 1754; x_wconf 87' lang='lat' dir='ltr'><strong>strandam</strong></span> <span class='ocrx_word' id='word_1_112' title='bbox 1083 1700 1323 1755; x_wconf 85' lang='lat' dir='ltr'><strong>divinam</strong></span> <span class='ocrx_word' id='word_1_113' title='bbox 1346 1706 1646 1771; x_wconf 84' lang='lat' dir='ltr'><strong>potentiam</strong></span> <span class='ocrx_word' id='word_1_114' title='bbox 1671 1713 1997 1773; x_wconf 86' lang='lat' dir='ltr'><strong>argumenta</strong></span> <span class='ocrx_word' id='word_1_115' title='bbox 2016 1702 2337 1773; x_wconf 75' lang='lat' dir='ltr'><strong>prdducam.</strong></span> 
     </span>
    </p>
   </div>
   <div class='ocr_carea' id='block_1_19' title="bbox 775 1791 2333 1865">
    <p class='ocr_par' dir='ltr' id='par_1_19' title="bbox 775 1791 2333 1865">
     <span class='ocr_line' id='line_1_19' title="bbox 775 1791 2333 1865; baseline 0.003 -24"><span class='ocrx_word' id='word_1_116' title='bbox 775 1791 1069 1861; x_wconf 75' lang='lat' dir='ltr'><strong>Postquam</strong></span> <span class='ocrx_word' id='word_1_117' title='bbox 1119 1808 1249 1862; x_wconf 84' lang='lat' dir='ltr'><strong>ergo</strong></span> <span class='ocrx_word' id='word_1_118' title='bbox 1304 1795 1369 1848; x_wconf 85' lang='lat' dir='ltr'>ad</span> <span class='ocrx_word' id='word_1_119' title='bbox 1427 1804 1677 1865; x_wconf 84' lang='lat' dir='ltr'><strong>optatqu</strong></span> <span class='ocrx_word' id='word_1_120' title='bbox 1730 1804 1970 1851; x_wconf 87' lang='lat' dir='ltr'><strong>montem</strong></span> <span class='ocrx_word' id='word_1_121' title='bbox 2014 1808 2333 1865; x_wconf 85' lang='lat' dir='ltr'><strong>pervenere,</strong></span> 
     </span>
    </p>
   </div>
   <div class='ocr_carea' id='block_1_20' title="bbox 2456 602 4025 679">
    <p class='ocr_par' dir='ltr' id='par_1_20' title="bbox 2456 602 4025 679">
     <span class='ocr_line' id='line_1_20' title="bbox 2456 602 4025 679; baseline -0.003 -17"><span class='ocrx_word' id='word_1_122' title='bbox 2456 608 2515 661; x_wconf 89' lang='grc' dir='ltr'>Ὀ</span> <span class='ocrx_word' id='word_1_123' title='bbox 2542 608 2599 662; x_wconf 75' lang='grc' dir='ltr'>δὲ</span> <span class='ocrx_word' id='word_1_124' title='bbox 2631 609 2941 679; x_wconf 76' lang='grc' dir='ltr'>παραυτίκα</span> <span class='ocrx_word' id='word_1_125' title='bbox 2969 606 3193 677; x_wconf 68' lang='grc' dir='ltr'>ἐπείσθη</span> <span class='ocrx_word' id='word_1_126' title='bbox 3219 623 3279 660; x_wconf 92' lang='grc' dir='ltr'>τε</span> <span class='ocrx_word' id='word_1_127' title='bbox 3306 608 3397 659; x_wconf 71' lang='grc' dir='ltr'>καὶ</span> <span class='ocrx_word' id='word_1_128' title='bbox 3416 602 3539 677; x_wconf 82' lang='grc' dir='ltr'>ἧκε,</span> <span class='ocrx_word' id='word_1_129' title='bbox 3562 606 3741 677; x_wconf 87' lang='grc' dir='ltr'>φέρων</span> <span class='ocrx_word' id='word_1_130' title='bbox 3762 606 3872 658; x_wconf 87' lang='grc' dir='ltr'>τῶν</span> <span class='ocrx_word' id='word_1_131' title='bbox 3902 624 4025 675; x_wconf 83' lang='grc' dir='ltr'>φοι-</span> 
     </span>
    </p>
   </div>
   <div class='ocr_carea' id='block_1_21' title="bbox 2446 692 4091 771">
    <p class='ocr_par' dir='ltr' id='par_1_21' title="bbox 2446 692 4091 771">
     <span class='ocr_line' id='line_1_21' title="bbox 2446 692 4091 771; baseline 0.007 -19"><span class='ocrx_word' id='word_1_132' title='bbox 2446 700 2610 754; x_wconf 82' lang='grc' dir='ltr'>νίκων</span> <span class='ocrx_word' id='word_1_133' title='bbox 2657 701 2748 754; x_wconf 80' lang='grc' dir='ltr'>τὸν</span> <span class='ocrx_word' id='word_1_134' title='bbox 2792 699 3003 771; x_wconf 81' lang='grc' dir='ltr'>βότρυν.</span> <span class='ocrx_word' id='word_1_135' title='bbox 3034 692 3167 752; x_wconf 77' lang='grc' dir='ltr'>Είτα</span> <span class='ocrx_word' id='word_1_136' title='bbox 3200 699 3361 753; x_wconf 92' lang='grc' dir='ltr'>πάλιν</span> <span class='ocrx_word' id='word_1_137' title='bbox 3392 698 3633 768; x_wconf 76' lang='grc' dir='ltr'>ἀπῆλθεν</span> <span class='ocrx_word' id='word_1_138' title='bbox 3670 700 4025 769; x_wconf 69' lang='grc' dir='ltr'>ἐπιτριπεὶςο</span> <span class='ocrx_word' id='word_1_139' title='bbox 4086 696 4091 699; x_wconf 17' lang='grc' dir='ltr'>δ</span> 
     </span>
    </p>
   </div>
   <div class='ocr_carea' id='block_1_22' title="bbox 2446 776 4024 862">
    <p class='ocr_par' dir='ltr' id='par_1_22' title="bbox 2446 776 4024 862">
     <span class='ocr_line' id='line_1_22' title="bbox 2446 776 4024 862; baseline 0 -18"><span class='ocrx_word' id='word_1_140' title='bbox 2446 793 2541 845; x_wconf 68' lang='grc' dir='ltr'>καὶ</span> <span class='ocrx_word' id='word_1_141' title='bbox 2568 791 2850 862; x_wconf 70' lang='grc' dir='ltr'>πόρρωθεν</span> <span class='ocrx_word' id='word_1_142' title='bbox 2893 790 3001 843; x_wconf 85' lang='grc' dir='ltr'>τῶν</span> <span class='ocrx_word' id='word_1_143' title='bbox 3030 789 3239 860; x_wconf 82' lang='grc' dir='ltr'>ἀνδρῶν</span> <span class='ocrx_word' id='word_1_144' title='bbox 3288 776 3635 853; x_wconf 74' lang='grc' dir='ltr'>κατακλιθεὶς</span> <span class='ocrx_word' id='word_1_145' title='bbox 3663 790 4024 860; x_wconf 78' lang='grc' dir='ltr'>ἐκαθεύδησε.</span> 
     </span>
    </p>
   </div>
   <div class='ocr_carea' id='block_1_23' title="bbox 2444 880 4030 952">
    <p class='ocr_par' dir='ltr' id='par_1_23' title="bbox 2444 880 4030 952">
     <span class='ocr_line' id='line_1_23' title="bbox 2444 880 4030 952; baseline -0.001 -16"><span class='ocrx_word' id='word_1_146' title='bbox 2444 882 2737 952; x_wconf 81' lang='grc' dir='ltr'>Διανείμας</span> <span class='ocrx_word' id='word_1_147' title='bbox 2791 882 2969 935; x_wconf 79' lang='grc' dir='ltr'>τοίνυν</span> <span class='ocrx_word' id='word_1_148' title='bbox 3021 881 3147 944; x_wconf 79' lang='grc' dir='ltr'>τοὺς</span> <span class='ocrx_word' id='word_1_149' title='bbox 3197 880 3448 948; x_wconf 86' lang='grc' dir='ltr'>φοίνικας</span> <span class='ocrx_word' id='word_1_150' title='bbox 3476 882 3676 943; x_wconf 67' lang='grc' dir='ltr'>ἅπασι,</span> <span class='ocrx_word' id='word_1_151' title='bbox 3707 881 4030 950; x_wconf 77' lang='grc' dir='ltr'>προσευχῆς</span> 
     </span>
    </p>
   </div>
   <div class='ocr_carea' id='block_1_24' title="bbox 2443 970 4028 1043">
    <p class='ocr_par' dir='ltr' id='par_1_24' title="bbox 2443 970 4028 1043">
     <span class='ocr_line' id='line_1_24' title="bbox 2443 970 4028 1043; baseline -0.003 -16"><span class='ocrx_word' id='word_1_152' title='bbox 2443 991 2503 1027; x_wconf 91' lang='grc' dir='ltr'>τε</span> <span class='ocrx_word' id='word_1_153' title='bbox 2532 974 2624 1027; x_wconf 75' lang='grc' dir='ltr'>καὶ</span> <span class='ocrx_word' id='word_1_154' title='bbox 2667 972 2989 1043; x_wconf 76' lang='grc' dir='ltr'>ψαλμῳδίας</span> <span class='ocrx_word' id='word_1_155' title='bbox 3033 972 3365 1042; x_wconf 75' lang='grc' dir='ltr'>κοινωνήσας</span> <span class='ocrx_word' id='word_1_156' title='bbox 3394 972 3607 1034; x_wconf 69' lang='grc' dir='ltr'>αὐτοῖς,</span> <span class='ocrx_word' id='word_1_157' title='bbox 3638 972 3732 1024; x_wconf 78' lang='grc' dir='ltr'>καὶ</span> <span class='ocrx_word' id='word_1_158' title='bbox 3789 970 3933 1039; x_wconf 83' lang='grc' dir='ltr'>μετά</span> <span class='ocrx_word' id='word_1_159' title='bbox 3964 971 4028 1023; x_wconf 86' lang='grc' dir='ltr'>τὸ</span> 
     </span>
    </p>
   </div>
   <div class='ocr_carea' id='block_1_25' title="bbox 2442 1062 4027 1135">
    <p class='ocr_par' dir='ltr' id='par_1_25' title="bbox 2442 1062 4027 1135">
     <span class='ocr_line' id='line_1_25' title="bbox 2442 1062 4027 1135; baseline -0.003 -17"><span class='ocrx_word' id='word_1_160' title='bbox 2442 1065 2596 1128; x_wconf 80' lang='grc' dir='ltr'>τέλος</span> <span class='ocrx_word' id='word_1_161' title='bbox 2631 1064 2730 1135; x_wconf 89' lang='grc' dir='ltr'>τῆς</span> <span class='ocrx_word' id='word_1_162' title='bbox 2761 1063 3102 1135; x_wconf 79' lang='grc' dir='ltr'>λειτουργίας</span> <span class='ocrx_word' id='word_1_163' title='bbox 3148 1062 3316 1116; x_wconf 77' lang='grc' dir='ltr'>ἱωθεν</span> <span class='ocrx_word' id='word_1_164' title='bbox 3348 1064 3734 1133; x_wconf 80' lang='grc' dir='ltr'>ἀσπασάμενος</span> <span class='ocrx_word' id='word_1_165' title='bbox 3764 1062 4027 1131; x_wconf 78' lang='grc' dir='ltr'>ἀπεπέμ-</span> 
     </span>
    </p>
   </div>
   <div class='ocr_carea' id='block_1_26' title="bbox 2442 1153 4026 1226">
    <p class='ocr_par' dir='ltr' id='par_1_26' title="bbox 2442 1153 4026 1226">
     <span class='ocr_line' id='line_1_26' title="bbox 2442 1153 4026 1226; baseline -0.004 -17"><span class='ocrx_word' id='word_1_166' title='bbox 2442 1155 2580 1226; x_wconf 83' lang='grc' dir='ltr'>ψατο</span> <span class='ocrx_word' id='word_1_167' title='bbox 2608 1155 2793 1209; x_wconf 85' lang='grc' dir='ltr'>καινὸν</span> <span class='ocrx_word' id='word_1_168' title='bbox 2815 1154 2996 1225; x_wconf 88' lang='grc' dir='ltr'>θέαμα</span> <span class='ocrx_word' id='word_1_169' title='bbox 3019 1153 3343 1221; x_wconf 77' lang='grc' dir='ltr'>τεθηπότας.</span> <span class='ocrx_word' id='word_1_170' title='bbox 3369 1154 3431 1206; x_wconf 84' lang='lat' dir='ltr'><strong>Ei</strong></span> <span class='ocrx_word' id='word_1_171' title='bbox 3465 1153 3523 1205; x_wconf 92' lang='grc' dir='ltr'>δέ</span> <span class='ocrx_word' id='word_1_172' title='bbox 3554 1168 3637 1215; x_wconf 89' lang='grc' dir='ltr'>τις</span> <span class='ocrx_word' id='word_1_173' title='bbox 3658 1153 3879 1204; x_wconf 85' lang='grc' dir='ltr'>ἀπιστεί</span> <span class='ocrx_word' id='word_1_174' title='bbox 3908 1154 4026 1211; x_wconf 77' lang='grc' dir='ltr'>τοῖς</span> 
     </span>
    </p>
   </div>
   <div class='ocr_carea' id='block_1_27' title="bbox 2443 1243 4025 1321">
    <p class='ocr_par' dir='ltr' id='par_1_27' title="bbox 2443 1243 4025 1321">
     <span class='ocr_line' id='line_1_27' title="bbox 2443 1243 4025 1321; baseline -0.005 -19"><span class='ocrx_word' id='word_1_175' title='bbox 2443 1249 2771 1321; x_wconf 87' lang='grc' dir='ltr'>είρημένοις,</span> <span class='ocrx_word' id='word_1_176' title='bbox 2799 1247 2901 1317; x_wconf 87' lang='grc' dir='ltr'>τῆς</span> <span class='ocrx_word' id='word_1_177' title='bbox 2936 1246 3127 1314; x_wconf 72' lang='grc' dir='ltr'>⁹Ἠλιοῦ</span> <span class='ocrx_word' id='word_1_178' title='bbox 3156 1246 3249 1312; x_wconf 79' lang='grc' dir='ltr'>τοῦ</span> <span class='ocrx_word' id='word_1_179' title='bbox 3292 1246 3430 1299; x_wconf 80' lang='grc' dir='ltr'>πάνυ</span> <span class='ocrx_word' id='word_1_180' title='bbox 3462 1244 3757 1307; x_wconf 80' lang='grc' dir='ltr'>πολιτείας,</span> <span class='ocrx_word' id='word_1_181' title='bbox 3792 1243 3890 1296; x_wconf 74' lang='lat' dir='ltr'><strong>xa‘t</strong></span> <span class='ocrx_word' id='word_1_182' title='bbox 3921 1244 4025 1311; x_wconf 82' lang='grc' dir='ltr'>τῆς</span> 
     </span>
    </p>
   </div>
   <div class='ocr_carea' id='block_1_28' title="bbox 2440 1334 4026 1413">
    <p class='ocr_par' dir='ltr' id='par_1_28' title="bbox 2440 1334 4026 1413">
     <span class='ocr_line' id='line_1_28' title="bbox 2440 1334 4026 1413; baseline -0.007 -17"><span class='ocrx_word' id='word_1_183' title='bbox 2440 1344 2551 1396; x_wconf 85' lang='grc' dir='ltr'>τῶν</span> <span class='ocrx_word' id='word_1_184' title='bbox 2578 1342 2830 1413; x_wconf 80' lang='grc' dir='ltr'>κοράκων</span> <span class='ocrx_word' id='word_1_185' title='bbox 2869 1340 3143 1403; x_wconf 83' lang='grc' dir='ltr'>διακονίας</span> <span class='ocrx_word' id='word_1_186' title='bbox 3196 1337 3620 1409; x_wconf 76' lang='grc' dir='ltr'>ἀναμνησθήτω,</span> <span class='ocrx_word' id='word_1_187' title='bbox 3651 1336 3699 1387; x_wconf 79' lang='grc' dir='ltr'>οἳ</span> <span class='ocrx_word' id='word_1_188' title='bbox 3744 1334 3896 1406; x_wconf 78' lang='grc' dir='ltr'>πρωῒ</span> <span class='ocrx_word' id='word_1_189' title='bbox 3922 1335 4026 1404; x_wconf 81' lang='grc' dir='ltr'>μὲν</span> 
     </span>
    </p>
   </div>
   <div class='ocr_carea' id='block_1_29' title="bbox 2443 1428 4022 1505">
    <p class='ocr_par' dir='ltr' id='par_1_29' title="bbox 2443 1428 4022 1505">
     <span class='ocr_line' id='line_1_29' title="bbox 2443 1428 4022 1505; baseline -0.003 -17"><span class='ocrx_word' id='word_1_190' title='bbox 2443 1435 2624 1505; x_wconf 80' lang='grc' dir='ltr'>ἄρτον,</span> <span class='ocrx_word' id='word_1_191' title='bbox 2646 1432 2826 1502; x_wconf 85' lang='grc' dir='ltr'>δείλης</span> <span class='ocrx_word' id='word_1_192' title='bbox 2863 1431 2921 1485; x_wconf 84' lang='grc' dir='ltr'>δὲ</span> <span class='ocrx_word' id='word_1_193' title='bbox 2947 1431 3115 1503; x_wconf 85' lang='grc' dir='ltr'>κρέας</span> <span class='ocrx_word' id='word_1_194' title='bbox 3141 1429 3289 1500; x_wconf 86' lang='grc' dir='ltr'>αύτῷ</span> <span class='ocrx_word' id='word_1_195' title='bbox 3322 1430 3640 1501; x_wconf 78' lang='grc' dir='ltr'>κομίζοντες</span> <span class='ocrx_word' id='word_1_196' title='bbox 3686 1428 4022 1483; x_wconf 78' lang='grc' dir='ltr'>διετέλεσαν.</span> 
     </span>
    </p>
   </div>
   <div class='ocr_carea' id='block_1_30' title="bbox 2454 1520 4025 1596">
    <p class='ocr_par' dir='ltr' id='par_1_30' title="bbox 2454 1520 4025 1596">
     <span class='ocr_line' id='line_1_30' title="bbox 2454 1520 4025 1596; baseline -0.004 -19"><span class='ocrx_word' id='word_1_197' title='bbox 2454 1524 2660 1596; x_wconf 79' lang='grc' dir='ltr'>Ῥᾴδιον</span> <span class='ocrx_word' id='word_1_198' title='bbox 2680 1522 2736 1576; x_wconf 78' lang='grc' dir='ltr'>δὲ</span> <span class='ocrx_word' id='word_1_199' title='bbox 2761 1524 2838 1593; x_wconf 81' lang='grc' dir='ltr'>τῷ</span> <span class='ocrx_word' id='word_1_200' title='bbox 2853 1524 3055 1594; x_wconf 83' lang='grc' dir='ltr'>Ποιητῇ</span> <span class='ocrx_word' id='word_1_201' title='bbox 3093 1521 3204 1575; x_wconf 86' lang='grc' dir='ltr'>τῶν</span> <span class='ocrx_word' id='word_1_202' title='bbox 3241 1522 3376 1575; x_wconf 84' lang='grc' dir='ltr'>ὅλων</span> <span class='ocrx_word' id='word_1_203' title='bbox 3403 1520 3778 1582; x_wconf 78' lang='grc' dir='ltr'>παντοδαποὺς</span> <span class='ocrx_word' id='word_1_204' title='bbox 3814 1520 4025 1590; x_wconf 85' lang='grc' dir='ltr'>πόρους</span> 
     </span>
    </p>
   </div>
   <div class='ocr_carea' id='block_1_31' title="bbox 2442 1608 4023 1684">
    <p class='ocr_par' dir='ltr' id='par_1_31' title="bbox 2442 1608 4023 1684">
     <span class='ocr_line' id='line_1_31' title="bbox 2442 1608 4023 1684; baseline -0.005 -17"><span class='ocrx_word' id='word_1_205' title='bbox 2442 1617 2519 1677; x_wconf 84' lang='grc' dir='ltr'>είς</span> <span class='ocrx_word' id='word_1_206' title='bbox 2544 1613 2643 1684; x_wconf 82' lang='grc' dir='ltr'>τὴν</span> <span class='ocrx_word' id='word_1_207' title='bbox 2676 1614 2785 1667; x_wconf 88' lang='grc' dir='ltr'>τῶν</span> <span class='ocrx_word' id='word_1_208' title='bbox 2827 1615 3043 1667; x_wconf 82' lang='grc' dir='ltr'>οἰκείων</span> <span class='ocrx_word' id='word_1_209' title='bbox 3087 1610 3381 1683; x_wconf 77' lang='grc' dir='ltr'>θεραπείαν</span> <span class='ocrx_word' id='word_1_210' title='bbox 3401 1609 3694 1680; x_wconf 80' lang='grc' dir='ltr'>εὑρίσκειν.</span> <span class='ocrx_word' id='word_1_211' title='bbox 3719 1608 3881 1661; x_wconf 76' lang='grc' dir='ltr'>Οὕτω</span> <span class='ocrx_word' id='word_1_212' title='bbox 3929 1608 4023 1660; x_wconf 78' lang='grc' dir='ltr'>τὸν</span> 
     </span>
    </p>
   </div>
   <div class='ocr_carea' id='block_1_32' title="bbox 2444 1698 4023 1775">
    <p class='ocr_par' dir='ltr' id='par_1_32' title="bbox 2444 1698 4023 1775">
     <span class='ocr_line' id='line_1_32' title="bbox 2444 1698 4023 1775; baseline -0.005 -17"><span class='ocrx_word' id='word_1_213' title='bbox 2444 1706 2637 1769; x_wconf 82' lang='grc' dir='ltr'>,Ἰωνᾶν</span> <span class='ocrx_word' id='word_1_214' title='bbox 2653 1706 2711 1758; x_wconf 75' lang='grc' dir='ltr'>ὲν</span> <span class='ocrx_word' id='word_1_215' title='bbox 2734 1708 2800 1774; x_wconf 81' lang='grc' dir='ltr'>τῇ</span> <span class='ocrx_word' id='word_1_216' title='bbox 2824 1705 3000 1775; x_wconf 75' lang='grc' dir='ltr'>κοιλίᾳ</span> <span class='ocrx_word' id='word_1_217' title='bbox 3018 1703 3113 1757; x_wconf 88' lang='grc' dir='ltr'>τοῦ</span> <span class='ocrx_word' id='word_1_218' title='bbox 3129 1704 3328 1773; x_wconf 82' lang='grc' dir='ltr'>κήτους</span> <span class='ocrx_word' id='word_1_219' title='bbox 3342 1700 3469 1772; x_wconf 84' lang='grc' dir='ltr'>τρία</span> <span class='ocrx_word' id='word_1_220' title='bbox 3485 1700 3649 1771; x_wconf 83' lang='grc' dir='ltr'>νυχθή</span> <span class='ocrx_word' id='word_1_221' title='bbox 3660 1717 3802 1769; x_wconf 84' lang='grc' dir='ltr'>μερα</span> <span class='ocrx_word' id='word_1_222' title='bbox 3827 1698 4023 1765; x_wconf 84' lang='grc' dir='ltr'>διεφύ-</span> 
     </span>
    </p>
   </div>
   <div class='ocr_carea' id='block_1_33' title="bbox 2440 1791 4021 1863">
    <p class='ocr_par' dir='ltr' id='par_1_33' title="bbox 2440 1791 4021 1863">
     <span class='ocr_line' id='line_1_33' title="bbox 2440 1791 4021 1863; baseline -0.005 -13"><span class='ocrx_word' id='word_1_223' title='bbox 2440 1796 2588 1861; x_wconf 79' lang='grc' dir='ltr'>λαξε,</span> <span class='ocrx_word' id='word_1_224' title='bbox 2620 1798 2715 1851; x_wconf 79' lang='grc' dir='ltr'>καὶ</span> <span class='ocrx_word' id='word_1_225' title='bbox 2743 1798 2869 1859; x_wconf 80' lang='grc' dir='ltr'>τοὺς</span> <span class='ocrx_word' id='word_1_226' title='bbox 2912 1796 3128 1858; x_wconf 77' lang='grc' dir='ltr'>λέοντας</span> <span class='ocrx_word' id='word_1_227' title='bbox 3152 1797 3209 1848; x_wconf 74' lang='grc' dir='ltr'>ὲν</span> <span class='ocrx_word' id='word_1_228' title='bbox 3250 1793 3328 1863; x_wconf 80' lang='grc' dir='ltr'>τῷ</span> <span class='ocrx_word' id='word_1_229' title='bbox 3374 1793 3563 1862; x_wconf 81' lang='grc' dir='ltr'>λάκκῳ</span> <span class='ocrx_word' id='word_1_230' title='bbox 3598 1791 3895 1862; x_wconf 78' lang='grc' dir='ltr'>τεθηκέναι</span> <span class='ocrx_word' id='word_1_231' title='bbox 3927 1791 4021 1843; x_wconf 79' lang='grc' dir='ltr'>τὸν</span> 
     </span>
    </p>
   </div>
   <div class='ocr_carea' id='block_1_34' title="bbox 771 1876 2389 1960">
    <p class='ocr_par' dir='ltr' id='par_1_34' title="bbox 771 1876 2389 1955">
     <span class='ocr_line' id='line_1_34' title="bbox 771 1876 2389 1955; baseline 0.003 -23"><span class='ocrx_word' id='word_1_232' title='bbox 771 1881 1150 1936; x_wconf 80' lang='lat' dir='ltr'><strong>admirandum</strong></span> <span class='ocrx_word' id='word_1_233' title='bbox 1176 1900 1363 1939; x_wconf 87' lang='lat' dir='ltr'><strong>senem</strong></span> <span class='ocrx_word' id='word_1_234' title='bbox 1398 1885 1581 1940; x_wconf 84' lang='lat' dir='ltr'><strong>ferunt</strong></span> <span class='ocrx_word' id='word_1_235' title='bbox 1604 1901 1670 1940; x_wconf 90' lang='lat' dir='ltr'>eo</span> <span class='ocrx_word' id='word_1_236' title='bbox 1695 1887 1748 1940; x_wconf 90' lang='lat' dir='ltr'>in</span> <span class='ocrx_word' id='word_1_237' title='bbox 1773 1886 1916 1951; x_wconf 91' lang='lat' dir='ltr'><strong>loco,</strong></span> <span class='ocrx_word' id='word_1_238' title='bbox 1948 1886 2000 1940; x_wconf 94' lang='lat' dir='ltr'>in</span> <span class='ocrx_word' id='word_1_239' title='bbox 2034 1901 2145 1955; x_wconf 91' lang='lat' dir='ltr'>quo</span> <span class='ocrx_word' id='word_1_240' title='bbox 2166 1884 2333 1939; x_wconf 88' lang='lat' dir='ltr'><strong>Deum</strong></span> <span class='ocrx_word' id='word_1_241' title='bbox 2372 1876 2389 1930; x_wconf 86' lang='grc'><strong>1</strong></span> 
     </span>
    </p>
   </div>
   <div class='ocr_carea' id='block_1_35' title="bbox 2435 1876 4022 1960">
    <p class='ocr_par' dir='ltr' id='par_1_35' title="bbox 2440 1884 4022 1960">
     <span class='ocr_line' id='line_1_35' title="bbox 2440 1884 4022 1960; baseline -0.004 -19"><span class='ocrx_word' id='word_1_242' title='bbox 2440 1889 2637 1960; x_wconf 81' lang='grc' dir='ltr'>Δανιὴλ</span> <span class='ocrx_word' id='word_1_243' title='bbox 2659 1887 3053 1960; x_wconf 81' lang='grc' dir='ltr'>παρεσκεύασε,</span> <span class='ocrx_word' id='word_1_244' title='bbox 3071 1887 3164 1941; x_wconf 73' lang='grc' dir='ltr'>καὶ</span> <span class='ocrx_word' id='word_1_245' title='bbox 3179 1887 3240 1940; x_wconf 80' lang='grc' dir='ltr'>τὸ</span> <span class='ocrx_word' id='word_1_246' title='bbox 3260 1886 3465 1956; x_wconf 73' lang='grc' dir='ltr'>ἄψυχον</span> <span class='ocrx_word' id='word_1_247' title='bbox 3486 1885 3595 1954; x_wconf 80' lang='grc' dir='ltr'>πῦρ</span> <span class='ocrx_word' id='word_1_248' title='bbox 3615 1884 3849 1951; x_wconf 76' lang='grc' dir='ltr'>λογικῶς</span> <span class='ocrx_word' id='word_1_249' title='bbox 3866 1885 4022 1952; x_wconf 79' lang='grc' dir='ltr'>ἐνερ-</span> 
     </span>
    </p>
   </div>
   <div class='ocr_carea' id='block_1_36' title="bbox 770 1973 2338 2047">
    <p class='ocr_par' dir='ltr' id='par_1_36' title="bbox 770 1973 2338 2047">
     <span class='ocr_line' id='line_1_36' title="bbox 770 1973 2338 2047; baseline 0.001 -21"><span class='ocrx_word' id='word_1_250' title='bbox 770 1974 953 2027; x_wconf 85' lang='lat' dir='ltr'><strong>videre</strong></span> <span class='ocrx_word' id='word_1_251' title='bbox 989 1973 1167 2030; x_wconf 84' lang='lat' dir='ltr'><strong>Moses</strong></span> <span class='ocrx_word' id='word_1_252' title='bbox 1193 1977 1393 2031; x_wconf 85' lang='lat' dir='ltr'><strong>meruit</strong></span> <span class='ocrx_word' id='word_1_253' title='bbox 1418 1977 1575 2047; x_wconf 82' lang='lat' dir='ltr'><strong>(vidit</strong></span> <span class='ocrx_word' id='word_1_254' title='bbox 1610 1986 1790 2033; x_wconf 89' lang='lat' dir='ltr'><strong>autem</strong></span> <span class='ocrx_word' id='word_1_255' title='bbox 1820 1986 2086 2047; x_wconf 89' lang='lat' dir='ltr'><strong>quantum</strong></span> <span class='ocrx_word' id='word_1_256' title='bbox 2120 1974 2338 2031; x_wconf 85' lang='lat' dir='ltr'><strong>mortali</strong></span> 
     </span>
    </p>
   </div>
   <div class='ocr_carea' id='block_1_37' title="bbox 773 2067 2335 2138">
    <p class='ocr_par' dir='ltr' id='par_1_37' title="bbox 773 2067 2335 2138">
     <span class='ocr_line' id='line_1_37' title="bbox 773 2067 2335 2138; baseline 0.004 -21"><span class='ocrx_word' id='word_1_257' title='bbox 773 2075 981 2120; x_wconf 83' lang='lat' dir='ltr'><strong>naturae</strong></span> <span class='ocrx_word' id='word_1_258' title='bbox 1015 2067 1096 2123; x_wconf 79' lang='lat' dir='ltr'>fas</span> <span class='ocrx_word' id='word_1_259' title='bbox 1124 2067 1252 2136; x_wconf 89' lang='lat' dir='ltr'><strong>est),</strong></span> <span class='ocrx_word' id='word_1_260' title='bbox 1288 2084 1464 2138; x_wconf 90' lang='lat' dir='ltr'><strong>genua</strong></span> <span class='ocrx_word' id='word_1_261' title='bbox 1495 2071 1697 2131; x_wconf 78' lang='lat' dir='ltr'><strong>ﬁxisse,</strong></span> <span class='ocrx_word' id='word_1_262' title='bbox 1719 2085 1821 2125; x_wconf 92' lang='lat' dir='ltr'>nec</span> <span class='ocrx_word' id='word_1_263' title='bbox 1848 2080 1976 2126; x_wconf 88' lang='lat' dir='ltr'><strong>ante</strong></span> <span class='ocrx_word' id='word_1_264' title='bbox 2006 2070 2335 2132; x_wconf 80' lang='lat' dir='ltr'><strong>surrexisse,</strong></span> 
     </span>
    </p>
   </div>
   <div class='ocr_carea' id='block_1_38' title="bbox 767 2159 2335 2232">
    <p class='ocr_par' dir='ltr' id='par_1_38' title="bbox 767 2159 2335 2232">
     <span class='ocr_line' id='line_1_38' title="bbox 767 2159 2335 2232; baseline 0.004 -26"><span class='ocrx_word' id='word_1_265' title='bbox 767 2174 929 2227; x_wconf 90' lang='lat' dir='ltr'><strong>quam</strong></span> <span class='ocrx_word' id='word_1_266' title='bbox 966 2159 1203 2213; x_wconf 85' lang='lat' dir='ltr'><strong>divinam</strong></span> <span class='ocrx_word' id='word_1_267' title='bbox 1254 2175 1439 2215; x_wconf 87' lang='lat' dir='ltr'><strong>vocem</strong></span> <span class='ocrx_word' id='word_1_268' title='bbox 1478 2160 1693 2216; x_wconf 86' lang='lat' dir='ltr'><strong>Domini</strong></span> <span class='ocrx_word' id='word_1_269' title='bbox 1753 2163 1854 2232; x_wconf 92' lang='lat' dir='ltr'><strong>ipsi</strong></span> <span class='ocrx_word' id='word_1_270' title='bbox 1898 2160 2335 2218; x_wconf 85' lang='lat' dir='ltr'><strong>benevolentiam</strong></span> 
     </span>
    </p>
   </div>
   <div class='ocr_carea' id='block_1_39' title="bbox 770 2251 2336 2323">
    <p class='ocr_par' dir='ltr' id='par_1_39' title="bbox 770 2251 2336 2323">
     <span class='ocr_line' id='line_1_39' title="bbox 770 2251 2336 2323; baseline 0.002 -20"><span class='ocrx_word' id='word_1_271' title='bbox 770 2251 1101 2305; x_wconf 82' lang='lat' dir='ltr'><strong>iudicantem</strong></span> <span class='ocrx_word' id='word_1_272' title='bbox 1133 2251 1372 2306; x_wconf 85' lang='lat' dir='ltr'><strong>audiret.</strong></span> <span class='ocrx_word' id='word_1_273' title='bbox 1434 2254 1626 2323; x_wconf 88' lang='lat' dir='ltr'><strong>Itaque</strong></span> <span class='ocrx_word' id='word_1_274' title='bbox 1656 2268 1780 2307; x_wconf 90' lang='lat' dir='ltr'>cum</span> <span class='ocrx_word' id='word_1_275' title='bbox 1817 2253 2085 2323; x_wconf 78' lang='lat' dir='ltr'><strong>integram</strong></span> <span class='ocrx_word' id='word_1_276' title='bbox 2132 2251 2336 2307; x_wconf 88' lang='lat' dir='ltr'><strong>hebdo-</strong></span> 
     </span>
    </p>
   </div>
   <div class='ocr_carea' id='block_1_40' title="bbox 769 2340 2333 2415">
    <p class='ocr_par' dir='ltr' id='par_1_40' title="bbox 769 2340 2333 2415">
     <span class='ocr_line' id='line_1_40' title="bbox 769 2340 2333 2415; baseline 0.004 -24"><span class='ocrx_word' id='word_1_277' title='bbox 769 2340 979 2393; x_wconf 86' lang='lat' dir='ltr'><strong>madam</strong></span> <span class='ocrx_word' id='word_1_278' title='bbox 1014 2356 1223 2411; x_wconf 87' lang='lat' dir='ltr'><strong>pronus</strong></span> <span class='ocrx_word' id='word_1_279' title='bbox 1252 2343 1355 2396; x_wconf 89' lang='lat' dir='ltr'>hoc</span> <span class='ocrx_word' id='word_1_280' title='bbox 1378 2342 1540 2396; x_wconf 86' lang='lat' dir='ltr'><strong>modo</strong></span> <span class='ocrx_word' id='word_1_281' title='bbox 1572 2344 1895 2414; x_wconf 81' lang='lat' dir='ltr'><strong>peregisset,</strong></span> <span class='ocrx_word' id='word_1_282' title='bbox 1917 2360 2014 2399; x_wconf 90' lang='lat' dir='ltr'>uec</span> <span class='ocrx_word' id='word_1_283' title='bbox 2037 2344 2333 2415; x_wconf 83' lang='lat' dir='ltr'><strong>quidquam</strong></span> 
     </span>
    </p>
   </div>
   <div class='ocr_carea' id='block_1_41' title="bbox 767 2432 2333 2505">
    <p class='ocr_par' dir='ltr' id='par_1_41' title="bbox 767 2432 2333 2505">
     <span class='ocr_line' id='line_1_41' title="bbox 767 2432 2333 2505; baseline 0.003 -21"><span class='ocrx_word' id='word_1_284' title='bbox 767 2432 871 2487; x_wconf 83' lang='lat' dir='ltr'><strong>cibi</strong></span> <span class='ocrx_word' id='word_1_285' title='bbox 904 2440 1208 2502; x_wconf 79' lang='lat' dir='ltr'><strong>gustasset,</strong></span> <span class='ocrx_word' id='word_1_286' title='bbox 1262 2448 1365 2487; x_wconf 91' lang='lat' dir='ltr'>vox</span> <span class='ocrx_word' id='word_1_287' title='bbox 1403 2433 1596 2504; x_wconf 86' lang='lat' dir='ltr'><strong>illapsa</strong></span> <span class='ocrx_word' id='word_1_288' title='bbox 1626 2434 1793 2505; x_wconf 83' lang='lat' dir='ltr'><strong>jussit</strong></span> <span class='ocrx_word' id='word_1_289' title='bbox 1826 2443 1884 2490; x_wconf 92' lang='lat' dir='ltr'>ut</span> <span class='ocrx_word' id='word_1_290' title='bbox 1934 2450 2056 2505; x_wconf 63' lang='lat' dir='ltr'><strong>qua:</strong></span> <span class='ocrx_word' id='word_1_291' title='bbox 2083 2434 2333 2505; x_wconf 81' lang='lat' dir='ltr'><strong>apposita</strong></span> 
     </span>
    </p>
   </div>
   <div class='ocr_carea' id='block_1_42' title="bbox 763 2512 2333 2595">
    <p class='ocr_par' dir='ltr' id='par_1_42' title="bbox 763 2512 2333 2595">
     <span class='ocr_line' id='line_1_42' title="bbox 763 2512 2333 2595; baseline 0.002 -15"><span class='ocrx_word' id='word_1_292' title='bbox 763 2531 918 2580; x_wconf 84' lang='lat' dir='ltr'><strong>erant</strong></span> <span class='ocrx_word' id='word_1_293' title='bbox 944 2533 1209 2587; x_wconf 84' lang='lat' dir='ltr'><strong>sumeret,</strong></span> <span class='ocrx_word' id='word_1_294' title='bbox 1241 2523 1528 2595; x_wconf 87' lang='lat' dir='ltr'><strong>alacrique</strong></span> <span class='ocrx_word' id='word_1_295' title='bbox 1564 2512 1753 2581; x_wconf 88' lang='lat' dir='ltr'><strong>animo</strong></span> <span class='ocrx_word' id='word_1_296' title='bbox 1776 2527 2113 2582; x_wconf 85' lang='lat' dir='ltr'><strong>comederct.</strong></span> <span class='ocrx_word' id='word_1_297' title='bbox 2150 2526 2333 2594; x_wconf 86' lang='lat' dir='ltr'><strong>Quare</strong></span> 
     </span>
    </p>
   </div>
   <div class='ocr_carea' id='block_1_43' title="bbox 763 2616 2334 2688">
    <p class='ocr_par' dir='ltr' id='par_1_43' title="bbox 763 2616 2334 2688">
     <span class='ocr_line' id='line_1_43' title="bbox 763 2616 2334 2688; baseline 0.006 -23"><span class='ocrx_word' id='word_1_298' title='bbox 763 2629 985 2669; x_wconf 84' lang='lat' dir='ltr'><strong>manum</strong></span> <span class='ocrx_word' id='word_1_299' title='bbox 1018 2616 1342 2681; x_wconf 77' lang='lat' dir='ltr'><strong>extendens,</strong></span> <span class='ocrx_word' id='word_1_300' title='bbox 1376 2631 1503 2671; x_wconf 90' lang='lat' dir='ltr'>cum</span> <span class='ocrx_word' id='word_1_301' title='bbox 1548 2617 1652 2671; x_wconf 88' lang='lat' dir='ltr'><strong>tria</strong></span> <span class='ocrx_word' id='word_1_302' title='bbox 1700 2632 1859 2688; x_wconf 82' lang='lat' dir='ltr'><strong>poma</strong></span> <span class='ocrx_word' id='word_1_303' title='bbox 1889 2618 2215 2684; x_wconf 84' lang='lat' dir='ltr'><strong>invenisset,</strong></span> <span class='ocrx_word' id='word_1_304' title='bbox 2250 2619 2334 2674; x_wconf 91' lang='lat' dir='ltr'>his</span> 
     </span>
    </p>
   </div>
   <div class='ocr_carea' id='block_1_44' title="bbox 760 2704 2333 2781">
    <p class='ocr_par' dir='ltr' id='par_1_44' title="bbox 760 2704 2333 2781">
     <span class='ocr_line' id='line_1_44' title="bbox 760 2704 2333 2781; baseline 0.006 -25"><span class='ocrx_word' id='word_1_305' title='bbox 760 2709 915 2770; x_wconf 82' lang='lat' dir='ltr'><strong>juxta</strong></span> <span class='ocrx_word' id='word_1_306' title='bbox 957 2704 1141 2761; x_wconf 90' lang='lat' dir='ltr'><strong>dantis</strong></span> <span class='ocrx_word' id='word_1_307' title='bbox 1187 2709 1477 2776; x_wconf 90' lang='lat' dir='ltr'><strong>imperium</strong></span> <span class='ocrx_word' id='word_1_308' title='bbox 1522 2717 1715 2779; x_wconf 89' lang='lat' dir='ltr'><strong>pastus</strong></span> <span class='ocrx_word' id='word_1_309' title='bbox 1742 2718 1851 2775; x_wconf 86' lang='lat' dir='ltr'><strong>est,</strong></span> <span class='ocrx_word' id='word_1_310' title='bbox 1899 2711 2153 2781; x_wconf 88' lang='lat' dir='ltr'><strong>viresque</strong></span> <span class='ocrx_word' id='word_1_311' title='bbox 2199 2712 2333 2766; x_wconf 85' lang='lat' dir='ltr'><strong>inte-</strong></span> 
     </span>
    </p>
   </div>
   <div class='ocr_carea' id='block_1_45' title="bbox 762 2800 2328 2874">
    <p class='ocr_par' dir='ltr' id='par_1_45' title="bbox 762 2800 2328 2874">
     <span class='ocr_line' id='line_1_45' title="bbox 762 2800 2328 2874; baseline 0.004 -25"><span class='ocrx_word' id='word_1_312' title='bbox 762 2813 886 2864; x_wconf 71' lang='lat' dir='ltr'><strong>gras</strong></span> <span class='ocrx_word' id='word_1_313' title='bbox 926 2800 1153 2867; x_wconf 84' lang='lat' dir='ltr'><strong>recepit,</strong></span> <span class='ocrx_word' id='word_1_314' title='bbox 1194 2808 1248 2855; x_wconf 89' lang='lat' dir='ltr'>et</span> <span class='ocrx_word' id='word_1_315' title='bbox 1294 2802 1499 2864; x_wconf 91' lang='lat' dir='ltr'><strong>socios,</strong></span> <span class='ocrx_word' id='word_1_316' title='bbox 1551 2808 1609 2855; x_wconf 92' lang='lat' dir='ltr'>ut</span> <span class='ocrx_word' id='word_1_317' title='bbox 1651 2817 1752 2872; x_wconf 86' lang='lat' dir='ltr'>par</span> <span class='ocrx_word' id='word_1_318' title='bbox 1781 2813 1928 2867; x_wconf 90' lang='lat' dir='ltr'><strong>erat,</strong></span> <span class='ocrx_word' id='word_1_319' title='bbox 1966 2817 2167 2874; x_wconf 86' lang='lat' dir='ltr'><strong>magno</strong></span> <span class='ocrx_word' id='word_1_320' title='bbox 2206 2818 2328 2857; x_wconf 90' lang='lat' dir='ltr'>cum</span> 
     </span>
    </p>
   </div>
   <div class='ocr_carea' id='block_1_46' title="bbox 762 2892 2331 2966">
    <p class='ocr_par' dir='ltr' id='par_1_46' title="bbox 762 2892 2331 2966">
     <span class='ocr_line' id='line_1_46' title="bbox 762 2892 2331 2966; baseline 0.003 -20"><span class='ocrx_word' id='word_1_321' title='bbox 762 2892 926 2946; x_wconf 79' lang='lat' dir='ltr'><strong>animi</strong></span> <span class='ocrx_word' id='word_1_322' title='bbox 961 2892 1159 2962; x_wconf 85' lang='lat' dir='ltr'><strong>gaudio</strong></span> <span class='ocrx_word' id='word_1_323' title='bbox 1196 2894 1480 2949; x_wconf 86' lang='lat' dir='ltr'><strong>salutavit.</strong></span> <span class='ocrx_word' id='word_1_324' title='bbox 1538 2893 1618 2948; x_wconf 88' lang='lat' dir='ltr'><strong>Ita</strong></span> <span class='ocrx_word' id='word_1_325' title='bbox 1671 2895 1828 2950; x_wconf 68' lang='lat' dir='ltr'><strong>lattus</strong></span> <span class='ocrx_word' id='word_1_326' title='bbox 1875 2896 2182 2966; x_wconf 86' lang='lat' dir='ltr'><strong>hilarisque</strong></span> <span class='ocrx_word' id='word_1_327' title='bbox 2224 2896 2331 2950; x_wconf 90' lang='lat' dir='ltr'><strong>dis-</strong></span> 
     </span>
    </p>
   </div>
   <div class='ocr_carea' id='block_1_47' title="bbox 761 2984 2328 3054">
    <p class='ocr_par' dir='ltr' id='par_1_47' title="bbox 761 2984 2328 3054">
     <span class='ocr_line' id='line_1_47' title="bbox 761 2984 2328 3054; baseline 0.001 -15"><span class='ocrx_word' id='word_1_328' title='bbox 761 2984 966 3049; x_wconf 77' lang='lat' dir='ltr'><strong>cessit,</strong></span> <span class='ocrx_word' id='word_1_329' title='bbox 999 2992 1054 3037; x_wconf 90' lang='lat' dir='ltr'>ut</span> <span class='ocrx_word' id='word_1_330' title='bbox 1089 2984 1256 3054; x_wconf 88' lang='lat' dir='ltr'><strong>quiet</strong></span> <span class='ocrx_word' id='word_1_331' title='bbox 1283 2984 1526 3039; x_wconf 89' lang='lat' dir='ltr'><strong>divinam</strong></span> <span class='ocrx_word' id='word_1_332' title='bbox 1555 3001 1741 3041; x_wconf 81' lang='lat' dir='ltr'><strong>vocem</strong></span> <span class='ocrx_word' id='word_1_333' title='bbox 1763 2986 2033 3049; x_wconf 88' lang='lat' dir='ltr'><strong>audierat,</strong></span> <span class='ocrx_word' id='word_1_334' title='bbox 2066 2996 2121 3042; x_wconf 90' lang='lat' dir='ltr'>et</span> <span class='ocrx_word' id='word_1_335' title='bbox 2142 2988 2328 3042; x_wconf 84' lang='lat' dir='ltr'><strong>datum</strong></span> 
     </span>
    </p>
   </div>
   <div class='ocr_carea' id='block_1_48' title="bbox 2440 1976 4022 2051">
    <p class='ocr_par' dir='ltr' id='par_1_48' title="bbox 2440 1976 4022 2051">
     <span class='ocr_line' id='line_1_48' title="bbox 2440 1976 4022 2051; baseline -0.005 -17"><span class='ocrx_word' id='word_1_336' title='bbox 2440 1982 2685 2050; x_wconf 71' lang='grc' dir='ltr'>γείν,καὶ</span> <span class='ocrx_word' id='word_1_337' title='bbox 2722 1982 2845 2044; x_wconf 76' lang='grc' dir='ltr'>τοὺς</span> <span class='ocrx_word' id='word_1_338' title='bbox 2874 1980 2970 2051; x_wconf 85' lang='grc' dir='ltr'>μὲν</span> <span class='ocrx_word' id='word_1_339' title='bbox 2995 1979 3140 2032; x_wconf 73' lang='grc' dir='ltr'>ἔνδον</span> <span class='ocrx_word' id='word_1_340' title='bbox 3165 1979 3449 2049; x_wconf 80' lang='grc' dir='ltr'>φωτίζειν,</span> <span class='ocrx_word' id='word_1_341' title='bbox 3472 1977 3597 2040; x_wconf 72' lang='grc' dir='ltr'>τοὺς</span> <span class='ocrx_word' id='word_1_342' title='bbox 3630 1976 3685 2029; x_wconf 79' lang='grc' dir='ltr'>δὲ</span> <span class='ocrx_word' id='word_1_343' title='bbox 3714 1976 3820 2041; x_wconf 80' lang='grc' dir='ltr'>ἔξω</span> <span class='ocrx_word' id='word_1_344' title='bbox 3851 1991 4022 2027; x_wconf 79' lang='grc' dir='ltr'>κατα·</span> 
     </span>
    </p>
   </div>
   <div class='ocr_carea' id='block_1_49' title="bbox 2440 2067 4017 2144">
    <p class='ocr_par' dir='ltr' id='par_1_49' title="bbox 2440 2067 4017 2144">
     <span class='ocr_line' id='line_1_49' title="bbox 2440 2067 4017 2144; baseline -0.004 -18"><span class='ocrx_word' id='word_1_345' title='bbox 2440 2074 2616 2127; x_wconf 86' lang='grc' dir='ltr'>καίειν</span> <span class='ocrx_word' id='word_1_346' title='bbox 2638 2074 2962 2144; x_wconf 87' lang='grc' dir='ltr'>πεποίηκεν,</span> <span class='ocrx_word' id='word_1_347' title='bbox 2982 2070 3139 2124; x_wconf 85' lang='grc' dir='ltr'>Ἀλλά</span> <span class='ocrx_word' id='word_1_348' title='bbox 3161 2071 3412 2142; x_wconf 82' lang='grc' dir='ltr'>περιττὸν</span> <span class='ocrx_word' id='word_1_349' title='bbox 3435 2070 3573 2122; x_wconf 81' lang='grc' dir='ltr'>ποιῶ</span> <span class='ocrx_word' id='word_1_350' title='bbox 3588 2068 3714 2136; x_wconf 78' lang='grc' dir='ltr'>περὶ</span> <span class='ocrx_word' id='word_1_351' title='bbox 3741 2069 3838 2137; x_wconf 79' lang='grc' dir='ltr'>τῆς</span> <span class='ocrx_word' id='word_1_352' title='bbox 3860 2067 4017 2127; x_wconf 83' lang='grc' dir='ltr'>θείας</span> 
     </span>
    </p>
   </div>
   <div class='ocr_carea' id='block_1_50' title="bbox 2435 2154 4018 2235">
    <p class='ocr_par' dir='ltr' id='par_1_50' title="bbox 2435 2154 4018 2235">
     <span class='ocr_line' id='line_1_50' title="bbox 2435 2154 4018 2235; baseline -0.007 -17"><span class='ocrx_word' id='word_1_353' title='bbox 2435 2164 2717 2235; x_wconf 88' lang='grc' dir='ltr'>δυνάμεως</span> <span class='ocrx_word' id='word_1_354' title='bbox 2745 2163 3047 2228; x_wconf 82' lang='grc' dir='ltr'>ἀποδείξεις</span> <span class='ocrx_word' id='word_1_355' title='bbox 3093 2162 3437 2232; x_wconf 79' lang='grc' dir='ltr'>προσφέρων.</span> <span class='ocrx_word' id='word_1_356' title='bbox 3480 2158 3701 2229; x_wconf 82' lang='grc' dir='ltr'>Ἐπειδὴ</span> <span class='ocrx_word' id='word_1_357' title='bbox 3749 2157 3936 2209; x_wconf 81' lang='grc' dir='ltr'>τοίνυν</span> <span class='ocrx_word' id='word_1_358' title='bbox 3956 2154 4018 2207; x_wconf 87' lang='grc' dir='ltr'>τδ</span> 
     </span>
    </p>
   </div>
   <div class='ocr_carea' id='block_1_51' title="bbox 2438 2249 4012 2327">
    <p class='ocr_par' dir='ltr' id='par_1_51' title="bbox 2438 2249 4012 2327">
     <span class='ocr_line' id='line_1_51' title="bbox 2438 2249 4012 2327; baseline -0.007 -17"><span class='ocrx_word' id='word_1_359' title='bbox 2438 2256 2769 2327; x_wconf 86' lang='grc' dir='ltr'>ποθούμενον</span> <span class='ocrx_word' id='word_1_360' title='bbox 2800 2254 3097 2309; x_wconf 73' lang='grc' dir='ltr'>κατέλαϐεν</span> <span class='ocrx_word' id='word_1_361' title='bbox 3114 2253 3259 2325; x_wconf 80' lang='grc' dir='ltr'>δρος,</span> <span class='ocrx_word' id='word_1_362' title='bbox 3284 2253 3445 2323; x_wconf 79' lang='grc' dir='ltr'>φασὶν</span> <span class='ocrx_word' id='word_1_363' title='bbox 3499 2252 3705 2305; x_wconf 68' lang='grc' dir='ltr'>ἐκεῖνον</span> <span class='ocrx_word' id='word_1_364' title='bbox 3756 2249 3847 2301; x_wconf 81' lang='grc' dir='ltr'>τὸν</span> <span class='ocrx_word' id='word_1_365' title='bbox 3880 2249 4012 2300; x_wconf 73' lang='grc' dir='ltr'>θαυο</span> 
     </span>
    </p>
   </div>
   <div class='ocr_carea' id='block_1_52' title="bbox 2439 2336 4016 2418">
    <p class='ocr_par' dir='ltr' id='par_1_52' title="bbox 2439 2336 4016 2418">
     <span class='ocr_line' id='line_1_52' title="bbox 2439 2336 4016 2418; baseline -0.007 -16"><span class='ocrx_word' id='word_1_366' title='bbox 2439 2350 2631 2418; x_wconf 79' lang='grc' dir='ltr'>μάσιον</span> <span class='ocrx_word' id='word_1_367' title='bbox 2664 2349 2895 2418; x_wconf 90' lang='grc' dir='ltr'>γέροντα</span> <span class='ocrx_word' id='word_1_368' title='bbox 2924 2350 2981 2400; x_wconf 84' lang='grc' dir='ltr'>ὲν</span> <span class='ocrx_word' id='word_1_369' title='bbox 3021 2347 3213 2416; x_wconf 78' lang='grc' dir='ltr'>ἐκείνῳ</span> <span class='ocrx_word' id='word_1_370' title='bbox 3238 2345 3318 2416; x_wconf 80' lang='grc' dir='ltr'>τῷ</span> <span class='ocrx_word' id='word_1_371' title='bbox 3349 2345 3555 2416; x_wconf 81' lang='grc' dir='ltr'>χωρίῳ,</span> <span class='ocrx_word' id='word_1_372' title='bbox 3580 2344 3638 2395; x_wconf 70' lang='grc' dir='ltr'>ἐν</span> <span class='ocrx_word' id='word_1_373' title='bbox 3673 2336 3717 2409; x_wconf 80' lang='grc' dir='ltr'>ᾧ</span> <span class='ocrx_word' id='word_1_374' title='bbox 3748 2340 3844 2393; x_wconf 75' lang='grc' dir='ltr'>τὸν</span> <span class='ocrx_word' id='word_1_375' title='bbox 3877 2340 4016 2392; x_wconf 76' lang='grc' dir='ltr'>Θεὸν</span> 
     </span>
    </p>
   </div>
   <div class='ocr_carea' id='block_1_53' title="bbox 2434 2429 4014 2511">
    <p class='ocr_par' dir='ltr' id='par_1_53' title="bbox 2434 2429 4014 2511">
     <span class='ocr_line' id='line_1_53' title="bbox 2434 2429 4014 2511; baseline -0.007 -17"><span class='ocrx_word' id='word_1_376' title='bbox 2434 2442 2672 2511; x_wconf 80' lang='grc' dir='ltr'>Μωῡσῆς</span> <span class='ocrx_word' id='word_1_377' title='bbox 2702 2441 2831 2494; x_wconf 86' lang='grc' dir='ltr'>ίδεῖν</span> <span class='ocrx_word' id='word_1_378' title='bbox 2869 2438 3095 2511; x_wconf 67' lang='grc' dir='ltr'>ἠξιώθη,</span> <span class='ocrx_word' id='word_1_379' title='bbox 3129 2432 3270 2493; x_wconf 85' lang='grc' dir='ltr'>εἶδεν</span> <span class='ocrx_word' id='word_1_380' title='bbox 3294 2438 3350 2491; x_wconf 83' lang='grc' dir='ltr'>δὲ</span> <span class='ocrx_word' id='word_1_381' title='bbox 3382 2438 3459 2500; x_wconf 82' lang='grc' dir='ltr'>ὡς</span> <span class='ocrx_word' id='word_1_382' title='bbox 3484 2434 3711 2490; x_wconf 80' lang='grc' dir='ltr'>δυνατὸν</span> <span class='ocrx_word' id='word_1_383' title='bbox 3740 2429 3810 2502; x_wconf 84' lang='grc' dir='ltr'>ἦν</span> <span class='ocrx_word' id='word_1_384' title='bbox 3845 2431 4014 2500; x_wconf 88' lang='grc' dir='ltr'>φύσει</span> 
     </span>
    </p>
   </div>
   <div class='ocr_carea' id='block_1_54' title="bbox 2433 2523 4016 2603">
    <p class='ocr_par' dir='ltr' id='par_1_54' title="bbox 2433 2523 4016 2603">
     <span class='ocr_line' id='line_1_54' title="bbox 2433 2523 4016 2603; baseline -0.016 -12"><span class='ocrx_word' id='word_1_385' title='bbox 2433 2531 2623 2603; x_wconf 79' lang='grc' dir='ltr'>θνητῇ,</span> <span class='ocrx_word' id='word_1_386' title='bbox 2646 2531 2825 2585; x_wconf 81' lang='grc' dir='ltr'>κλίναι</span> <span class='ocrx_word' id='word_1_387' title='bbox 2855 2531 2924 2585; x_wconf 69' lang='grc' dir='ltr'>τὰ</span> <span class='ocrx_word' id='word_1_388' title='bbox 2954 2530 3179 2599; x_wconf 90' lang='grc' dir='ltr'>γόνατα,</span> <span class='ocrx_word' id='word_1_389' title='bbox 3210 2530 3304 2583; x_wconf 79' lang='grc' dir='ltr'>καὶ</span> <span class='ocrx_word' id='word_1_390' title='bbox 3359 2528 3433 2599; x_wconf 82' lang='grc' dir='ltr'>μὴ</span> <span class='ocrx_word' id='word_1_391' title='bbox 3465 2527 3728 2597; x_wconf 78' lang='grc' dir='ltr'>πρότερον</span> <span class='ocrx_word' id='word_1_392' title='bbox 3778 2523 4016 2592; x_wconf 77' lang='grc' dir='ltr'>ἀναστῆ-</span> 
     </span>
    </p>
   </div>
   <div class='ocr_carea' id='block_1_55' title="bbox 2433 2611 4013 2689">
    <p class='ocr_par' dir='ltr' id='par_1_55' title="bbox 2433 2611 4013 2689">
     <span class='ocr_line' id='line_1_55' title="bbox 2433 2611 4013 2689; baseline -0.007 -17"><span class='ocrx_word' id='word_1_393' title='bbox 2433 2637 2565 2685; x_wconf 86' lang='grc' dir='ltr'>ναι,</span> <span class='ocrx_word' id='word_1_394' title='bbox 2598 2618 2702 2682; x_wconf 72' lang='grc' dir='ltr'>ἕως</span> <span class='ocrx_word' id='word_1_395' title='bbox 2751 2617 2901 2681; x_wconf 88' lang='grc' dir='ltr'>θείας</span> <span class='ocrx_word' id='word_1_396' title='bbox 2939 2618 3209 2689; x_wconf 66' lang='grc' dir='ltr'>ἐπήκουσε</span> <span class='ocrx_word' id='word_1_397' title='bbox 3260 2616 3467 2686; x_wconf 87' lang='grc' dir='ltr'>φωνῆς,</span> <span class='ocrx_word' id='word_1_398' title='bbox 3514 2612 3611 2684; x_wconf 78' lang='grc' dir='ltr'>τὴν</span> <span class='ocrx_word' id='word_1_399' title='bbox 3665 2611 4013 2677; x_wconf 76' lang='grc' dir='ltr'>Δεσποτικὴν</span> 
     </span>
    </p>
   </div>
   <div class='ocr_carea' id='block_1_56' title="bbox 2432 2700 4011 2781">
    <p class='ocr_par' dir='ltr' id='par_1_56' title="bbox 2432 2700 4011 2781">
     <span class='ocr_line' id='line_1_56' title="bbox 2432 2700 4011 2781; baseline -0.001 -18"><span class='ocrx_word' id='word_1_400' title='bbox 2432 2709 2581 2781; x_wconf 82' lang='grc' dir='ltr'>αύτῷ</span> <span class='ocrx_word' id='word_1_401' title='bbox 2610 2710 2896 2780; x_wconf 83' lang='grc' dir='ltr'>εὐμένειαν</span> <span class='ocrx_word' id='word_1_402' title='bbox 2932 2707 3261 2779; x_wconf 76' lang='grc' dir='ltr'>μηνυούσης.</span> <span class='ocrx_word' id='word_1_403' title='bbox 3314 2705 3531 2774; x_wconf 80' lang='grc' dir='ltr'>Ἐπειδὴ</span> <span class='ocrx_word' id='word_1_404' title='bbox 3560 2703 3616 2756; x_wconf 76' lang='grc' dir='ltr'>δὲ</span> <span class='ocrx_word' id='word_1_405' title='bbox 3659 2701 3879 2753; x_wconf 69' lang='grc' dir='ltr'>ἅπαντα</span> <span class='ocrx_word' id='word_1_406' title='bbox 3910 2700 4011 2761; x_wconf 75' lang='grc' dir='ltr'>τῆς</span> 
     </span>
    </p>
   </div>
   <div class='ocr_carea' id='block_1_57' title="bbox 2430 2791 4008 2871">
    <p class='ocr_par' dir='ltr' id='par_1_57' title="bbox 2430 2791 4008 2871">
     <span class='ocr_line' id='line_1_57' title="bbox 2430 2791 4008 2871; baseline -0.008 -17"><span class='ocrx_word' id='word_1_407' title='bbox 2430 2800 2721 2871; x_wconf 73' lang='grc' dir='ltr'>ἑϐδομάδος</span> <span class='ocrx_word' id='word_1_408' title='bbox 2773 2801 2867 2854; x_wconf 80' lang='grc' dir='ltr'>τὸν</span> <span class='ocrx_word' id='word_1_409' title='bbox 2902 2799 3102 2853; x_wconf 84' lang='grc' dir='ltr'>κύκλον</span> <span class='ocrx_word' id='word_1_410' title='bbox 3147 2797 3290 2851; x_wconf 79' lang='grc' dir='ltr'>οὕτω</span> <span class='ocrx_word' id='word_1_411' title='bbox 3323 2793 3677 2864; x_wconf 81' lang='grc' dir='ltr'>συγκεκυφὼς</span> <span class='ocrx_word' id='word_1_412' title='bbox 3709 2791 4008 2851; x_wconf 74' lang='grc' dir='ltr'>διετέλεσε,</span> 
     </span>
    </p>
   </div>
   <div class='ocr_carea' id='block_1_58' title="bbox 2428 2886 4009 2965">
    <p class='ocr_par' dir='ltr' id='par_1_58' title="bbox 2428 2886 4009 2965">
     <span class='ocr_line' id='line_1_58' title="bbox 2428 2886 4009 2965; baseline -0.008 -17"><span class='ocrx_word' id='word_1_413' title='bbox 2428 2894 2636 2965; x_wconf 84' lang='grc' dir='ltr'>τροφῆς</span> <span class='ocrx_word' id='word_1_414' title='bbox 2665 2893 2784 2947; x_wconf 80' lang='grc' dir='ltr'>οὐδὲ</span> <span class='ocrx_word' id='word_1_415' title='bbox 2829 2892 3087 2963; x_wconf 85' lang='grc' dir='ltr'>βραχείας</span> <span class='ocrx_word' id='word_1_416' title='bbox 3123 2889 3443 2961; x_wconf 83' lang='grc' dir='ltr'>μεταλαχὼν</span> <span class='ocrx_word' id='word_1_417' title='bbox 3464 2930 3478 2953; x_wconf 88' lang='grc'>,</span> <span class='ocrx_word' id='word_1_418' title='bbox 3508 2887 3794 2940; x_wconf 73' lang='grc' dir='ltr'>ἐκέλευσεν</span> <span class='ocrx_word' id='word_1_419' title='bbox 3823 2886 3855 2954; x_wconf 87' lang='grc' dir='ltr'>ή</span> <span class='ocrx_word' id='word_1_420' title='bbox 3909 2901 4009 2951; x_wconf 85' lang='grc' dir='ltr'>γε-</span> 
     </span>
    </p>
   </div>
   <div class='ocr_carea' id='block_1_59' title="bbox 2430 2974 4009 3055">
    <p class='ocr_par' dir='ltr' id='par_1_59' title="bbox 2430 2974 4009 3055">
     <span class='ocr_line' id='line_1_59' title="bbox 2430 2974 4009 3055; baseline -0.008 -17"><span class='ocrx_word' id='word_1_421' title='bbox 2430 2985 2629 3055; x_wconf 86' lang='grc' dir='ltr'>νομένη</span> <span class='ocrx_word' id='word_1_422' title='bbox 2651 2983 2802 3055; x_wconf 83' lang='grc' dir='ltr'>φωνὴ</span> <span class='ocrx_word' id='word_1_423' title='bbox 2831 2986 2923 3037; x_wconf 71' lang='grc' dir='ltr'>καὶ</span> <span class='ocrx_word' id='word_1_424' title='bbox 2963 2984 3031 3037; x_wconf 80' lang='grc' dir='ltr'>τὰ</span> <span class='ocrx_word' id='word_1_425' title='bbox 3087 2982 3422 3052; x_wconf 86' lang='grc' dir='ltr'>προτεθέντα</span> <span class='ocrx_word' id='word_1_426' title='bbox 3459 2978 3607 3046; x_wconf 76' lang='grc' dir='ltr'>αὐτῷ</span> <span class='ocrx_word' id='word_1_427' title='bbox 3659 2976 3868 3038; x_wconf 79' lang='grc' dir='ltr'>λαϐεῖν,</span> <span class='ocrx_word' id='word_1_428' title='bbox 3914 2974 4009 3028; x_wconf 78' lang='grc' dir='ltr'>καὶ</span> 
     </span>
    </p>
   </div>
   <div class='ocr_carea' id='block_1_60' title="bbox 760 3066 2389 3147">
    <p class='ocr_par' dir='ltr' id='par_1_60' title="bbox 760 3074 2327 3145">
     <span class='ocr_line' id='line_1_60' title="bbox 760 3074 2327 3145; baseline 0.004 -19"><span class='ocrx_word' id='word_1_429' title='bbox 760 3093 786 3126; x_wconf 83' lang='lat' dir='ltr'>a</span> <span class='ocrx_word' id='word_1_430' title='bbox 823 3074 929 3127; x_wconf 83' lang='lat' dir='ltr'><strong>Deo</strong></span> <span class='ocrx_word' id='word_1_431' title='bbox 963 3074 1147 3128; x_wconf 88' lang='lat' dir='ltr'><strong>cibum</strong></span> <span class='ocrx_word' id='word_1_432' title='bbox 1176 3084 1486 3145; x_wconf 86' lang='lat' dir='ltr'><strong>acceperat.</strong></span> <span class='ocrx_word' id='word_1_433' title='bbox 1538 3074 1816 3132; x_wconf 78' lang='lat' dir='ltr'><strong>Reversus</strong></span> <span class='ocrx_word' id='word_1_434' title='bbox 1852 3087 2030 3132; x_wconf 88' lang='lat' dir='ltr'><strong>autem</strong></span> <span class='ocrx_word' id='word_1_435' title='bbox 2062 3076 2172 3132; x_wconf 92' lang='lat' dir='ltr'>duo</span> <span class='ocrx_word' id='word_1_436' title='bbox 2199 3076 2327 3132; x_wconf 91' lang='lat' dir='ltr'><strong>item</strong></span> 
     </span>
    </p>
   </div>
   <div class='ocr_carea' id='block_1_61' title="bbox 2435 3066 4011 3147">
    <p class='ocr_par' dir='ltr' id='par_1_61' title="bbox 2435 3066 4011 3147">
     <span class='ocr_line' id='line_1_61' title="bbox 2435 3066 4011 3147; baseline -0.008 -17"><span class='ocrx_word' id='word_1_437' title='bbox 2435 3075 2727 3147; x_wconf 85' lang='grc' dir='ltr'>προθύμως</span> <span class='ocrx_word' id='word_1_438' title='bbox 2775 3077 3113 3144; x_wconf 86' lang='grc' dir='ltr'>καταφαγεῖν</span> <span class='ocrx_word' id='word_1_439' title='bbox 3141 3090 3155 3105; x_wconf 88' lang='grc'><strong>·</strong></span> <span class='ocrx_word' id='word_1_440' title='bbox 3188 3072 3434 3135; x_wconf 74' lang='grc' dir='ltr'>ἐκτείνας</span> <span class='ocrx_word' id='word_1_441' title='bbox 3462 3071 3520 3124; x_wconf 78' lang='grc' dir='ltr'>δὲ</span> <span class='ocrx_word' id='word_1_442' title='bbox 3548 3071 3645 3138; x_wconf 81' lang='grc' dir='ltr'>τήν</span> <span class='ocrx_word' id='word_1_443' title='bbox 3694 3070 3873 3137; x_wconf 78' lang='grc' dir='ltr'>χεῖρα,</span> <span class='ocrx_word' id='word_1_444' title='bbox 3909 3066 4011 3118; x_wconf 77' lang='grc' dir='ltr'>καὶ</span> 
     </span>
    </p>
   </div>
   <div class='ocr_carea' id='block_1_62' title="bbox 762 3158 2389 3239">
    <p class='ocr_par' dir='ltr' id='par_1_62' title="bbox 762 3165 2389 3239">
     <span class='ocr_line' id='line_1_62' title="bbox 762 3165 2389 3239; baseline 0.004 -23"><span class='ocrx_word' id='word_1_445' title='bbox 762 3165 1031 3235; x_wconf 72' lang='lat' dir='ltr'><strong>religiosae</strong></span> <span class='ocrx_word' id='word_1_446' title='bbox 1062 3167 1421 3238; x_wconf 76' lang='lat' dir='ltr'><strong>philosophia:</strong></span> <span class='ocrx_word' id='word_1_447' title='bbox 1444 3167 1727 3239; x_wconf 84' lang='lat' dir='ltr'><strong>gymnasia</strong></span> <span class='ocrx_word' id='word_1_448' title='bbox 1755 3170 2048 3233; x_wconf 87' lang='lat' dir='ltr'><strong>exstruxit,</strong></span> <span class='ocrx_word' id='word_1_449' title='bbox 2078 3184 2245 3223; x_wconf 91' lang='lat' dir='ltr'><strong>unum</strong></span> <span class='ocrx_word' id='word_1_450' title='bbox 2275 3170 2326 3223; x_wconf 91' lang='lat' dir='ltr'>in</span> <span class='ocrx_word' id='word_1_451' title='bbox 2362 3226 2389 3239; x_wconf 84' lang='lat'>_</span> 
     </span>
    </p>
   </div>
   <div class='ocr_carea' id='block_1_63' title="bbox 2435 3158 4009 3239">
    <p class='ocr_par' dir='ltr' id='par_1_63' title="bbox 2435 3158 4009 3239">
     <span class='ocr_line' id='line_1_63' title="bbox 2435 3158 4009 3239; baseline -0.008 -18"><span class='ocrx_word' id='word_1_452' title='bbox 2435 3168 2555 3238; x_wconf 81' lang='grc' dir='ltr'>τρία</span> <span class='ocrx_word' id='word_1_453' title='bbox 2583 3168 2727 3239; x_wconf 88' lang='grc' dir='ltr'>μῆλα</span> <span class='ocrx_word' id='word_1_454' title='bbox 2755 3166 2927 3238; x_wconf 85' lang='grc' dir='ltr'>εὑρὼν</span> <span class='ocrx_word' id='word_1_455' title='bbox 2947 3206 2961 3231; x_wconf 95' lang='grc'>,</span> <span class='ocrx_word' id='word_1_456' title='bbox 2986 3167 3080 3219; x_wconf 80' lang='grc' dir='ltr'>καὶ</span> <span class='ocrx_word' id='word_1_457' title='bbox 3103 3158 3305 3219; x_wconf 77' lang='grc' dir='ltr'>τούτων</span> <span class='ocrx_word' id='word_1_458' title='bbox 3331 3162 3658 3234; x_wconf 73' lang='grc' dir='ltr'>ἐμφορηθεὶς</span> <span class='ocrx_word' id='word_1_459' title='bbox 3684 3161 3757 3223; x_wconf 84' lang='grc' dir='ltr'>ὡς</span> <span class='ocrx_word' id='word_1_460' title='bbox 3791 3162 3821 3211; x_wconf 86' lang='grc' dir='ltr'>ό</span> <span class='ocrx_word' id='word_1_461' title='bbox 3842 3158 4009 3211; x_wconf 79' lang='grc' dir='ltr'>δεδω-</span> 
     </span>
    </p>
   </div>
   <div class='ocr_carea' id='block_1_64' title="bbox 760 3251 2389 3330">
    <p class='ocr_par' dir='ltr' id='par_1_64' title="bbox 760 3251 2389 3329">
     <span class='ocr_line' id='line_1_64' title="bbox 760 3251 2389 3329; baseline 0.003 -20"><span class='ocrx_word' id='word_1_462' title='bbox 760 3258 924 3313; x_wconf 86' lang='lat' dir='ltr'><strong>dorso</strong></span> <span class='ocrx_word' id='word_1_463' title='bbox 952 3261 1156 3314; x_wconf 89' lang='lat' dir='ltr'><strong>montis</strong></span> <span class='ocrx_word' id='word_1_464' title='bbox 1185 3258 1251 3315; x_wconf 86' lang='lat' dir='ltr'>de</span> <span class='ocrx_word' id='word_1_465' title='bbox 1283 3276 1392 3329; x_wconf 91' lang='lat' dir='ltr'>quo</span> <span class='ocrx_word' id='word_1_466' title='bbox 1422 3260 1763 3323; x_wconf 85' lang='lat' dir='ltr'><strong>dicebamus,</strong></span> <span class='ocrx_word' id='word_1_467' title='bbox 1803 3262 2043 3315; x_wconf 88' lang='lat' dir='ltr'><strong>alterum</strong></span> <span class='ocrx_word' id='word_1_468' title='bbox 2074 3262 2177 3317; x_wconf 88' lang='lat' dir='ltr'>sub</span> <span class='ocrx_word' id='word_1_469' title='bbox 2212 3261 2324 3326; x_wconf 88' lang='lat' dir='ltr'><strong>illo,</strong></span> <span class='ocrx_word' id='word_1_470' title='bbox 2356 3251 2389 3287; x_wconf 61' lang='grc' dir='ltr'><strong>ι</strong></span> 
     </span>
    </p>
   </div>
   <div class='ocr_carea' id='block_1_65' title="bbox 2435 3251 4011 3330">
    <p class='ocr_par' dir='ltr' id='par_1_65' title="bbox 2435 3251 4011 3330">
     <span class='ocr_line' id='line_1_65' title="bbox 2435 3251 4011 3330; baseline -0.006 -18"><span class='ocrx_word' id='word_1_471' title='bbox 2435 3258 2544 3323; x_wconf 89' lang='grc' dir='ltr'>κὼς</span> <span class='ocrx_word' id='word_1_472' title='bbox 2571 3258 2984 3330; x_wconf 81' lang='grc' dir='ltr'>παρηγγύησεν,</span> <span class='ocrx_word' id='word_1_473' title='bbox 3023 3256 3203 3327; x_wconf 85' lang='grc' dir='ltr'>ἰσχύος</span> <span class='ocrx_word' id='word_1_474' title='bbox 3252 3273 3312 3308; x_wconf 87' lang='grc' dir='ltr'>τε</span> <span class='ocrx_word' id='word_1_475' title='bbox 3353 3254 3574 3323; x_wconf 83' lang='grc' dir='ltr'>γέγονεν</span> <span class='ocrx_word' id='word_1_476' title='bbox 3623 3253 3840 3319; x_wconf 79' lang='grc' dir='ltr'>ἀπάσης</span> <span class='ocrx_word' id='word_1_477' title='bbox 3872 3251 4011 3304; x_wconf 81' lang='grc' dir='ltr'>ἀνά-</span> 
     </span>
    </p>
   </div>
   <div class='ocr_carea' id='block_1_66' title="bbox 761 3346 2389 3423">
    <p class='ocr_par' dir='ltr' id='par_1_66' title="bbox 761 3350 2330 3423">
     <span class='ocr_line' id='line_1_66' title="bbox 761 3350 2330 3423; baseline 0.006 -23"><span class='ocrx_word' id='word_1_478' title='bbox 761 3350 825 3403; x_wconf 82' lang='lat' dir='ltr'>ad</span> <span class='ocrx_word' id='word_1_479' title='bbox 864 3351 1011 3419; x_wconf 84' lang='lat' dir='ltr'><strong>ipsas</strong></span> <span class='ocrx_word' id='word_1_480' title='bbox 1046 3352 1257 3407; x_wconf 83' lang='lat' dir='ltr'><strong>radices</strong></span> <span class='ocrx_word' id='word_1_481' title='bbox 1303 3353 1536 3407; x_wconf 89' lang='lat' dir='ltr'><strong>montis:</strong></span> <span class='ocrx_word' id='word_1_482' title='bbox 1575 3353 1934 3423; x_wconf 86' lang='lat' dir='ltr'><strong>collectisque</strong></span> <span class='ocrx_word' id='word_1_483' title='bbox 1983 3352 2038 3407; x_wconf 91' lang='lat' dir='ltr'>in</span> <span class='ocrx_word' id='word_1_484' title='bbox 2095 3364 2330 3421; x_wconf 90' lang='lat' dir='ltr'><strong>utroque</strong></span> 
     </span>
    </p>
   </div>
   <div class='ocr_carea' id='block_1_67' title="bbox 2435 3346 4009 3423">
    <p class='ocr_par' dir='ltr' id='par_1_67' title="bbox 2435 3346 4009 3423">
     <span class='ocr_line' id='line_1_67' title="bbox 2435 3346 4009 3423; baseline -0.005 -19"><span class='ocrx_word' id='word_1_485' title='bbox 2435 3352 2631 3418; x_wconf 83' lang='grc' dir='ltr'>πλεως,</span> <span class='ocrx_word' id='word_1_486' title='bbox 2663 3354 2753 3406; x_wconf 79' lang='grc' dir='ltr'>καὶ</span> <span class='ocrx_word' id='word_1_487' title='bbox 2789 3352 2927 3423; x_wconf 86' lang='grc' dir='ltr'>μετὰ</span> <span class='ocrx_word' id='word_1_488' title='bbox 2955 3350 3253 3420; x_wconf 82' lang='grc' dir='ltr'>θυμηδείας</span> <span class='ocrx_word' id='word_1_489' title='bbox 3294 3349 3421 3411; x_wconf 82' lang='grc' dir='ltr'>τοὺς</span> <span class='ocrx_word' id='word_1_490' title='bbox 3452 3347 3727 3409; x_wconf 85' lang='grc' dir='ltr'>συνόντας,</span> <span class='ocrx_word' id='word_1_491' title='bbox 3753 3346 3830 3408; x_wconf 77' lang='grc' dir='ltr'>ὡς</span> <span class='ocrx_word' id='word_1_492' title='bbox 3854 3346 4009 3407; x_wconf 70' lang='grc' dir='ltr'>είκος</span> 
     </span>
    </p>
   </div>
   <div class='ocr_carea' id='block_1_68' title="bbox 758 3437 2389 3516">
    <p class='ocr_par' dir='ltr' id='par_1_68' title="bbox 758 3441 2327 3514">
     <span class='ocr_line' id='line_1_68' title="bbox 758 3441 2327 3514; baseline 0.004 -24"><span class='ocrx_word' id='word_1_493' title='bbox 758 3442 977 3497; x_wconf 88' lang='lat' dir='ltr'><strong>virtutis</strong></span> <span class='ocrx_word' id='word_1_494' title='bbox 1004 3443 1242 3505; x_wconf 85' lang='lat' dir='ltr'><strong>athletis,</strong></span> <span class='ocrx_word' id='word_1_495' title='bbox 1269 3441 1629 3513; x_wconf 84' lang='lat' dir='ltr'><strong>utrorumque</strong></span> <span class='ocrx_word' id='word_1_496' title='bbox 1654 3446 1920 3514; x_wconf 75' lang='lat' dir='ltr'><strong>magister</strong></span> <span class='ocrx_word' id='word_1_497' title='bbox 1940 3459 2003 3498; x_wconf 88' lang='lat' dir='ltr'>ac</span> <span class='ocrx_word' id='word_1_498' title='bbox 2024 3442 2327 3513; x_wconf 65' lang='lat' dir='ltr'><strong>paedotriba</strong></span> 
     </span>
    </p>
   </div>
   <div class='ocr_carea' id='block_1_69' title="bbox 2435 3437 4007 3516">
    <p class='ocr_par' dir='ltr' id='par_1_69' title="bbox 2435 3437 4007 3516">
     <span class='ocr_line' id='line_1_69' title="bbox 2435 3437 4007 3516; baseline -0.007 -20"><span class='ocrx_word' id='word_1_499' title='bbox 2435 3440 2518 3516; x_wconf 74' lang='grc' dir='ltr'>ἦν,</span> <span class='ocrx_word' id='word_1_500' title='bbox 2557 3446 2859 3513; x_wconf 76' lang='grc' dir='ltr'>ἠσπάσατο.</span> <span class='ocrx_word' id='word_1_501' title='bbox 2890 3442 3143 3513; x_wconf 82' lang='grc' dir='ltr'>Γεγηθὼς</span> <span class='ocrx_word' id='word_1_502' title='bbox 3174 3441 3349 3494; x_wconf 90' lang='grc' dir='ltr'>τοίνυν</span> <span class='ocrx_word' id='word_1_503' title='bbox 3397 3441 3490 3493; x_wconf 72' lang='grc' dir='ltr'>καὶ</span> <span class='ocrx_word' id='word_1_504' title='bbox 3540 3438 3876 3507; x_wconf 83' lang='grc' dir='ltr'>γαννύμενος</span> <span class='ocrx_word' id='word_1_505' title='bbox 3905 3437 4007 3486; x_wconf 81' lang='grc' dir='ltr'>ἑπ-</span> 
     </span>
    </p>
   </div>
   <div class='ocr_carea' id='block_1_70' title="bbox 762 3525 2389 3606">
    <p class='ocr_par' dir='ltr' id='par_1_70' title="bbox 762 3535 2329 3599">
     <span class='ocr_line' id='line_1_70' title="bbox 762 3535 2329 3599; baseline 0.003 -14"><span class='ocrx_word' id='word_1_506' title='bbox 762 3536 905 3589; x_wconf 84' lang='lat' dir='ltr'><strong>fuit:</strong></span> <span class='ocrx_word' id='word_1_507' title='bbox 947 3544 1001 3589; x_wconf 89' lang='lat' dir='ltr'>et</span> <span class='ocrx_word' id='word_1_508' title='bbox 1054 3535 1233 3589; x_wconf 80' lang='lat' dir='ltr'><strong>infesti</strong></span> <span class='ocrx_word' id='word_1_509' title='bbox 1298 3535 1477 3589; x_wconf 84' lang='lat' dir='ltr'><strong>hostis</strong></span> <span class='ocrx_word' id='word_1_510' title='bbox 1533 3536 1775 3591; x_wconf 85' lang='lat' dir='ltr'><strong>insultus</strong></span> <span class='ocrx_word' id='word_1_511' title='bbox 1829 3551 1926 3591; x_wconf 89' lang='lat' dir='ltr'>eos</span> <span class='ocrx_word' id='word_1_512' title='bbox 1974 3536 2215 3599; x_wconf 87' lang='lat' dir='ltr'><strong>docens,</strong></span> <span class='ocrx_word' id='word_1_513' title='bbox 2275 3543 2329 3589; x_wconf 83' lang='lat' dir='ltr'>et</span> 
     </span>
    </p>
   </div>
   <div class='ocr_carea' id='block_1_71' title="bbox 2435 3525 4007 3606">
    <p class='ocr_par' dir='ltr' id='par_1_71' title="bbox 2435 3525 4007 3606">
     <span class='ocr_line' id='line_1_71' title="bbox 2435 3525 4007 3606; baseline -0.007 -18"><span class='ocrx_word' id='word_1_514' title='bbox 2435 3536 2600 3606; x_wconf 76' lang='grc' dir='ltr'>ανῄει,</span> <span class='ocrx_word' id='word_1_515' title='bbox 2627 3536 2721 3589; x_wconf 79' lang='grc' dir='ltr'>ἀτε</span> <span class='ocrx_word' id='word_1_516' title='bbox 2746 3534 2809 3602; x_wconf 85' lang='grc' dir='ltr'>δὴ</span> <span class='ocrx_word' id='word_1_517' title='bbox 2832 3535 2927 3587; x_wconf 80' lang='grc' dir='ltr'>καὶ</span> <span class='ocrx_word' id='word_1_518' title='bbox 2954 3532 3103 3596; x_wconf 85' lang='grc' dir='ltr'>θείας</span> <span class='ocrx_word' id='word_1_519' title='bbox 3133 3532 3443 3593; x_wconf 64' lang='grc' dir='ltr'>ἐπακούσας</span> <span class='ocrx_word' id='word_1_520' title='bbox 3473 3528 3675 3599; x_wconf 82' lang='grc' dir='ltr'>φωνῆς.</span> <span class='ocrx_word' id='word_1_521' title='bbox 3705 3527 3801 3580; x_wconf 69' lang='grc' dir='ltr'>καὶ</span> <span class='ocrx_word' id='word_1_522' title='bbox 3848 3525 4007 3578; x_wconf 78' lang='grc' dir='ltr'>θεοσ-</span> 
     </span>
    </p>
   </div>
   <div class='ocr_carea' id='block_1_72' title="bbox 759 3626 2327 3697">
    <p class='ocr_par' dir='ltr' id='par_1_72' title="bbox 759 3626 2327 3697">
     <span class='ocr_line' id='line_1_72' title="bbox 759 3626 2327 3697; baseline 0.004 -22"><span class='ocrx_word' id='word_1_523' title='bbox 759 3626 1099 3695; x_wconf 71' lang='lat' dir='ltr'><strong>agnnotltetzu</strong></span> <span class='ocrx_word' id='word_1_524' title='bbox 1128 3626 1561 3681; x_wconf 74' lang='lat' dir='ltr'><strong>benevolentiam</strong></span> <span class='ocrx_word' id='word_1_525' title='bbox 1593 3626 1805 3697; x_wconf 79' lang='lat'>1173</span> <span class='ocrx_word' id='word_1_526' title='bbox 1826 3626 2126 3695; x_wconf 84' lang='lat' dir='ltr'><strong>spondens,</strong></span> <span class='ocrx_word' id='word_1_527' title='bbox 2164 3635 2327 3695; x_wconf 91' lang='lat' dir='ltr'><strong>atque</strong></span> 
     </span>
    </p>
   </div>
   <div class='ocr_carea' id='block_1_73' title="bbox 760 3718 2321 3787">
    <p class='ocr_par' dir='ltr' id='par_1_73' title="bbox 760 3718 2321 3787">
     <span class='ocr_line' id='line_1_73' title="bbox 760 3718 2321 3787; baseline 0.001 -14"><span class='ocrx_word' id='word_1_528' title='bbox 760 3728 817 3773; x_wconf 89' lang='lat' dir='ltr'>ut</span> <span class='ocrx_word' id='word_1_529' title='bbox 867 3718 1053 3773; x_wconf 89' lang='lat' dir='ltr'><strong>tidenti</strong></span> <span class='ocrx_word' id='word_1_530' title='bbox 1106 3719 1435 3787; x_wconf 79' lang='lat' dir='ltr'><strong>execlsoque</strong></span> <span class='ocrx_word' id='word_1_531' title='bbox 1482 3720 1666 3773; x_wconf 87' lang='lat' dir='ltr'><strong>animo</strong></span> <span class='ocrx_word' id='word_1_532' title='bbox 1729 3728 1918 3774; x_wconf 86' lang='lat' dir='ltr'><strong>essent</strong></span> <span class='ocrx_word' id='word_1_533' title='bbox 1969 3719 2275 3774; x_wconf 78' lang='lat' dir='ltr'><strong>admonens</strong></span> <span class='ocrx_word' id='word_1_534' title='bbox 2306 3760 2321 3782; x_wconf 92' lang='lat'>,</span> 
     </span>
    </p>
   </div>
   <div class='ocr_carea' id='block_1_74' title="bbox 760 3807 2322 3879">
    <p class='ocr_par' dir='ltr' id='par_1_74' title="bbox 760 3807 2322 3879">
     <span class='ocr_line' id='line_1_74' title="bbox 760 3807 2322 3879; baseline 0.001 -20"><span class='ocrx_word' id='word_1_535' title='bbox 760 3808 1111 3876; x_wconf 71' lang='lat' dir='ltr'><strong>suadensque</strong></span> <span class='ocrx_word' id='word_1_536' title='bbox 1146 3815 1204 3860; x_wconf 91' lang='lat' dir='ltr'>ut</span> <span class='ocrx_word' id='word_1_537' title='bbox 1238 3822 1364 3879; x_wconf 88' lang='lat' dir='ltr'><strong>erga</strong></span> <span class='ocrx_word' id='word_1_538' title='bbox 1402 3809 1583 3863; x_wconf 87' lang='lat' dir='ltr'><strong>socios</strong></span> <span class='ocrx_word' id='word_1_539' title='bbox 1616 3807 1940 3862; x_wconf 79' lang='lat' dir='ltr'><strong>modestiam</strong></span> <span class='ocrx_word' id='word_1_540' title='bbox 1989 3808 2322 3873; x_wconf 87' lang='lat' dir='ltr'><strong>retinerent,</strong></span> 
     </span>
    </p>
   </div>
   <div class='ocr_carea' id='block_1_75' title="bbox 758 3898 2319 3969">
    <p class='ocr_par' dir='ltr' id='par_1_75' title="bbox 758 3898 2319 3969">
     <span class='ocr_line' id='line_1_75' title="bbox 758 3898 2319 3969; baseline 0 -17"><span class='ocrx_word' id='word_1_541' title='bbox 758 3900 1027 3954; x_wconf 59' lang='grc' dir='ltr'>θᾶκοι-ειη»</span> <span class='ocrx_word' id='word_1_542' title='bbox 1083 3899 1292 3953; x_wconf 77' lang='lat' dir='ltr'><strong>hostem</strong></span> <span class='ocrx_word' id='word_1_543' title='bbox 1348 3899 1519 3952; x_wconf 88' lang='lat' dir='ltr'><strong>animi</strong></span> <span class='ocrx_word' id='word_1_544' title='bbox 1582 3898 1961 3969; x_wconf 77' lang='lat' dir='ltr'><strong>magnitudine</strong></span> <span class='ocrx_word' id='word_1_545' title='bbox 2013 3907 2319 3954; x_wconf 84' lang='lat' dir='ltr'><strong>uterentur.</strong></span> 
     </span>
    </p>
   </div>
   <div class='ocr_carea' id='block_1_76' title="bbox 757 3992 2325 4061">
    <p class='ocr_par' dir='ltr' id='par_1_76' title="bbox 757 3992 2325 4061">
     <span class='ocr_line' id='line_1_76' title="bbox 757 3992 2325 4061; baseline -0.001 -16"><span class='ocrx_word' id='word_1_546' title='bbox 757 3993 908 4046; x_wconf 78' lang='lat' dir='ltr'><strong>Talia</strong></span> <span class='ocrx_word' id='word_1_547' title='bbox 965 3992 1198 4053; x_wconf 89' lang='lat' dir='ltr'><strong>docens,</strong></span> <span class='ocrx_word' id='word_1_548' title='bbox 1246 3993 1325 4047; x_wconf 88' lang='lat' dir='ltr'>sic</span> <span class='ocrx_word' id='word_1_549' title='bbox 1378 3994 1604 4053; x_wconf 82' lang='lat' dir='ltr'><strong>vivens,</strong></span> <span class='ocrx_word' id='word_1_550' title='bbox 1655 3992 1828 4047; x_wconf 87' lang='lat' dir='ltr'><strong>tantis</strong></span> <span class='ocrx_word' id='word_1_551' title='bbox 1873 3993 2157 4049; x_wconf 79' lang='lat' dir='ltr'><strong>miraculis</strong></span> <span class='ocrx_word' id='word_1_552' title='bbox 2208 3992 2325 4061; x_wconf 84' lang='lat' dir='ltr'><strong>pol-</strong></span> 
     </span>
    </p>
   </div>
   <div class='ocr_carea' id='block_1_77' title="bbox 760 4082 2325 4151">
    <p class='ocr_par' dir='ltr' id='par_1_77' title="bbox 760 4082 2325 4151">
     <span class='ocr_line' id='line_1_77' title="bbox 760 4082 2325 4151; baseline 0.002 -16"><span class='ocrx_word' id='word_1_553' title='bbox 760 4088 875 4137; x_wconf 86' lang='lat' dir='ltr'><strong>tcns</strong></span> <span class='ocrx_word' id='word_1_554' title='bbox 894 4124 908 4145; x_wconf 94' lang='lat'>,</span> <span class='ocrx_word' id='word_1_555' title='bbox 938 4092 989 4137; x_wconf 84' lang='lat' dir='ltr'>et</span> <span class='ocrx_word' id='word_1_556' title='bbox 1019 4082 1310 4151; x_wconf 79' lang='lat' dir='ltr'><strong>splendore</strong></span> <span class='ocrx_word' id='word_1_557' title='bbox 1340 4083 1486 4137; x_wconf 92' lang='lat' dir='ltr'><strong>omni</strong></span> <span class='ocrx_word' id='word_1_558' title='bbox 1517 4097 1850 4148; x_wconf 87' lang='lat' dir='ltr'><strong>coruscans,</strong></span> <span class='ocrx_word' id='word_1_559' title='bbox 1883 4083 2174 4138; x_wconf 74' lang='lat' dir='ltr'><strong>laboriosze</strong></span> <span class='ocrx_word' id='word_1_560' title='bbox 2204 4085 2325 4138; x_wconf 74' lang='lat' dir='ltr'><strong>vita:</strong></span> 
     </span>
    </p>
   </div>
   <div class='ocr_carea' id='block_1_78' title="bbox 760 4174 2324 4245">
    <p class='ocr_par' dir='ltr' id='par_1_78' title="bbox 760 4174 2324 4245">
     <span class='ocr_line' id='line_1_78' title="bbox 760 4174 2324 4245; baseline 0.002 -19"><span class='ocrx_word' id='word_1_561' title='bbox 760 4179 918 4229; x_wconf 89' lang='lat' dir='ltr'><strong>tinem</strong></span> <span class='ocrx_word' id='word_1_562' title='bbox 950 4175 1130 4245; x_wconf 90' lang='lat' dir='ltr'><strong>cepit,</strong></span> <span class='ocrx_word' id='word_1_563' title='bbox 1174 4174 1238 4228; x_wconf 82' lang='lat' dir='ltr'>in</span> <span class='ocrx_word' id='word_1_564' title='bbox 1280 4189 1511 4245; x_wconf 87' lang='lat' dir='ltr'><strong>eamque</strong></span> <span class='ocrx_word' id='word_1_565' title='bbox 1557 4176 1864 4243; x_wconf 86' lang='lat' dir='ltr'><strong>migravit,</strong></span> <span class='ocrx_word' id='word_1_566' title='bbox 1911 4190 2033 4245; x_wconf 64' lang='lat' dir='ltr'><strong>qua:</strong></span> <span class='ocrx_word' id='word_1_567' title='bbox 2080 4177 2219 4231; x_wconf 89' lang='lat' dir='ltr'><strong>senii</strong></span> <span class='ocrx_word' id='word_1_568' title='bbox 2271 4185 2324 4230; x_wconf 85' lang='lat' dir='ltr'>et</span> 
     </span>
    </p>
   </div>
   <div class='ocr_carea' id='block_1_79' title="bbox 756 4250 2322 4339">
    <p class='ocr_par' dir='ltr' id='par_1_79' title="bbox 756 4250 2322 4339">
     <span class='ocr_line' id='line_1_79' title="bbox 756 4250 2322 4339; baseline 0.001 -18"><span class='ocrx_word' id='word_1_569' title='bbox 756 4267 962 4332; x_wconf 76' lang='lat' dir='ltr'><strong>doloris</strong></span> <span class='ocrx_word' id='word_1_570' title='bbox 994 4274 1078 4320; x_wconf 79' lang='lat' dir='ltr'>est</span> <span class='ocrx_word' id='word_1_571' title='bbox 1112 4282 1343 4337; x_wconf 81' lang='lat' dir='ltr'><strong>expers,</strong></span> <span class='ocrx_word' id='word_1_572' title='bbox 1374 4267 1551 4336; x_wconf 85' lang='lat' dir='ltr'><strong>gloria</strong></span> <span class='ocrx_word' id='word_1_573' title='bbox 1595 4268 1892 4322; x_wconf 90' lang='lat' dir='ltr'><strong>innnortali</strong></span> <span class='ocrx_word' id='word_1_574' title='bbox 1941 4275 1994 4323; x_wconf 90' lang='lat' dir='ltr'>et</span> <span class='ocrx_word' id='word_1_575' title='bbox 2042 4250 2322 4339; x_wconf 78' lang='lat' dir='ltr'><strong>nunquam</strong></span> 
     </span>
    </p>
   </div>
   <div class='ocr_carea' id='block_1_80' title="bbox 757 4358 2323 4429">
    <p class='ocr_par' dir='ltr' id='par_1_80' title="bbox 757 4358 2323 4429">
     <span class='ocr_line' id='line_1_80' title="bbox 757 4358 2323 4429; baseline 0.001 -16"><span class='ocrx_word' id='word_1_576' title='bbox 757 4360 1039 4413; x_wconf 87' lang='lat' dir='ltr'><strong>interitura</strong></span> <span class='ocrx_word' id='word_1_577' title='bbox 1070 4358 1331 4413; x_wconf 86' lang='lat' dir='ltr'><strong>memoria</strong></span> <span class='ocrx_word' id='word_1_578' title='bbox 1356 4367 1481 4428; x_wconf 90' lang='lat' dir='ltr'><strong>post</strong></span> <span class='ocrx_word' id='word_1_579' title='bbox 1525 4375 1584 4413; x_wconf 90' lang='lat' dir='ltr'>se</span> <span class='ocrx_word' id='word_1_580' title='bbox 1623 4359 1832 4414; x_wconf 90' lang='lat' dir='ltr'><strong>relieta.</strong></span> <span class='ocrx_word' id='word_1_581' title='bbox 1876 4358 2049 4429; x_wconf 74' lang='lat' dir='ltr'><strong>Hujus</strong></span> <span class='ocrx_word' id='word_1_582' title='bbox 2090 4360 2323 4415; x_wconf 85' lang='lat' dir='ltr'><strong>benedi-</strong></span> 
     </span>
    </p>
   </div>
   <div class='ocr_carea' id='block_1_81' title="bbox 755 4448 2319 4521">
    <p class='ocr_par' dir='ltr' id='par_1_81' title="bbox 755 4448 2319 4521">
     <span class='ocr_line' id='line_1_81' title="bbox 755 4448 2319 4521; baseline 0.003 -19"><span class='ocrx_word' id='word_1_583' title='bbox 755 4450 971 4511; x_wconf 79' lang='lat' dir='ltr'><strong>ctione,</strong></span> <span class='ocrx_word' id='word_1_584' title='bbox 1028 4448 1158 4502; x_wconf 88' lang='lat' dir='ltr'>dum</span> <span class='ocrx_word' id='word_1_585' title='bbox 1217 4456 1499 4519; x_wconf 84' lang='lat' dir='ltr'><strong>superstes</strong></span> <span class='ocrx_word' id='word_1_586' title='bbox 1547 4459 1725 4513; x_wconf 87' lang='lat' dir='ltr'><strong>esset,</strong></span> <span class='ocrx_word' id='word_1_587' title='bbox 1774 4452 1945 4521; x_wconf 89' lang='lat' dir='ltr'><strong>potita</strong></span> <span class='ocrx_word' id='word_1_588' title='bbox 1996 4460 2081 4507; x_wconf 89' lang='lat' dir='ltr'>est</span> <span class='ocrx_word' id='word_1_589' title='bbox 2127 4453 2319 4518; x_wconf 90' lang='lat' dir='ltr'><strong>beata,</strong></span> 
     </span>
    </p>
   </div>
   <div class='ocr_carea' id='block_1_82' title="bbox 2427 3617 4006 3707">
    <p class='ocr_par' dir='ltr' id='par_1_82' title="bbox 2427 3617 4006 3707">
     <span class='ocr_line' id='line_1_82' title="bbox 2427 3617 4006 3707; baseline -0.009 -26"><span class='ocrx_word' id='word_1_590' title='bbox 2427 3628 2581 3681; x_wconf 63' lang='grc' dir='ltr'>δίτου</span> <span class='ocrx_word' id='word_1_591' title='bbox 2626 3627 2787 3699; x_wconf 79' lang='grc' dir='ltr'>πάλιν</span> <span class='ocrx_word' id='word_1_592' title='bbox 2818 3623 3131 3707; x_wconf 60' lang='grc' dir='ltr'>ἀπολαύσας</span> <span class='ocrx_word' id='word_1_593' title='bbox 3182 3622 3407 3693; x_wconf 79' lang='grc' dir='ltr'>τροφῆς.</span> <span class='ocrx_word' id='word_1_594' title='bbox 3452 3618 3791 3674; x_wconf 75' lang='grc' dir='ltr'>Ἐπανελθὼν</span> <span class='ocrx_word' id='word_1_595' title='bbox 3819 3617 3876 3670; x_wconf 80' lang='grc' dir='ltr'>δὲ</span> <span class='ocrx_word' id='word_1_596' title='bbox 3911 3617 4006 3668; x_wconf 74' lang='grc' dir='ltr'>καὶ</span> 
     </span>
    </p>
   </div>
   <div class='ocr_carea' id='block_1_83' title="bbox 2426 3708 4004 3788">
    <p class='ocr_par' dir='ltr' id='par_1_83' title="bbox 2426 3708 4004 3788">
     <span class='ocr_line' id='line_1_83' title="bbox 2426 3708 4004 3788; baseline -0.008 -16"><span class='ocrx_word' id='word_1_597' title='bbox 2426 3718 2519 3771; x_wconf 87' lang='grc' dir='ltr'>δύο</span> <span class='ocrx_word' id='word_1_598' title='bbox 2549 3719 2867 3788; x_wconf 84' lang='grc' dir='ltr'>φιλοσοφίας</span> <span class='ocrx_word' id='word_1_599' title='bbox 2896 3716 3208 3788; x_wconf 79' lang='grc' dir='ltr'>ᾠκοδόμησε</span> <span class='ocrx_word' id='word_1_600' title='bbox 3241 3712 3657 3785; x_wconf 80' lang='grc' dir='ltr'>φροντιστήρια,</span> <span class='ocrx_word' id='word_1_601' title='bbox 3687 3710 3745 3761; x_wconf 82' lang='grc' dir='ltr'>ἓν</span> <span class='ocrx_word' id='word_1_602' title='bbox 3788 3708 3888 3778; x_wconf 81' lang='grc' dir='ltr'>μὲν</span> <span class='ocrx_word' id='word_1_603' title='bbox 3922 3710 4004 3770; x_wconf 78' lang='grc' dir='ltr'>εἰς</span> 
     </span>
    </p>
   </div>
   <div class='ocr_carea' id='block_1_84' title="bbox 2428 3798 4005 3881">
    <p class='ocr_par' dir='ltr' id='par_1_84' title="bbox 2428 3798 4005 3881">
     <span class='ocr_line' id='line_1_84' title="bbox 2428 3798 4005 3881; baseline -0.006 -19"><span class='ocrx_word' id='word_1_604' title='bbox 2428 3810 2524 3880; x_wconf 85' lang='grc' dir='ltr'>τὴν</span> <span class='ocrx_word' id='word_1_605' title='bbox 2562 3809 2756 3881; x_wconf 78' lang='grc' dir='ltr'>ῥαχίαν</span> <span class='ocrx_word' id='word_1_606' title='bbox 2802 3807 2895 3861; x_wconf 79' lang='grc' dir='ltr'>τοῦ</span> <span class='ocrx_word' id='word_1_607' title='bbox 2939 3808 3099 3879; x_wconf 71' lang='grc' dir='ltr'>δρους</span> <span class='ocrx_word' id='word_1_608' title='bbox 3122 3808 3248 3878; x_wconf 71' lang='grc' dir='ltr'>περὶ</span> <span class='ocrx_word' id='word_1_609' title='bbox 3284 3798 3346 3858; x_wconf 73' lang='grc' dir='ltr'>οὗ</span> <span class='ocrx_word' id='word_1_610' title='bbox 3377 3806 3807 3876; x_wconf 80' lang='grc' dir='ltr'>προειρήκαμεν,</span> <span class='ocrx_word' id='word_1_611' title='bbox 3839 3802 4005 3855; x_wconf 75' lang='grc' dir='ltr'>θάτε-</span> 
     </span>
    </p>
   </div>
   <div class='ocr_carea' id='block_1_85' title="bbox 2429 3893 4005 3972">
    <p class='ocr_par' dir='ltr' id='par_1_85' title="bbox 2429 3893 4005 3972">
     <span class='ocr_line' id='line_1_85' title="bbox 2429 3893 4005 3972; baseline -0.004 -19"><span class='ocrx_word' id='word_1_612' title='bbox 2429 3918 2520 3972; x_wconf 90' lang='grc' dir='ltr'>ρον</span> <span class='ocrx_word' id='word_1_613' title='bbox 2556 3902 2613 3954; x_wconf 81' lang='grc' dir='ltr'>δὲ</span> <span class='ocrx_word' id='word_1_614' title='bbox 2649 3900 2769 3954; x_wconf 81' lang='grc' dir='ltr'>κατ’</span> <span class='ocrx_word' id='word_1_615' title='bbox 2795 3901 2960 3963; x_wconf 78' lang='grc' dir='ltr'>αὐτὸ,</span> <span class='ocrx_word' id='word_1_616' title='bbox 2991 3899 3119 3969; x_wconf 81' lang='grc' dir='ltr'>παρ’</span> <span class='ocrx_word' id='word_1_617' title='bbox 3153 3898 3289 3953; x_wconf 73' lang='grc' dir='ltr'>αὐτὰ</span> <span class='ocrx_word' id='word_1_618' title='bbox 3321 3897 3420 3967; x_wconf 83' lang='grc' dir='ltr'>τῆς</span> <span class='ocrx_word' id='word_1_619' title='bbox 3442 3895 3716 3966; x_wconf 84' lang='grc' dir='ltr'>ὑπωρείας</span> <span class='ocrx_word' id='word_1_620' title='bbox 3755 3893 3825 3946; x_wconf 77' lang='grc' dir='ltr'>τὰ</span> <span class='ocrx_word' id='word_1_621' title='bbox 3866 3894 4005 3965; x_wconf 76' lang='grc' dir='ltr'>κρά-</span> 
     </span>
    </p>
   </div>
   <div class='ocr_carea' id='block_1_86' title="bbox 2429 3985 4000 4061">
    <p class='ocr_par' dir='ltr' id='par_1_86' title="bbox 2429 3985 4000 4061">
     <span class='ocr_line' id='line_1_86' title="bbox 2429 3985 4000 4061; baseline -0.006 -15"><span class='ocrx_word' id='word_1_622' title='bbox 2429 3992 2597 4047; x_wconf 81' lang='grc' dir='ltr'>σπεδα</span> <span class='ocrx_word' id='word_1_623' title='bbox 2618 4008 2629 4021; x_wconf 86' lang='grc'><strong>·</strong></span> <span class='ocrx_word' id='word_1_624' title='bbox 2656 3994 2713 4045; x_wconf 84' lang='grc' dir='ltr'>ὲν</span> <span class='ocrx_word' id='word_1_625' title='bbox 2743 3992 2988 4061; x_wconf 76' lang='grc' dir='ltr'>ἑκατέρῳ</span> <span class='ocrx_word' id='word_1_626' title='bbox 3022 3991 3078 4044; x_wconf 78' lang='grc' dir='ltr'>δὲ</span> <span class='ocrx_word' id='word_1_627' title='bbox 3103 3990 3342 4061; x_wconf 71' lang='grc' dir='ltr'>ἀθλητὰς</span> <span class='ocrx_word' id='word_1_628' title='bbox 3368 3987 3570 4060; x_wconf 81' lang='grc' dir='ltr'>ἀρετῆς</span> <span class='ocrx_word' id='word_1_629' title='bbox 3614 3985 4000 4055; x_wconf 70' lang='grc' dir='ltr'>συναθροίσας,</span> 
     </span>
    </p>
   </div>
   <div class='ocr_carea' id='block_1_87' title="bbox 2427 4078 4005 4161">
    <p class='ocr_par' dir='ltr' id='par_1_87' title="bbox 2427 4078 4005 4161">
     <span class='ocr_line' id='line_1_87' title="bbox 2427 4078 4005 4161; baseline -0.005 -24"><span class='ocrx_word' id='word_1_630' title='bbox 2427 4087 2522 4138; x_wconf 71' lang='grc' dir='ltr'>καὶ</span> <span class='ocrx_word' id='word_1_631' title='bbox 2550 4084 2755 4138; x_wconf 83' lang='grc' dir='ltr'>τούτων</span> <span class='ocrx_word' id='word_1_632' title='bbox 2778 4086 3050 4161; x_wconf 64' lang='grc' dir='ltr'>κάκείνων</span> <span class='ocrx_word' id='word_1_633' title='bbox 3078 4082 3393 4153; x_wconf 75' lang='grc' dir='ltr'>γυμναστὴς</span> <span class='ocrx_word' id='word_1_634' title='bbox 3428 4081 3644 4148; x_wconf 81' lang='grc' dir='ltr'>ἐγένετο</span> <span class='ocrx_word' id='word_1_635' title='bbox 3684 4078 3777 4131; x_wconf 74' lang='grc' dir='ltr'>καὶ</span> <span class='ocrx_word' id='word_1_636' title='bbox 3814 4078 4005 4131; x_wconf 87' lang='grc' dir='ltr'>παιδο-</span> 
     </span>
    </p>
   </div>
   <div class='ocr_carea' id='block_1_88' title="bbox 2424 4171 4002 4247">
    <p class='ocr_par' dir='ltr' id='par_1_88' title="bbox 2424 4171 4002 4247">
     <span class='ocr_line' id='line_1_88' title="bbox 2424 4171 4002 4247; baseline -0.006 -17"><span class='ocrx_word' id='word_1_637' title='bbox 2424 4178 2639 4247; x_wconf 76' lang='grc' dir='ltr'>τρίϐης.</span> <span class='ocrx_word' id='word_1_638' title='bbox 2690 4176 2906 4231; x_wconf 75' lang='grc' dir='ltr'>καὶτοῦ</span> <span class='ocrx_word' id='word_1_639' title='bbox 2959 4176 3254 4230; x_wconf 75' lang='grc' dir='ltr'>ἀντιπάλου</span> <span class='ocrx_word' id='word_1_640' title='bbox 3284 4176 3378 4228; x_wconf 81' lang='grc' dir='ltr'>καὶ</span> <span class='ocrx_word' id='word_1_641' title='bbox 3424 4172 3684 4242; x_wconf 59' lang='grc' dir='ltr'>πολεμίου</span> <span class='ocrx_word' id='word_1_642' title='bbox 3728 4171 4002 4223; x_wconf 76' lang='grc' dir='ltr'>διδάσκων</span> 
     </span>
    </p>
   </div>
   <div class='ocr_carea' id='block_1_89' title="bbox 2423 4262 4001 4335">
    <p class='ocr_par' dir='ltr' id='par_1_89' title="bbox 2423 4262 4001 4335">
     <span class='ocr_line' id='line_1_89' title="bbox 2423 4262 4001 4335; baseline -0.006 -14"><span class='ocrx_word' id='word_1_643' title='bbox 2423 4268 2521 4329; x_wconf 68' lang='grc' dir='ltr'>τὰς</span> <span class='ocrx_word' id='word_1_644' title='bbox 2543 4268 2868 4335; x_wconf 78' lang='grc' dir='ltr'>προσϐολὰς,</span> <span class='ocrx_word' id='word_1_645' title='bbox 2901 4270 2993 4321; x_wconf 66' lang='grc' dir='ltr'>καὶ</span> <span class='ocrx_word' id='word_1_646' title='bbox 3024 4267 3118 4320; x_wconf 83' lang='grc' dir='ltr'>τοῦ</span> <span class='ocrx_word' id='word_1_647' title='bbox 3144 4265 3481 4334; x_wconf 78' lang='grc' dir='ltr'>ἀγωνοθέτου</span> <span class='ocrx_word' id='word_1_648' title='bbox 3510 4264 3609 4334; x_wconf 83' lang='grc' dir='ltr'>τὴν</span> <span class='ocrx_word' id='word_1_649' title='bbox 3638 4262 3853 4314; x_wconf 69' lang='grc' dir='ltr'>εὔνοιαν</span> <span class='ocrx_word' id='word_1_650' title='bbox 3895 4262 4001 4313; x_wconf 79' lang='grc' dir='ltr'>ὐπ-</span> 
     </span>
    </p>
   </div>
   <div class='ocr_carea' id='block_1_90' title="bbox 2429 4355 4004 4432">
    <p class='ocr_par' dir='ltr' id='par_1_90' title="bbox 2429 4355 4004 4432">
     <span class='ocr_line' id='line_1_90' title="bbox 2429 4355 4004 4432; baseline -0.006 -18"><span class='ocrx_word' id='word_1_651' title='bbox 2429 4360 2794 4432; x_wconf 82' lang='grc' dir='ltr'>ισχνούμενος,</span> <span class='ocrx_word' id='word_1_652' title='bbox 2827 4360 2920 4414; x_wconf 78' lang='grc' dir='ltr'>καὶ</span> <span class='ocrx_word' id='word_1_653' title='bbox 2966 4360 3185 4432; x_wconf 76' lang='grc' dir='ltr'>θαρρεῖν</span> <span class='ocrx_word' id='word_1_654' title='bbox 3222 4357 3554 4431; x_wconf 82' lang='grc' dir='ltr'>παρακαλῶν</span> <span class='ocrx_word' id='word_1_655' title='bbox 3588 4356 3681 4409; x_wconf 67' lang='grc' dir='ltr'>καὶ</span> <span class='ocrx_word' id='word_1_656' title='bbox 3715 4355 4004 4425; x_wconf 74' lang='grc' dir='ltr'>φρονήμα-</span> 
     </span>
    </p>
   </div>
   <div class='ocr_carea' id='block_1_91' title="bbox 2425 4444 4002 4523">
    <p class='ocr_par' dir='ltr' id='par_1_91' title="bbox 2425 4444 4002 4523">
     <span class='ocr_line' id='line_1_91' title="bbox 2425 4444 4002 4523; baseline -0.007 -18"><span class='ocrx_word' id='word_1_657' title='bbox 2425 4470 2513 4515; x_wconf 86' lang='grc' dir='ltr'>τος</span> <span class='ocrx_word' id='word_1_658' title='bbox 2540 4452 2816 4523; x_wconf 75' lang='grc' dir='ltr'>ἐμφορῶν,</span> <span class='ocrx_word' id='word_1_659' title='bbox 2845 4452 2956 4516; x_wconf 51' lang='grc' dir='ltr'>καὶ,</span> <span class='ocrx_word' id='word_1_660' title='bbox 2988 4452 3125 4521; x_wconf 82' lang='grc' dir='ltr'>πρὸς</span> <span class='ocrx_word' id='word_1_661' title='bbox 3181 4450 3279 4519; x_wconf 78' lang='grc' dir='ltr'>μὲν</span> <span class='ocrx_word' id='word_1_662' title='bbox 3316 4450 3441 4511; x_wconf 73' lang='grc' dir='ltr'>τοὺς</span> <span class='ocrx_word' id='word_1_663' title='bbox 3490 4448 3745 4517; x_wconf 80' lang='grc' dir='ltr'>ὁμοφυεῖς</span> <span class='ocrx_word' id='word_1_664' title='bbox 3777 4444 4002 4515; x_wconf 82' lang='grc' dir='ltr'>μετριά-</span> 
     </span>
    </p>
   </div>
   <div class='ocr_carea' id='block_1_92' title="bbox 756 4538 2389 4615">
    <p class='ocr_par' dir='ltr' id='par_1_92' title="bbox 756 4541 2389 4615">
     <span class='ocr_line' id='line_1_92' title="bbox 756 4541 2389 4615; baseline 0.004 -20"><span class='ocrx_word' id='word_1_665' title='bbox 756 4542 866 4595; x_wconf 85' lang='lat' dir='ltr'>imo</span> <span class='ocrx_word' id='word_1_666' title='bbox 896 4541 1210 4597; x_wconf 73' lang='lat' dir='ltr'><strong>lwatissima</strong></span> <span class='ocrx_word' id='word_1_667' title='bbox 1239 4551 1412 4596; x_wconf 84' lang='lat' dir='ltr'><strong>mater</strong></span> <span class='ocrx_word' id='word_1_668' title='bbox 1443 4557 1559 4597; x_wconf 91' lang='lat' dir='ltr'>mea</span> <span class='ocrx_word' id='word_1_669' title='bbox 1582 4584 1597 4606; x_wconf 89' lang='lat'>,</span> <span class='ocrx_word' id='word_1_670' title='bbox 1628 4559 1789 4613; x_wconf 89' lang='lat' dir='ltr'><strong>quam</strong></span> <span class='ocrx_word' id='word_1_671' title='bbox 1832 4544 2024 4599; x_wconf 79' lang='lat' dir='ltr'><strong>horum</strong></span> <span class='ocrx_word' id='word_1_672' title='bbox 2058 4546 2322 4615; x_wconf 85' lang='lat' dir='ltr'><strong>pleraque</strong></span> <span class='ocrx_word' id='word_1_673' title='bbox 2356 4560 2389 4615; x_wconf 84' lang='grc' dir='ltr'>ι]</span> 
     </span>
    </p>
   </div>
   <div class='ocr_carea' id='block_1_93' title="bbox 2435 4538 4003 4615">
    <p class='ocr_par' dir='ltr' id='par_1_93' title="bbox 2435 4538 4003 4614">
     <span class='ocr_line' id='line_1_93' title="bbox 2435 4538 4003 4614; baseline -0.005 -18"><span class='ocrx_word' id='word_1_674' title='bbox 2435 4545 2540 4608; x_wconf 75' lang='grc' dir='ltr'>ζειν</span> <span class='ocrx_word' id='word_1_675' title='bbox 2573 4543 2829 4608; x_wconf 86' lang='grc' dir='ltr'>κελεύων,</span> <span class='ocrx_word' id='word_1_676' title='bbox 2869 4542 3005 4614; x_wconf 78' lang='grc' dir='ltr'>πρὸς</span> <span class='ocrx_word' id='word_1_677' title='bbox 3032 4542 3088 4596; x_wconf 81' lang='grc' dir='ltr'>δὲ</span> <span class='ocrx_word' id='word_1_678' title='bbox 3132 4541 3223 4594; x_wconf 82' lang='grc' dir='ltr'>τὸν</span> <span class='ocrx_word' id='word_1_679' title='bbox 3257 4540 3513 4610; x_wconf 85' lang='grc' dir='ltr'>πολέμιον</span> <span class='ocrx_word' id='word_1_680' title='bbox 3548 4538 4003 4609; x_wconf 79' lang='grc' dir='ltr'>μεγαλοφροσύνῃ</span> 
     </span>
    </p>
   </div>
   <div class='ocr_carea' id='block_1_94' title="bbox 756 4628 2389 4707">
    <p class='ocr_par' dir='ltr' id='par_1_94' title="bbox 756 4633 2316 4705">
     <span class='ocr_line' id='line_1_94' title="bbox 756 4633 2316 4705; baseline 0.003 -19"><span class='ocrx_word' id='word_1_681' title='bbox 756 4640 1071 4687; x_wconf 85' lang='lat' dir='ltr'><strong>narrantem</strong></span> <span class='ocrx_word' id='word_1_682' title='bbox 1103 4633 1307 4701; x_wconf 76' lang='lat' dir='ltr'><strong>szupius</strong></span> <span class='ocrx_word' id='word_1_683' title='bbox 1338 4634 1545 4688; x_wconf 87' lang='lat' dir='ltr'><strong>audivi.</strong></span> <span class='ocrx_word' id='word_1_684' title='bbox 1587 4633 1698 4704; x_wconf 87' lang='lat' dir='ltr'><strong>Ego</strong></span> <span class='ocrx_word' id='word_1_685' title='bbox 1733 4650 1864 4689; x_wconf 93' lang='lat' dir='ltr'><strong>vero</strong></span> <span class='ocrx_word' id='word_1_686' title='bbox 1886 4675 1900 4698; x_wconf 92' lang='lat'>,</span> <span class='ocrx_word' id='word_1_687' title='bbox 1934 4643 1993 4689; x_wconf 94' lang='lat' dir='ltr'>ut</span> <span class='ocrx_word' id='word_1_688' title='bbox 2026 4638 2316 4705; x_wconf 59' lang='lat' dir='ltr'><strong>potentia,</strong></span> 
     </span>
    </p>
   </div>
   <div class='ocr_carea' id='block_1_95' title="bbox 2435 4628 4003 4707">
    <p class='ocr_par' dir='ltr' id='par_1_95' title="bbox 2435 4628 4003 4707">
     <span class='ocr_line' id='line_1_95' title="bbox 2435 4628 4003 4707; baseline -0.006 -17"><span class='ocrx_word' id='word_1_689' title='bbox 2435 4635 2721 4707; x_wconf 68' lang='grc' dir='ltr'>κεχρῆσθαι</span> <span class='ocrx_word' id='word_1_690' title='bbox 2753 4634 3098 4707; x_wconf 83' lang='grc' dir='ltr'>παρεγγυῶν.</span> <span class='ocrx_word' id='word_1_691' title='bbox 3134 4632 3371 4686; x_wconf 83' lang='grc' dir='ltr'>Τοιαῦτα</span> <span class='ocrx_word' id='word_1_692' title='bbox 3408 4630 3693 4691; x_wconf 88' lang='grc' dir='ltr'>διδάσκων,</span> <span class='ocrx_word' id='word_1_693' title='bbox 3718 4628 3867 4682; x_wconf 74' lang='grc' dir='ltr'>οὔτω</span> <span class='ocrx_word' id='word_1_694' title='bbox 3892 4628 4003 4697; x_wconf 81' lang='grc' dir='ltr'>βιο-</span> 
     </span>
    </p>
   </div>
   <div class='ocr_carea' id='block_1_96' title="bbox 754 4719 2389 4798">
    <p class='ocr_par' dir='ltr' id='par_1_96' title="bbox 754 4722 2315 4795">
     <span class='ocr_line' id='line_1_96' title="bbox 754 4722 2315 4795; baseline 0.003 -20"><span class='ocrx_word' id='word_1_695' title='bbox 754 4738 859 4793; x_wconf 87' lang='lat' dir='ltr'>qua</span> <span class='ocrx_word' id='word_1_696' title='bbox 914 4736 1059 4775; x_wconf 86' lang='lat' dir='ltr'><strong>nunc</strong></span> <span class='ocrx_word' id='word_1_697' title='bbox 1116 4723 1295 4788; x_wconf 89' lang='lat' dir='ltr'><strong>valet,</strong></span> <span class='ocrx_word' id='word_1_698' title='bbox 1347 4722 1874 4795; x_wconf 89' lang='lat' dir='ltr'><strong>iutercessionisque</strong></span> <span class='ocrx_word' id='word_1_699' title='bbox 1915 4725 2036 4795; x_wconf 84' lang='lat' dir='ltr'><strong>ejus</strong></span> <span class='ocrx_word' id='word_1_700' title='bbox 2073 4725 2315 4782; x_wconf 78' lang='lat' dir='ltr'><strong>fructum</strong></span> 
     </span>
    </p>
   </div>
   <div class='ocr_carea' id='block_1_97' title="bbox 2435 4719 4001 4798">
    <p class='ocr_par' dir='ltr' id='par_1_97' title="bbox 2435 4719 4001 4798">
     <span class='ocr_line' id='line_1_97' title="bbox 2435 4719 4001 4798; baseline -0.006 -16"><span class='ocrx_word' id='word_1_701' title='bbox 2435 4728 2615 4791; x_wconf 76' lang='grc' dir='ltr'>τεύων,</span> <span class='ocrx_word' id='word_1_702' title='bbox 2646 4726 2945 4798; x_wconf 83' lang='grc' dir='ltr'>τηλικαῦτα</span> <span class='ocrx_word' id='word_1_703' title='bbox 2996 4724 3444 4795; x_wconf 61' lang='grc' dir='ltr'>θαυματουργιῖη,</span> <span class='ocrx_word' id='word_1_704' title='bbox 3479 4721 3694 4783; x_wconf 73' lang='grc' dir='ltr'>καὶτὰς</span> <span class='ocrx_word' id='word_1_705' title='bbox 3726 4719 4001 4773; x_wconf 80' lang='grc' dir='ltr'>παντοδα-</span> 
     </span>
    </p>
   </div>
   <div class='ocr_carea' id='block_1_98' title="bbox 755 4811 2389 4890">
    <p class='ocr_par' dir='ltr' id='par_1_98' title="bbox 755 4814 2319 4890">
     <span class='ocr_line' id='line_1_98' title="bbox 755 4814 2319 4890; baseline 0.003 -22"><span class='ocrx_word' id='word_1_706' title='bbox 755 4814 965 4883; x_wconf 84' lang='lat' dir='ltr'><strong>capiam</strong></span> <span class='ocrx_word' id='word_1_707' title='bbox 997 4829 1096 4868; x_wconf 93' lang='lat' dir='ltr'>oro</span> <span class='ocrx_word' id='word_1_708' title='bbox 1116 4854 1130 4878; x_wconf 89' lang='lat'>,</span> <span class='ocrx_word' id='word_1_709' title='bbox 1164 4823 1218 4868; x_wconf 87' lang='lat' dir='ltr'>et</span> <span class='ocrx_word' id='word_1_710' title='bbox 1249 4815 1665 4890; x_wconf 83' lang='lat' dir='ltr'><strong>impetraturum</strong></span> <span class='ocrx_word' id='word_1_711' title='bbox 1704 4833 1790 4872; x_wconf 92' lang='lat' dir='ltr'>me</span> <span class='ocrx_word' id='word_1_712' title='bbox 1821 4819 1957 4872; x_wconf 90' lang='lat' dir='ltr'><strong>scio.</strong></span> <span class='ocrx_word' id='word_1_713' title='bbox 1992 4818 2127 4873; x_wconf 89' lang='lat' dir='ltr'>Nam</span> <span class='ocrx_word' id='word_1_714' title='bbox 2164 4822 2179 4839; x_wconf 85' lang='lat'>&#39;</span> <span class='ocrx_word' id='word_1_715' title='bbox 2208 4820 2319 4874; x_wconf 86' lang='lat' dir='ltr'>Do-</span> 
     </span>
    </p>
   </div>
   <div class='ocr_carea' id='block_1_99' title="bbox 2435 4811 4000 4890">
    <p class='ocr_par' dir='ltr' id='par_1_99' title="bbox 2435 4811 4000 4889">
     <span class='ocr_line' id='line_1_99' title="bbox 2435 4811 4000 4889; baseline -0.005 -18"><span class='ocrx_word' id='word_1_716' title='bbox 2435 4819 2531 4882; x_wconf 78' lang='grc' dir='ltr'>πάς</span> <span class='ocrx_word' id='word_1_717' title='bbox 2566 4818 2929 4889; x_wconf 81' lang='grc' dir='ltr'>μαρμαρυγὰς</span> <span class='ocrx_word' id='word_1_718' title='bbox 2949 4819 3146 4884; x_wconf 77' lang='grc' dir='ltr'>ἀφιεὶς,</span> <span class='ocrx_word' id='word_1_719' title='bbox 3162 4816 3260 4885; x_wconf 85' lang='grc' dir='ltr'>τῆς</span> <span class='ocrx_word' id='word_1_720' title='bbox 3292 4816 3548 4870; x_wconf 71' lang='grc' dir='ltr'>ἐπιπόνου</span> <span class='ocrx_word' id='word_1_721' title='bbox 3583 4813 3730 4883; x_wconf 78' lang='grc' dir='ltr'>ζωῆς</span> <span class='ocrx_word' id='word_1_722' title='bbox 3756 4813 3820 4865; x_wconf 80' lang='grc' dir='ltr'>τὸ</span> <span class='ocrx_word' id='word_1_723' title='bbox 3844 4811 4000 4872; x_wconf 79' lang='grc' dir='ltr'>τέλος</span> 
     </span>
    </p>
   </div>
   <div class='ocr_carea' id='block_1_100' title="bbox 756 4905 2389 4980">
    <p class='ocr_par' dir='ltr' id='par_1_100' title="bbox 756 4905 2322 4980">
     <span class='ocr_line' id='line_1_100' title="bbox 756 4905 2322 4980; baseline 0.004 -21"><span class='ocrx_word' id='word_1_724' title='bbox 756 4906 884 4959; x_wconf 88' lang='lat' dir='ltr'><strong>mini</strong></span> <span class='ocrx_word' id='word_1_725' title='bbox 931 4905 1149 4960; x_wconf 85' lang='lat' dir='ltr'><strong>imitans</strong></span> <span class='ocrx_word' id='word_1_726' title='bbox 1202 4906 1591 4978; x_wconf 74' lang='lat' dir='ltr'><strong>benignitatem</strong></span> <span class='ocrx_word' id='word_1_727' title='bbox 1648 4923 1843 4979; x_wconf 88' lang='lat' dir='ltr'><strong>preces</strong></span> <span class='ocrx_word' id='word_1_728' title='bbox 1892 4924 2043 4964; x_wconf 84' lang='lat' dir='ltr'><strong>meas</strong></span> <span class='ocrx_word' id='word_1_729' title='bbox 2090 4924 2322 4980; x_wconf 82' lang='lat' dir='ltr'><strong>prorsus</strong></span> 
     </span>
    </p>
   </div>
   <div class='ocr_carea' id='block_1_101' title="bbox 2435 4905 4037 4980">
    <p class='ocr_par' dir='ltr' id='par_1_101' title="bbox 2435 4905 4037 4979">
     <span class='ocr_line' id='line_1_101' title="bbox 2435 4905 4037 4979; baseline -0.006 -15"><span class='ocrx_word' id='word_1_730' title='bbox 2435 4912 2661 4979; x_wconf 64' lang='grc' dir='ltr'>ἐδέξατο,</span> <span class='ocrx_word' id='word_1_731' title='bbox 2690 4912 2783 4964; x_wconf 77' lang='grc' dir='ltr'>καὶ</span> <span class='ocrx_word' id='word_1_732' title='bbox 2817 4913 2897 4975; x_wconf 89' lang='grc' dir='ltr'>είς</span> <span class='ocrx_word' id='word_1_733' title='bbox 2935 4910 3026 4963; x_wconf 86' lang='grc' dir='ltr'>τὸν</span> <span class='ocrx_word' id='word_1_734' title='bbox 3065 4911 3257 4979; x_wconf 75' lang='grc' dir='ltr'>ἀγήρω</span> <span class='ocrx_word' id='word_1_735' title='bbox 3287 4909 3382 4963; x_wconf 75' lang='grc' dir='ltr'>καὶ</span> <span class='ocrx_word' id='word_1_736' title='bbox 3421 4908 3625 4963; x_wconf 78' lang='grc' dir='ltr'>ἀλυπον</span> <span class='ocrx_word' id='word_1_737' title='bbox 3667 4905 3997 4973; x_wconf 77' lang='grc' dir='ltr'>ἀπεδήμησε</span> <span class='ocrx_word' id='word_1_738' title='bbox 4030 4910 4037 4916; x_wconf 91' lang='grc'><strong>’</strong></span> 
     </span>
    </p>
   </div>
   <div class='ocr_carea' id='block_1_102' title="bbox 760 4997 4000 5072">
    <p class='ocr_par' dir='ltr' id='par_1_102' title="bbox 760 4997 4000 5072">
     <span class='ocr_line' id='line_1_102' title="bbox 760 4997 4000 5072; baseline -0.002 -17"><span class='ocrx_word' id='word_1_739' title='bbox 760 4997 1023 5051; x_wconf 68' lang='grc' dir='ltr'>ιὼὶιὶιιει.</span> <span class='ocrx_word' id='word_1_740' title='bbox 2141 5043 2152 5054; x_wconf 68' lang='grc'>,</span> <span class='ocrx_word' id='word_1_741' title='bbox 2426 5004 2559 5072; x_wconf 82' lang='grc' dir='ltr'>βίον,</span> <span class='ocrx_word' id='word_1_742' title='bbox 2588 5004 2849 5058; x_wconf 66' lang='grc' dir='ltr'>ἄσϐεστον</span> <span class='ocrx_word' id='word_1_743' title='bbox 2883 5003 3037 5066; x_wconf 82' lang='grc' dir='ltr'>κλέος</span> <span class='ocrx_word' id='word_1_744' title='bbox 3058 5001 3390 5065; x_wconf 86' lang='grc' dir='ltr'>καταλιπὼν,</span> <span class='ocrx_word' id='word_1_745' title='bbox 3424 5003 3518 5055; x_wconf 74' lang='grc' dir='ltr'>καὶ</span> <span class='ocrx_word' id='word_1_746' title='bbox 3558 5000 3778 5070; x_wconf 85' lang='grc' dir='ltr'>μνήμην</span> <span class='ocrx_word' id='word_1_747' title='bbox 3822 4997 4000 5049; x_wconf 78' lang='grc' dir='ltr'>είσαεὶ</span> 
     </span>
    </p>
   </div>
   <div class='ocr_carea' id='block_1_103' title="bbox 752 5092 3995 5171">
    <p class='ocr_par' dir='ltr' id='par_1_103' title="bbox 752 5092 3995 5171">
     <span class='ocr_line' id='line_1_103' title="bbox 752 5092 3995 5171; baseline 0.002 -24"><span class='ocrx_word' id='word_1_748' title='bbox 752 5094 1127 5163; x_wconf 78' lang='grc' dir='ltr'>διαμένουσαν.</span> <span class='ocrx_word' id='word_1_749' title='bbox 1155 5096 1265 5166; x_wconf 82' lang='grc' dir='ltr'>Τῆς</span> <span class='ocrx_word' id='word_1_750' title='bbox 1301 5096 1489 5151; x_wconf 84' lang='grc' dir='ltr'>τούτου</span> <span class='ocrx_word' id='word_1_751' title='bbox 1519 5098 1576 5151; x_wconf 83' lang='grc' dir='ltr'>δὲ</span> <span class='ocrx_word' id='word_1_752' title='bbox 1623 5098 1873 5167; x_wconf 77' lang='grc' dir='ltr'>εὐλογίας</span> <span class='ocrx_word' id='word_1_753' title='bbox 1902 5099 2185 5169; x_wconf 82' lang='grc' dir='ltr'>ἀπήλαυσε</span> <span class='ocrx_word' id='word_1_754' title='bbox 2222 5101 2317 5169; x_wconf 73' lang='grc' dir='ltr'>μὲν</span> <span class='ocrx_word' id='word_1_755' title='bbox 2354 5102 2635 5171; x_wconf 81' lang='grc' dir='ltr'>περιόντος</span> <span class='ocrx_word' id='word_1_756' title='bbox 2689 5103 2721 5170; x_wconf 90' lang='grc' dir='ltr'>ή</span> <span class='ocrx_word' id='word_1_757' title='bbox 2761 5099 3005 5170; x_wconf 85' lang='grc' dir='ltr'>μακαρία</span> <span class='ocrx_word' id='word_1_758' title='bbox 3071 5097 3163 5153; x_wconf 77' lang='grc' dir='ltr'>καὶ</span> <span class='ocrx_word' id='word_1_759' title='bbox 3206 5097 3577 5168; x_wconf 80' lang='grc' dir='ltr'>τρισμακαρξα</span> <span class='ocrx_word' id='word_1_760' title='bbox 3630 5111 3731 5165; x_wconf 80' lang='grc' dir='ltr'>μου</span> <span class='ocrx_word' id='word_1_761' title='bbox 3783 5092 3995 5163; x_wconf 82' lang='grc' dir='ltr'>μήτηρ.</span> 
     </span>
    </p>
   </div>
   <div class='ocr_carea' id='block_1_104' title="bbox 755 5180 3995 5263">
    <p class='ocr_par' dir='ltr' id='par_1_104' title="bbox 755 5180 3995 5263">
     <span class='ocr_line' id='line_1_104' title="bbox 755 5180 3995 5263; baseline -0.001 -29"><span class='ocrx_word' id='word_1_762' title='bbox 755 5183 846 5234; x_wconf 70' lang='grc' dir='ltr'>καὶ</span> <span class='ocrx_word' id='word_1_763' title='bbox 892 5182 1059 5236; x_wconf 80' lang='grc' dir='ltr'>πολλὰ</span> <span class='ocrx_word' id='word_1_764' title='bbox 1100 5183 1206 5237; x_wconf 84' lang='grc' dir='ltr'>τῶν</span> <span class='ocrx_word' id='word_1_765' title='bbox 1254 5186 1442 5240; x_wconf 85' lang='grc' dir='ltr'>τούτου</span> <span class='ocrx_word' id='word_1_766' title='bbox 1502 5205 1590 5255; x_wconf 84' lang='grc' dir='ltr'>μοι</span> <span class='ocrx_word' id='word_1_767' title='bbox 1640 5189 1993 5258; x_wconf 84' lang='grc' dir='ltr'>διηγημάτων</span> <span class='ocrx_word' id='word_1_768' title='bbox 2057 5190 2314 5254; x_wconf 87' lang='grc' dir='ltr'>πολλάκις</span> <span class='ocrx_word' id='word_1_769' title='bbox 2354 5195 2747 5263; x_wconf 66' lang='grc' dir='ltr'>προσήνεγκεν.</span> <span class='ocrx_word' id='word_1_770' title='bbox 2791 5189 2933 5259; x_wconf 85' lang='grc' dir='ltr'>Ἐγὼ</span> <span class='ocrx_word' id='word_1_771' title='bbox 2951 5190 3009 5244; x_wconf 80' lang='grc' dir='ltr'>δὲ</span> <span class='ocrx_word' id='word_1_772' title='bbox 3038 5190 3137 5261; x_wconf 88' lang='grc' dir='ltr'>τῆς</span> <span class='ocrx_word' id='word_1_773' title='bbox 3169 5188 3264 5242; x_wconf 81' lang='grc' dir='ltr'>νῦν</span> <span class='ocrx_word' id='word_1_774' title='bbox 3288 5188 3604 5251; x_wconf 85' lang='grc' dir='ltr'>δυναστείας</span> <span class='ocrx_word' id='word_1_775' title='bbox 3663 5182 3830 5237; x_wconf 79' lang='grc' dir='ltr'>αὐτοῦ</span> <span class='ocrx_word' id='word_1_776' title='bbox 3901 5180 3995 5234; x_wconf 76' lang='grc' dir='ltr'>καὶ</span> 
     </span>
    </p>
   </div>
   <div class='ocr_carea' id='block_1_105' title="bbox 756 5272 3998 5355">
    <p class='ocr_par' dir='ltr' id='par_1_105' title="bbox 756 5272 3998 5355">
     <span class='ocr_line' id='line_1_105' title="bbox 756 5272 3998 5355; baseline 0.002 -32"><span class='ocrx_word' id='word_1_777' title='bbox 756 5272 1046 5342; x_wconf 78' lang='grc' dir='ltr'>πρεσΰείας</span> <span class='ocrx_word' id='word_1_778' title='bbox 1094 5275 1401 5330; x_wconf 73' lang='grc' dir='ltr'>ἀπολαῦσαι</span> <span class='ocrx_word' id='word_1_779' title='bbox 1441 5279 1723 5344; x_wconf 81' lang='grc' dir='ltr'>ἀντιϐολῶ,</span> <span class='ocrx_word' id='word_1_780' title='bbox 1758 5282 1851 5333; x_wconf 76' lang='grc' dir='ltr'>καὶ</span> <span class='ocrx_word' id='word_1_781' title='bbox 1889 5276 2005 5333; x_wconf 74' lang='grc' dir='ltr'>οἶδα</span> <span class='ocrx_word' id='word_1_782' title='bbox 2043 5282 2116 5354; x_wconf 71' lang='grc' dir='ltr'>ὡς</span> <span class='ocrx_word' id='word_1_783' title='bbox 2143 5282 2421 5353; x_wconf 57' lang='grc' dir='ltr'>τεύξομαι.</span> <span class='ocrx_word' id='word_1_784' title='bbox 2454 5283 2753 5354; x_wconf 73' lang='grc' dir='ltr'>Δώσειγὰρ</span> <span class='ocrx_word' id='word_1_785' title='bbox 2782 5283 3000 5346; x_wconf 88' lang='grc' dir='ltr'>πάντως</span> <span class='ocrx_word' id='word_1_786' title='bbox 3026 5281 3126 5351; x_wconf 80' lang='grc' dir='ltr'>τὴν</span> <span class='ocrx_word' id='word_1_787' title='bbox 3179 5280 3418 5350; x_wconf 80' lang='grc' dir='ltr'>σίτησιν,</span> <span class='ocrx_word' id='word_1_788' title='bbox 3454 5280 3582 5355; x_wconf 35' lang='grc' dir='ltr'>,τὴν</span> <span class='ocrx_word' id='word_1_789' title='bbox 3629 5275 3725 5329; x_wconf 77' lang='grc' dir='ltr'>τοῦ</span> <span class='ocrx_word' id='word_1_790' title='bbox 3760 5302 3763 5305; x_wconf 93' lang='grc'>·</span> <span class='ocrx_word' id='word_1_791' title='bbox 3796 5272 3998 5327; x_wconf 71' lang='grc' dir='ltr'>Δεσπό-</span> 
     </span>
    </p>
   </div>
   <div class='ocr_carea' id='block_1_106' title="bbox 752 5364 1666 5441">
    <p class='ocr_par' dir='ltr' id='par_1_106' title="bbox 752 5364 1666 5441">
     <span class='ocr_line' id='line_1_106' title="bbox 752 5364 1666 5441; baseline 0.011 -26"><span class='ocrx_word' id='word_1_792' title='bbox 752 5382 841 5417; x_wconf 89' lang='grc' dir='ltr'>του</span> <span class='ocrx_word' id='word_1_793' title='bbox 869 5364 1057 5434; x_wconf 83' lang='grc' dir='ltr'>φιλανθ</span> <span class='ocrx_word' id='word_1_794' title='bbox 1068 5369 1275 5437; x_wconf 82' lang='grc' dir='ltr'>ρωπίαν</span> <span class='ocrx_word' id='word_1_795' title='bbox 1311 5370 1666 5441; x_wconf 86' lang='grc' dir='ltr'>μιμούμενος.</span> 
     </span>
    </p>
   </div>
   <div class='ocr_carea' id='block_1_107' title="bbox 1211 5460 1860 5521">
    <p class='ocr_par' dir='ltr' id='par_1_107' title="bbox 1211 5460 1860 5521">
     <span class='ocr_line' id='line_1_107' title="bbox 1211 5460 1860 5521; baseline 0.009 -8"><span class='ocrx_word' id='word_1_796' title='bbox 1211 5460 1316 5515; x_wconf 73' lang='lat' dir='ltr'><strong>V&#39;ll.</strong></span> <span class='ocrx_word' id='word_1_797' title='bbox 1350 5495 1419 5505; x_wconf 94' lang='lat'><strong><em>—</em></strong></span> <span class='ocrx_word' id='word_1_798' title='bbox 1452 5463 1860 5521; x_wconf 79' lang='lat' dir='ltr'>PALLADIUS.</span> 
     </span>
    </p>
   </div>
   <div class='ocr_carea' id='block_1_108' title="bbox 822 5549 2315 5628">
    <p class='ocr_par' dir='ltr' id='par_1_108' title="bbox 822 5549 2315 5628">
     <span class='ocr_line' id='line_1_108' title="bbox 822 5549 2315 5628; baseline 0.007 -25"><span class='ocrx_word' id='word_1_799' title='bbox 822 5549 1099 5606; x_wconf 83' lang='lat' dir='ltr'><strong>Palladius</strong></span> <span class='ocrx_word' id='word_1_800' title='bbox 1135 5561 1319 5609; x_wconf 88' lang='lat' dir='ltr'><strong>autem</strong></span> <span class='ocrx_word' id='word_1_801' title='bbox 1357 5557 1448 5610; x_wconf 93' lang='lat' dir='ltr'><strong>ille</strong></span> <span class='ocrx_word' id='word_1_802' title='bbox 1485 5558 1878 5613; x_wconf 88' lang='lat' dir='ltr'><strong>celeberrimus</strong></span> <span class='ocrx_word' id='word_1_803' title='bbox 1917 5559 2045 5613; x_wconf 82' lang='lat' dir='ltr'><strong>huic</strong></span> <span class='ocrx_word' id='word_1_804' title='bbox 2083 5560 2315 5628; x_wconf 78' lang='lat' dir='ltr'><strong>zequalis</strong></span> 
     </span>
    </p>
   </div>
   <div class='ocr_carea' id='block_1_109' title="bbox 754 5640 2315 5716">
    <p class='ocr_par' dir='ltr' id='par_1_109' title="bbox 754 5640 2315 5716">
     <span class='ocr_line' id='line_1_109' title="bbox 754 5640 2315 5716; baseline 0.008 -28"><span class='ocrx_word' id='word_1_805' title='bbox 754 5644 997 5707; x_wconf 78' lang='lat' dir='ltr'><strong>tempore</strong></span> <span class='ocrx_word' id='word_1_806' title='bbox 1032 5640 1130 5694; x_wconf 80' lang='lat' dir='ltr'><strong>fuit</strong></span> <span class='ocrx_word' id='word_1_807' title='bbox 1156 5682 1171 5705; x_wconf 93' lang='lat'>,</span> <span class='ocrx_word' id='word_1_808' title='bbox 1205 5651 1259 5697; x_wconf 89' lang='lat' dir='ltr'>et</span> <span class='ocrx_word' id='word_1_809' title='bbox 1292 5644 1537 5699; x_wconf 79' lang='lat' dir='ltr'><strong>moribus</strong></span> <span class='ocrx_word' id='word_1_810' title='bbox 1571 5646 1767 5700; x_wconf 84' lang='lat' dir='ltr'><strong>similis</strong></span> <span class='ocrx_word' id='word_1_811' title='bbox 1792 5688 1805 5711; x_wconf 89' lang='lat'>,</span> <span class='ocrx_word' id='word_1_812' title='bbox 1843 5656 2113 5716; x_wconf 78' lang='lat' dir='ltr'><strong>notusque</strong></span> <span class='ocrx_word' id='word_1_813' title='bbox 2142 5663 2207 5702; x_wconf 90' lang='lat' dir='ltr'>ac</span> <span class='ocrx_word' id='word_1_814' title='bbox 2238 5648 2315 5700; x_wconf 81' lang='lat' dir='ltr'>fa-</span> 
     </span>
    </p>
   </div>
   <div class='ocr_carea' id='block_1_110' title="bbox 755 5730 2314 5803">
    <p class='ocr_par' dir='ltr' id='par_1_110' title="bbox 755 5730 2314 5803">
     <span class='ocr_line' id='line_1_110' title="bbox 755 5730 2314 5803; baseline 0.01 -25"><span class='ocrx_word' id='word_1_815' title='bbox 755 5730 1005 5787; x_wconf 83' lang='lat' dir='ltr'><strong>miliaris.</strong></span> <span class='ocrx_word' id='word_1_816' title='bbox 1042 5732 1119 5786; x_wconf 82' lang='lat' dir='ltr'>Ad</span> <span class='ocrx_word' id='word_1_817' title='bbox 1151 5751 1209 5790; x_wconf 89' lang='lat' dir='ltr'>se</span> <span class='ocrx_word' id='word_1_818' title='bbox 1244 5738 1390 5791; x_wconf 89' lang='lat' dir='ltr'><strong>enim</strong></span> <span class='ocrx_word' id='word_1_819' title='bbox 1415 5780 1429 5801; x_wconf 92' lang='lat'>,</span> <span class='ocrx_word' id='word_1_820' title='bbox 1473 5747 1533 5791; x_wconf 91' lang='lat' dir='ltr'>ut</span> <span class='ocrx_word' id='word_1_821' title='bbox 1581 5737 1803 5803; x_wconf 82' lang='lat' dir='ltr'><strong>ferunt,</strong></span> <span class='ocrx_word' id='word_1_822' title='bbox 1860 5739 2095 5794; x_wconf 88' lang='lat' dir='ltr'><strong>invicem</strong></span> <span class='ocrx_word' id='word_1_823' title='bbox 2142 5740 2314 5794; x_wconf 85' lang='lat' dir='ltr'><strong>venti-</strong></span> 
     </span>
    </p>
   </div>
   <div class='ocr_carea' id='block_1_111' title="bbox 759 5829 2313 5898">
    <p class='ocr_par' dir='ltr' id='par_1_111' title="bbox 759 5829 2313 5898">
     <span class='ocr_line' id='line_1_111' title="bbox 759 5829 2313 5898; baseline 0.008 -24"><span class='ocrx_word' id='word_1_824' title='bbox 759 5830 970 5891; x_wconf 78' lang='lat' dir='ltr'><strong>tantrs,</strong></span> <span class='ocrx_word' id='word_1_825' title='bbox 1006 5836 1247 5883; x_wconf 84' lang='lat' dir='ltr'><strong>mutuam</strong></span> <span class='ocrx_word' id='word_1_826' title='bbox 1296 5829 1587 5885; x_wconf 83' lang='lat' dir='ltr'><strong>utilitatem</strong></span> <span class='ocrx_word' id='word_1_827' title='bbox 1643 5829 1967 5898; x_wconf 76' lang='lat' dir='ltr'><strong>capiebant,</strong></span> <span class='ocrx_word' id='word_1_828' title='bbox 2022 5840 2209 5890; x_wconf 77' lang='lat' dir='ltr'><strong>mutuo</strong></span> <span class='ocrx_word' id='word_1_829' title='bbox 2258 5846 2313 5887; x_wconf 85' lang='lat' dir='ltr'>se</span> 
     </span>
    </p>
   </div>
   <div class='ocr_carea' id='block_1_112' title="bbox 2650 5462 3484 5519">
    <p class='ocr_par' dir='ltr' id='par_1_112' title="bbox 2650 5462 3484 5519">
     <span class='ocr_line' id='line_1_112' title="bbox 2650 5462 3484 5519; baseline -0.006 0"><span class='ocrx_word' id='word_1_830' title='bbox 2650 5497 2660 5509; x_wconf 78' lang='grc' dir='ltr'>ι</span> <span class='ocrx_word' id='word_1_831' title='bbox 2913 5466 3060 5519; x_wconf 83' lang='lat' dir='ltr'>Z&#39;.—</span> <span class='ocrx_word' id='word_1_832' title='bbox 3082 5462 3484 5516; x_wconf 78' lang='grc' dir='ltr'>ΠᾹΛΛΑΔΙΟΣ.</span> 
     </span>
    </p>
   </div>
   <div class='ocr_carea' id='block_1_113' title="bbox 2494 5552 3992 5627">
    <p class='ocr_par' dir='ltr' id='par_1_113' title="bbox 2494 5552 3992 5627">
     <span class='ocr_line' id='line_1_113' title="bbox 2494 5552 3992 5627; baseline -0.003 -16"><span class='ocrx_word' id='word_1_833' title='bbox 2494 5558 2787 5620; x_wconf 85' lang='grc' dir='ltr'>Παλλάδιος</span> <span class='ocrx_word' id='word_1_834' title='bbox 2817 5556 2874 5610; x_wconf 80' lang='grc' dir='ltr'>δὲ</span> <span class='ocrx_word' id='word_1_835' title='bbox 2902 5557 2931 5609; x_wconf 86' lang='grc' dir='ltr'><strong>ὁ</strong></span> <span class='ocrx_word' id='word_1_836' title='bbox 2975 5555 3405 5627; x_wconf 84' lang='grc' dir='ltr'>πολυθρύλλητος</span> <span class='ocrx_word' id='word_1_837' title='bbox 3456 5554 3750 5623; x_wconf 86' lang='grc' dir='ltr'>όμόχρονος</span> <span class='ocrx_word' id='word_1_838' title='bbox 3795 5552 3992 5608; x_wconf 76' lang='grc' dir='ltr'>τούτου</span> 
     </span>
    </p>
   </div>
   <div class='ocr_carea' id='block_1_114' title="bbox 2421 5642 3992 5718">
    <p class='ocr_par' dir='ltr' id='par_1_114' title="bbox 2421 5642 3992 5718">
     <span class='ocr_line' id='line_1_114' title="bbox 2421 5642 3992 5718; baseline -0.004 -17"><span class='ocrx_word' id='word_1_839' title='bbox 2421 5650 2731 5718; x_wconf 83' lang='grc' dir='ltr'>γεγένηται,</span> <span class='ocrx_word' id='word_1_840' title='bbox 2764 5647 2856 5700; x_wconf 78' lang='grc' dir='ltr'>καὶ</span> <span class='ocrx_word' id='word_1_841' title='bbox 2886 5647 3209 5716; x_wconf 85' lang='grc' dir='ltr'>ὁμότροπος,</span> <span class='ocrx_word' id='word_1_842' title='bbox 3242 5647 3336 5698; x_wconf 72' lang='grc' dir='ltr'>καὶ</span> <span class='ocrx_word' id='word_1_843' title='bbox 3367 5642 3627 5713; x_wconf 79' lang='grc' dir='ltr'>συνήθης,</span> <span class='ocrx_word' id='word_1_844' title='bbox 3660 5642 3755 5695; x_wconf 77' lang='grc' dir='ltr'>καὶ</span> <span class='ocrx_word' id='word_1_845' title='bbox 3782 5642 3992 5713; x_wconf 75' lang='grc' dir='ltr'>γνώρι-</span> 
     </span>
    </p>
   </div>
   <div class='ocr_carea' id='block_1_115' title="bbox 2426 5732 3996 5810">
    <p class='ocr_par' dir='ltr' id='par_1_115' title="bbox 2426 5732 3996 5810">
     <span class='ocr_line' id='line_1_115' title="bbox 2426 5732 3996 5810; baseline -0.006 -18"><span class='ocrx_word' id='word_1_846' title='bbox 2426 5757 2542 5810; x_wconf 86' lang='grc' dir='ltr'>μος.</span> <span class='ocrx_word' id='word_1_847' title='bbox 2581 5740 2715 5807; x_wconf 73' lang='grc' dir='ltr'>Παρ¹</span> <span class='ocrx_word' id='word_1_848' title='bbox 2746 5738 3008 5809; x_wconf 67' lang='grc' dir='ltr'>ἀλλήλους</span> <span class='ocrx_word' id='word_1_849' title='bbox 3058 5737 3186 5807; x_wconf 73' lang='grc' dir='ltr'>γὰρ,</span> <span class='ocrx_word' id='word_1_850' title='bbox 3235 5736 3310 5798; x_wconf 76' lang='grc' dir='ltr'>ὣς</span> <span class='ocrx_word' id='word_1_851' title='bbox 3353 5750 3505 5803; x_wconf 89' lang='grc' dir='ltr'>φασι,</span> <span class='ocrx_word' id='word_1_852' title='bbox 3570 5732 3861 5801; x_wconf 81' lang='grc' dir='ltr'>φοιτῶντες</span> <span class='ocrx_word' id='word_1_853' title='bbox 3892 5732 3996 5801; x_wconf 83' lang='grc' dir='ltr'>τῆς</span> 
     </span>
    </p>
   </div>
   <div class='ocr_carea' id='block_1_116' title="bbox 2424 5823 3995 5904">
    <p class='ocr_par' dir='ltr' id='par_1_116' title="bbox 2424 5823 3995 5904">
     <span class='ocr_line' id='line_1_116' title="bbox 2424 5823 3995 5904; baseline -0.006 -19"><span class='ocrx_word' id='word_1_854' title='bbox 2424 5833 2549 5900; x_wconf 82' lang='grc' dir='ltr'>παρ’</span> <span class='ocrx_word' id='word_1_855' title='bbox 2604 5830 2845 5904; x_wconf 73' lang='grc' dir='ltr'>ἀλλήλων</span> <span class='ocrx_word' id='word_1_856' title='bbox 2898 5828 3159 5897; x_wconf 77' lang='grc' dir='ltr'>ὡφελείας</span> <span class='ocrx_word' id='word_1_857' title='bbox 3218 5826 3514 5902; x_wconf 75' lang='grc' dir='ltr'>ἀπήλαυον,</span> <span class='ocrx_word' id='word_1_858' title='bbox 3582 5823 3995 5895; x_wconf 83' lang='grc' dir='ltr'>παραθήγοντες</span> 
     </span>
    </p>
   </div>
  </div>
