4206 6456
222 394 362 461 1365

1431 404 1837 464 RELIGIOSA
1877 405 2260 465 HISTORIA.

3326 408 3461 472 l366

216 507 506 576 ἀλλήλους,
538 507 631 559 καὶ
676 510 757 570 είς
787 508 951 577 ζῆλον
998 510 1089 563 τὸν
1138 510 1280 563 θεῖον
1337 512 1660 583 ἐγείροντες.
1706 515 1793 565 Ἐν

1900 528 2295 583 provocantes,
2335 528 2386 574 ct
2423 519 2489 573 ad
2522 522 2697 574 zelum
2732 520 2980 576 divinum
3015 522 3329 576 incitantes.
3374 525 3459 574 lu-

215 597 450 666 οίκίσκῳ
483 597 539 649 δέ
568 614 671 650 τινι
710 600 1024 669 καθείρχτο,
1047 601 1209 673 κώμῃ
1241 604 1473 675 μεγίστῃ
1502 607 1595 658 καὶ
1627 606 1794 659 πολυ-

218 688 499 760 ανθρώπῳ
531 689 819 755 πελάζοντι
847 709 861 723 ·
902 691 1095 762 Ἰμμαι
1125 694 1184 747 δέ
1213 694 1383 765 ὄνομα
1426 695 1621 768 ταύτῃ.
1660 699 1797 768 Περὶ

223 780 324 849 μιν
356 779 467 851 γὰρ
513 783 613 851 τῆς
656 783 749 835 τού
780 783 969 852 ἁνδρδς
1012 785 1331 856 καρτερίας,
1366 787 1581 851 ἀσιτίας
1609 805 1667 841 τε
1703 790 1797 842 καὶ

219 874 552 941 ἀγρυπνίας,
586 874 681 927 καὶ
709 874 810 943 τῆς
846 875 1126 945 διηνεκοῦς
1158 879 1488 948 προσευχῆς,
1545 879 1798 950 περιττὸν

220 964 467 1033 ⁴ἡγοῦμαι
487 964 810 1033 διηγεῖσθαι.
839 966 943 1019 Τὸν
963 966 1072 1037 γὰρ
1105 968 1265 1021 αὑτὸν
1298 962 1477 1023 εἷλκεν
1506 972 1565 1023 ἐν
1588 971 1798 1035 τούτοις

218 1055 301 1124 τῷ
341 1054 473 1125 θείῳ
532 1056 778 1127 Συμεῶνι
826 1059 1019 1127 ἐκείνῳ
1072 1059 1256 1129 ζυγόν.
1301 1062 1375 1114 To
1404 1061 1460 1116 δέ
1504 1062 1709 1134 θαῦμα,
1738 1064 1798 1117 τὸ

225 1144 390 1214 μέχρι
412 1147 507 1198 καὶ
531 1147 771 1218 τήμερον
799 1147 1077 1216 ᾀδόμενον,
1102 1150 1162 1203 τὸ
1190 1151 1294 1203 ὑπὸ
1322 1154 1421 1222 τῆς
1451 1154 1664 1206 ἐκείνου
1701 1154 1797 1207 καὶ

222 1235 411 1302 φωνῆς
475 1238 765 1307 γενόμενον
823 1240 916 1293 καὶ
962 1240 1179 1311 χειρὸς,
1241 1238 1518 1313 προῦργον
1570 1243 1798 1315 ἐνόμισα

220 1326 387 1397 διηγή
396 1327 613 1380 σασθαι.

292 1420 611 1490 Πανήγυρις
671 1420 751 1483 είς
808 1421 905 1490 τὴν
968 1424 1379 1495 προειρημένην
1448 1427 1799 1500 συνηγείρετο

220 1508 444 1579 κώμην,
468 1511 597 1573 τοὺς
642 1510 907 1564 πάντοθεν
956 1513 1231 1584 ἐμπόρους
1275 1516 1656 1587 ἐπισπωμένη,
1704 1519 1799 1571 καὶ

220 1599 431 1671 πλῆθος
466 1600 701 1671 ἀριθμοῦ
735 1604 982 1672 κρεῖττον
1003 1604 1364 1676 ἐφελκομένη.
1398 1601 1490 1660 Ἐν
1522 1607 1694 1680 ταύτῃ
1716 1627 1797 1673 τις

220 1690 487 1759 ιμπορος,
542 1693 683 1763 ἆπερ
746 1687 847 1763 ἦκε
904 1696 1086 1764 φέρων
1149 1697 1566 1769 ἀπεμπολήσας,
1616 1702 1709 1754 καὶ
1739 1700 1800 1754 τὸ

218 1781 446 1851 χρυσίον
506 1782 896 1853 συναθροίσας,
957 1784 1175 1856 νύκτωρ
1222 1785 1477 1858 ἀπαίρειν
1524 1788 1791 1844 ἐϐούλετο.

231 1871 589 1941 Ἀνδροφόνος
616 1873 676 1926 δέ
711 1890 816 1936 τις,
845 1872 905 1926 τὺ
940 1873 1192 1943 ωλλεγέν
1240 1879 1419 1930 ἐκεῖνο
1460 1879 1794 1948 θεασάμενος
1824 1861 1868 1916 B

217 1960 468 2031 χρυσίον,
518 1962 736 2034 οίστρου
773 1964 917 2026 τινὸς
957 1965 1053 2018 καὶ
1079 1966 1275 2036 μανίας
1323 1968 1673 2039 ἐμφορηθεὶς,
1703 1971 1796 2024 τὸν

218 2050 321 2119 μὲν
359 2048 527 2103 ὕπνον
577 2051 686 2105 τῶν
732 2052 1018 2125 βλεφάρων
1075 2056 1347 2127 ἀπήλασε,
1378 2058 1472 2111 τοῦ
1500 2059 1556 2113 δέ
1603 2061 1795 2128 ἀνδρὸς

215 2139 433 2193 ἐκείνου
468 2141 569 2211 τὴν
594 2142 900 2215 ἀποδημίαν
919 2144 1200 2215 ἐφύλαττε.
1235 2149 1389 2203 Μετὰ
1420 2149 1476 2202 δέ
1505 2150 1796 2222 ἀλεκτρυό-

215 2247 329 2285 νων
358 2231 580 2303 ᾡδὰς,ό.
601 2234 701 2303 μέν
732 2236 910 2307 ἀπῆρε
957 2236 1205 2309 θαρρὦο
1228 2241 1260 2293 ό
1288 2240 1347 2294 δὲ
1387 2242 1673 2313 προλαϐὼν
1702 2245 1797 2298 καὶ

214 2322 387 2375 τόπον
415 2324 541 2377 τινὰ
585 2327 665 2389 είς
707 2326 931 2398 ἐνέδραν
981 2329 1287 2401 ἐπιτήδειον
1336 2334 1678 2400 καταλαϐὼν,
1706 2337 1795 2402 ἐξσ

214 2415 496 2479 απιναίως
530 2433 590 2469 τε
619 2418 927 2489 προϐαλὼν,
971 2422 1247 2494 ἐπήνεγκε
1277 2425 1377 2496 τὴν
1410 2426 1647 2498 πληγὴν,
1701 2430 1797 2482 καὶ

215 2506 322 2577 τὴν
351 2508 667 2578 μιαιφονίαν
688 2510 956 2583 ἐτόλμησε
980 2527 997 2542 ·
1034 2514 1360 2586 προστίθησι
1393 2516 1452 2570 δὲ
1485 2519 1579 2572 καὶ
1607 2520 1795 2591 ἕτερον

213 2596 355 2667 τῷδε
383 2596 463 2667 τῷ
503 2599 665 2669 μύσει
696 2601 1036 2673 δυσσέϐημα.
1070 2605 1146 2657 Τὸ
1174 2606 1281 2677 γὰρ
1320 2610 1538 2679 χρυσίον
1590 2610 1792 2677 λαϐὼν,

214 2692 280 2744 τὸ
308 2694 502 2762 νεκρὸν
528 2696 704 2748 ἐκεῖνο
734 2696 894 2766 σῶμα
942 2699 1090 2768 παρὰ
1134 2699 1232 2769 τὴν
1258 2701 1352 2755 τοῦ
1382 2701 1624 2770 μεγάλου
1648 2703 1794 2756 Παλ-

213 2779 404 2835 λαδξου
431 2784 764 2855 προσέρριψε
785 2785 976 2856 θύραν.
1022 2789 1109 2852 Ὠς
1134 2789 1191 2843 δέ
1231 2791 1415 2861 ἡμέρα
1439 2793 1674 2861 ἐγένετο,
1700 2798 1795 2849 καὶ

212 2871 249 2940 ή
280 2871 438 2941 φήμη
463 2870 743 2943 διέδραμε,
775 2876 869 2928 καὶ
896 2877 931 2947 ή
957 2878 1264 2949 πανήγυρις
1299 2879 1485 2934 ἁπασα
1516 2882 1579 2936 τὸ
1630 2900 1792 2952 γεγε-

212 2964 452 3032 νημένον
481 2963 724 3035 ἐθρύλλει
744 3004 761 3030 ,
794 2967 1043 3022 συνέθεον
1083 2969 1341 3036 ἅπαντες,
1372 2975 1465 3026 καὶ
1494 2976 1594 3044 τὴν
1618 2975 1793 3047 θύραν

210 3053 629 3126 διαρρήξαντες,
658 3057 887 3122 εὐθύνας
907 3061 1323 3132 είσεπράττοντο
1335 3064 1435 3134 τῆς
1463 3067 1679 3137 σφαγῆς
1704 3069 1793 3122 τὸν

213 3145 365 3199 θεῖον
392 3146 688 3201 Παλλάδιον
705 3165 717 3178 ’
754 3143 849 3213 Εἷς
875 3150 933 3203 δὲ
961 3150 1071 3204 τῶν
1099 3152 1259 3206 τοῦτο
1285 3153 1536 3224 δρώντων
1556 3153 1624 3228 ἦν
1644 3159 1673 3211 ὁ
1694 3161 1799 3231 τὴν

216 3239 435 3308 σφαγὴν
464 3239 860 3310 αὐτουργῆσας.
888 3242 1430 3316 Περιστοιχιζόμενος
1466 3250 1646 3303 τοίνυν
1691 3253 1795 3305 ὑπὸ
1822 3231 1865 3287 C

212 3329 490 3399 τοσαύτης
538 3330 775 3401 πληθύος
814 3334 842 3385 ό
874 3332 1161 3399 θεσπέσιος
1208 3336 1517 3409 ἄνθρωπος,
1571 3345 1651 3407 εἰς
1703 3345 1794 3399 τὸν

213 3421 447 3494 οὐρανὸν
481 3422 628 3487 ίδὼν,
656 3424 749 3478 καὶ
774 3427 841 3496 τῇ
867 3426 1076 3499 διανοίᾳ
1119 3428 1210 3481 τὸν
1242 3430 1473 3500 οὑρανδν
1526 3434 1790 3506 ὑπερϐὰς,

216 3514 427 3566 ίκέτευε
456 3515 548 3567 τὸν
571 3517 870 3588 Δεσπότην,
892 3519 990 3588 τῆς
1028 3523 1394 3590 συκοφαντίας
1430 3525 1698 3594 διελέγξαι
1734 3530 1794 3584 τὸ

210 3601 428 3671 ψεῦδος,
465 3604 554 3656 καὶ
585 3604 750 3677 δήλην
782 3607 1059 3679 ἀποφῆναι
1085 3611 1183 3681 τὴν
1221 3617 1617 3689 κεκρυμμένην
1655 3620 1793 3693 ἀλή·

215 3693 389 3747 θειαν.
422 3694 607 3758 Οὕτως
637 3694 957 3766 εὐξάμενος,
989 3700 1083 3753 καὶ
1114 3702 1212 3770 τῆς
1245 3703 1339 3756 τοῦ
1391 3708 1649 3777 κειμένου
1698 3712 1791 3768 λα-

213 3784 447 3853 ϐόμενος
468 3785 667 3849 δεξιᾶς,
706 3805 723 3838 ι
750 3787 1047 3860 Εἰπὲ,ἐφη,
1079 3784 1124 3844 ὼ
1144 3795 1349 3861 νεανία,
1370 3797 1452 3861 τίς
1474 3816 1556 3853 σοι
1583 3802 1791 3875 ταύτην

213 3878 483 3947 ἐπήνεγκε
508 3878 603 3946 τὴν
626 3878 838 3951 πληγήν
858 3896 873 3911 ⁸
908 3882 1076 3947 δεῖξον
1126 3884 1215 3937 τὸν
1255 3887 1347 3940 τοῦ
1380 3890 1582 3958 μύσους
1610 3896 1793 3950 αύθέν·

211 3984 334 4038 την,
378 3969 591 4021 καὶτὸν
635 3970 810 4023 ἀθῶον
858 3973 1135 4043 ἀπόφηνον
1164 3977 1260 4046 τῆς
1292 3984 1531 4051 πονηρᾶς
1592 3987 1791 4056 ταύτης

212 4060 581 4127 συκοφαντίας
621 4061 924 4133 ἐλεύθερον.
969 4066 1282 4121 Ἠκολούθει
1314 4070 1370 4122 δὲ
1393 4073 1470 4143 τῷ
1529 4076 1626 4143 μὲν
1651 4078 1792 4150 λόγῳ

210 4152 242 4203 ὁ
271 4152 451 4227 λόγος,
490 4155 551 4221 τῇ
603 4153 754 4224 δεξιᾷ
808 4155 869 4207 δὲ
903 4159 932 4209 ό
962 4158 1269 4229 ἄνθρωπος,
1336 4166 1429 4217 καὶ
1486 4168 1793 4238 καθήμενος

214 4242 572 4308 περιεσκόπει
623 4244 723 4315 μέν
767 4247 893 4310 τοὺς
944 4250 1241 4319 παρόντας,
1293 4254 1607 4312 ὑπεδείκνυε
1637 4260 1792 4333 δέτῷ

209 4332 461 4404 δακτύλῳ
482 4334 571 4387 τὸν
598 4335 939 4405 ἀνδροφόνον.
969 4340 1075 4410 Βοὴ
1103 4342 1159 4394 δὲ
1193 4345 1409 4399 πάντων
1428 4349 1660 4415 ἐγένετο,
1696 4332 1791 4407 καλ

209 4426 272 4478 τὺ
317 4426 513 4518 θαῦμα,
560 4428 1052 4500 ἐκπληττομένων,
1102 4434 1199 4487 καὶ
1256 4436 1354 4508 τὴν
1419 4444 1790 4518 γεγενημένην

1896 609 2085 662 clusus
2126 609 2172 663 is
2210 610 2440 681 degebat
2481 613 2535 666 in
2568 613 2799 675 cellula,
2838 616 2961 669 vico
3002 616 3242 670 maximo
3276 627 3328 668 et
3363 630 3458 685 pu-

1898 699 2094 768 puloso
2125 698 2334 762 vicina,
2385 704 2473 757 cui
2530 720 2728 760 nomen
2778 703 2977 760 Imma».
3024 708 3101 760 Ac
3128 706 3198 761 de
3247 721 3459 761 summa

1896 790 2115 859 quidem
2149 793 2249 847 viri
2282 796 2574 862 patientia,
2612 798 2836 866 cibique
2866 806 2920 851 et
2953 801 3133 851 somni
3169 801 3461 854 abstinen-

1896 882 1994 946 tia,
2028 883 2482 954 dequecontinua
2522 889 2641 957 eius
2676 889 2953 955 oratione,
2979 890 3162 944 dicere
3193 905 3461 960 superva-

1897 988 2125 1029 caneum
2146 984 2439 1045 puto,cum
2473 979 2526 1032 in
2549 979 2633 1034 liis
2663 980 2855 1050 iugum
2891 980 3031 1035 idem
3069 981 3297 1035 traxerit
3335 997 3459 1035 cum

1899 1064 2089 1122 divino
2114 1067 2208 1121 illo
2236 1066 2529 1140 Symeone.
2561 1070 2883 1126 Miraculum
2924 1081 3126 1136 autern,
3159 1071 3302 1143 quod
3338 1072 3462 1141 ejus

1899 1170 2029 1211 voce
2059 1172 2325 1229 manuque
2364 1159 2565 1228 factum
2614 1162 2669 1215 in
2716 1162 3039 1218 hodiernum
3088 1172 3259 1234 usque
3313 1164 3459 1219 dicm

1896 1246 2232 1314 celebratur,
2261 1266 2441 1319 operae
2475 1252 2712 1321 pretium
2747 1253 2881 1308 duxi
2917 1267 3228 1310 recensere.

1967 1423 2234 1496 Nundinc
2279 1427 2335 1480 in
2369 1426 2633 1495 pradicto
2666 1428 2785 1483 vico
2817 1430 3148 1498 agebantur,
3171 1445 3294 1500 quae
3323 1446 3476 1483 mer-

1895 1523 2109 1576 calores
2145 1516 2386 1587 undique
2433 1519 2793 1582 acciverant,
2844 1519 3245 1593 hominumque
3281 1522 3461 1574 multi-

1897 1610 2027 1662 tudo
2082 1609 2347 1664 immensa
2403 1609 2619 1682 1174
2662 1611 3025 1666 conﬂuxerat.
3060 1613 3143 1667 lbi
3193 1624 3466 1668 uici-catur

1904 1699 2163 1769 quidam,
2201 1701 2440 1755 venditis
2474 1703 2755 1757 mercibus
2770 1719 2926 1774 quas
2962 1704 3260 1767 attulerat,
3304 1719 3468 1757 auro-

1897 1806 2003 1860 que
2033 1800 2345 1856 contracto,
2400 1802 2566 1847 noctu
2614 1793 2766 1850 abire
2815 1803 3107 1849 statuerat.
3156 1795 3461 1851 Collectqu

1899 1894 2027 1933 vero
2056 1894 2247 1934 aurum
2278 1879 2550 1935 homicida
2580 1882 2799 1952 quidam
2820 1886 3193 1955 conspicatus,
3214 1894 3385 1939 astro
3403 1899 3468 1938 ac

1900 1969 2081 2026 furore
2106 1972 2366 2042 percitus,
2400 1988 2649 2027 somnum
2684 1975 2860 2030 oculis
2892 1976 3118 2045 depulit,
3144 1985 3200 2031 et
3224 1976 3467 2031 hominis

1898 2063 2046 2119 illius
2072 2064 2380 2119 discessum
2416 2065 2746 2122 observavit.
2784 2067 2848 2121 Et
2878 2083 3003 2122 cum
3045 2068 3136 2122 ille
3186 2077 3309 2138 post
3339 2068 3463 2138 galli

1897 2167 2121 2213 cantum
2157 2172 2389 2213 securus
2421 2159 2630 2225 abiret,
2669 2160 2759 2214 hic
2794 2171 3129 2230 praverteus
3149 2201 3165 2226 ,
3197 2169 3254 2216 et
3286 2160 3465 2214 locum

1898 2251 2117 2307 insidiis
2150 2259 2336 2321 aptum
2367 2266 2683 2321 occupans,
2733 2262 2959 2323 repente
3004 2253 3237 2317 insiliit,
3278 2253 3467 2309 incus-

1899 2358 2067 2413 saque
2119 2345 2273 2414 plaga
2327 2344 2530 2399 eadem
2590 2346 2970 2414 perpetravit,
3019 2355 3074 2401 et
3125 2348 3467 2401 exsecranda

1898 2432 2091 2489 sceleri
2147 2432 2297 2485 aliud
2339 2432 2565 2502 impium
2607 2431 2828 2489 facinus
2867 2432 3097 2488 addidit.
3139 2434 3291 2489 Auro
3322 2434 3466 2489 enim

1898 2526 2114 2590 ablato,
2148 2525 2382 2579 cadaver
2410 2525 2478 2579 ad
2514 2525 2695 2591 magni
2727 2524 2957 2581 Palladii
2983 2525 3209 2595 januam
3238 2526 3463 2595 abjecit.

1898 2615 2002 2672 Ubi
2041 2616 2160 2672 dies
2205 2616 2415 2678 illuxit,
2468 2614 2725 2685 lautaque
2778 2631 2969 2686 sparsa
3025 2632 3113 2673 res
3160 2626 3279 2682 toto
3324 2633 3468 2673 mer-

1897 2716 2024 2764 catu
2055 2708 2270 2778 vulgata
2305 2717 2421 2771 est,
2466 2717 2771 2763 accurrunt
2803 2723 3031 2773 omnes,
3083 2709 3339 2779 ostioque
3384 2709 3469 2765 ef-

1899 2798 2077 2855 l'racto
2118 2808 2347 2870 patrata:
2389 2799 2560 2855 caedis
2613 2815 2808 2870 poenas
2856 2809 3154 2870 reposcunt
3204 2816 3236 2855 a
3280 2800 3469 2856 divino

1896 2890 2184 2946 Palladio:
2216 2890 2516 2962 aderatque
2547 2891 2692 2947 inter
2730 2900 2957 2947 caeteros
2996 2893 3043 2947 is
3082 2893 3199 2962 ipse
3231 2893 3323 2963 qui
3362 2907 3469 2947 ca-

1897 2988 2020 3041 dem
2055 2985 2433 3041 commiserat.
2469 2985 2888 3041 Circumsessus
2916 3000 3051 3055 ergo
3077 3000 3108 3039 a
3138 2993 3291 3038 tanta
3326 2985 3469 3040 mul-

1897 3076 2135 3131 titudine
2168 3078 2253 3131 vir
2285 3084 2510 3133 sanctus
2532 3116 2546 3141 ,
2584 3078 2785 3132 ccelum
2821 3077 3167 3146 suspiciens,
3199 3088 3255 3132 et
3290 3090 3471 3130 mente

1897 3168 2094 3223 ctelum
2125 3169 2526 3224 transcenderis
2548 3207 2565 3232 ,
2593 3168 2883 3222 Dominum
2912 3168 3140 3230 orabat,
3170 3179 3228 3222 ut
3257 3167 3469 3221 calum-

1898 3261 2006 3316 nia:
2044 3259 2346 3317 falsitatem
2386 3261 2777 3330 redargueret,
2812 3268 2867 3315 et
2907 3260 3188 3314 veritatem
3227 3274 3349 3329 quae
3385 3260 3468 3311 la-

1898 3352 2049 3407 tebat
2080 3353 2365 3408 revelaret.
2401 3353 2493 3407 Sic
2530 3361 2811 3423 precatus,
2842 3354 3046 3406 mortui
3077 3350 3271 3406 dextra
3301 3366 3467 3405 manu

1896 3446 2278 3513 apprehensa:
2311 3461 2330 3495 ι
2365 3444 2502 3507 Dic,
2561 3444 2781 3514 inquit,
2838 3458 2872 3498 ο
2924 3444 3287 3509 adolescens,
3344 3442 3469 3512 quis

1897 3532 2005 3589 hoc
2055 3534 2157 3588 tibi
2210 3534 2415 3589 vulnus
2452 3535 2696 3589 inﬂixit?
2750 3537 2976 3590 ostende
3015 3535 3240 3591 sceleris
3279 3543 3472 3589 ειη-ιο.

1899 3642 2049 3691 rem,
2115 3635 2171 3682 et
2223 3627 2577 3692 innocentem
2643 3629 2712 3684 ab
2769 3628 2957 3699 iniqua
3008 3628 3282 3683 calumnia
3332 3627 3468 3682 libe-

1895 3736 2018 3775 rum
2050 3719 2287 3775 declara.
2322 3738 2339 3771 ι
2374 3719 2697 3775 Sermonem
2740 3735 2921 3776 sermo
2971 3728 3201 3776 secutus
3247 3728 3367 3782 est,
3413 3727 3469 3774 et

1894 3812 2142 3870 dextram
2173 3813 2369 3876 homo,
2403 3816 2421 3835 ⁶
2450 3821 2506 3868 et
2536 3813 2736 3869 sedens
2766 3822 3018 3868 astantes
3034 3811 3429 3881 circumspexit
3448 3851 3475 3876 ,λ

1878 3906 2286 3975 hominemque
2334 3905 2510 3975 digito
2544 3904 2965 3960 demonstravit.
3022 3902 3162 3959 llinc
3216 3902 3469 3959 sublatus

1892 3999 2141 4051 omnium
2170 3998 2402 4059 clamor,
2435 4006 2489 4052 et
2520 3997 2848 4052 miraculum
2879 3997 3222 4067 stupentium
3242 4037 3257 4061 ,
3294 4005 3349 4049 et
3377 3994 3467 4047 in-

1890 4085 2096 4156 jectam
2125 4087 2457 4142 calumniam
2498 4088 2910 4144 detestantium.
2946 4086 3160 4157 1175
3193 4084 3465 4165 Sicarium

1893 4189 2075 4234 autem
2108 4181 2260 4234 illum
2294 4189 2592 4245 exuentcs,
2627 4191 2682 4235 et
2716 4180 2959 4250 gladium
2998 4195 3200 4233 cruore
3231 4179 3465 4233 tinctum

1894 4270 2249 4336 invenerunt,
2286 4278 2341 4325 et
2372 4285 2567 4323 aurum
2610 4269 2755 4339 quod
2797 4269 2866 4323 ad
2905 4266 3110 4322 caedem
3150 4267 3465 4335 instigarat.

1895 4361 2122 4417 Divinus
2154 4377 2284 4417 vcro
2331 4360 2649 4425 Palladius,
2697 4376 2820 4416 cum
2870 4360 3221 4413 admirabilis
3262 4359 3479 4412 dudum

1891 4454 2209 4517 haberetur,
2262 4455 2459 4508 merito
2490 4452 2692 4507 exinde
2732 4453 2887 4507 visus
2935 4459 3018 4507 est
3067 4451 3466 4505 admirabilior.

212 4517 585 4584 συκοφαντίαν
632 4518 1118 4592 ὲκθαμϐουμὲνων.
1173 4526 1564 4597 ’Δποδύσαντες
1608 4535 1664 4587 δὲ
1697 4537 1789 4590 τὸν

1897 4548 2010 4602 lloc
2040 4562 2211 4601 unum
2244 4538 2803 4616 quippe’miraculum
2836 4541 2901 4595 ad
2934 4541 3327 4598 ostendendam
3360 4542 3467 4594 viri

212 4608 500 4677 μιαιςιόνον
558 4612 797 4678 ἐκεῖνον,
859 4613 952 4665 καὶ
1004 4614 1103 4685 τὴν
1160 4619 1435 4691 μάχαιραν
1488 4620 1644 4697 εὖρον
1707 4632 1786 4687 ἔτι

1894 4641 2036 4711 apud
2070 4640 2241 4694 Deum
2276 4638 2530 4692 ﬁduciam
2561 4636 2697 4691 satis
2726 4642 2867 4690 erat.

208 4705 738 4809 πεφινιγμένην-τὼ
774 4707 987 4809 αἵματι,
1023 4713 1201 4809 καὶτὸ
1228 4718 1449 4787 χρυσίον
1505 4726 1680 4782 ἐκεῖνο
1716 4734 1776 4787 τὸ
1813 4705 2181 4809 τῆς-σφαγῆς
2219 4733 2591 4805 γεγενημένον
2631 4731 2908 4802 πρόξενον.
2957 4735 3015 4785 '0
3043 4734 3099 4785 δὲ
3148 4734 3287 4794 θεῖος
3323 4728 3468 4783 Παλ-

206 4802 389 4897 λαδιος
418 4801 588 4897 παλαι
610 4802 933 4897 ᾁξιάξγασξος
958 4804 1053 4897 ᾣνν
1087 4806 1540 4884 ἀξιαγαστότερος
1565 4821 1790 4890 εἰκότως
1828 4801 2359 4897 ἐιλτεύοεννέγένετο.
2393 4801 2597 4880 Ἱκανὸν
2642 4825 2750 4897 γὰρ
2793 4819 2861 4895 ἦν
2930 4824 2991 4877 τὸ
3058 4822 3242 4892 θαῦμα
3297 4821 3466 4887 δεῖξαι

206 4894 311 4964 τὴν
343 4895 497 4962 παρὰ
520 4892 601 4970 τῷ
626 4892 745 4963 Θεῷ
782 4892 875 4947 τοῦ
904 4894 1094 4965 ἀνδρὸς
1119 4899 1448 4970 παρρησίαν.

288 4986 401 5037 Καὶ
424 4983 742 5055 ’Δϐραάμης
772 4985 829 5038 δὲ
848 4988 875 5039 ὁ
896 4985 1198 5057 θαυμάσιος
1230 4991 1329 5061 τῆς
1351 4994 1521 5067 αὐτῆς
1543 4994 1611 5069 ἦν
1644 5019 1783 5073 συμ.

213 5076 520 5149 μορίας,ὃς
542 5076 635 5130 τὸν
666 5079 764 5147 μὲν
814 5079 1145 5150 καλούμενον
1205 5084 1526 5156 Παράτομον
1580 5090 1788 5165 ᾤκησε,

209 5168 526 5225 moueat
554 5167 655 5238 τῆς
690 5169 891 5239 ἀρετῆς
928 5171 1027 5233 τὰς
1068 5178 1433 5246 μαρμαρυγὰς
1488 5180 1784 5253 ἐξέπεμψε-

210 5263 499 5331 metu?“
550 5259 607 5313 δὲ
667 5262 755 5331 τῇ
791 5261 1136 5332 λαμπρότητι
1190 5264 1290 5334 τῆς
1340 5268 1484 5338 ζωῆς
1528 5272 1596 5324 τὰ
1649 5277 1787 5342 μετὰ

208 5353 467 5423 τελευτὴν
523 5350 885 5422 ἐνεργούμενα
937 5354 1213 5425 θαύματα.
1257 5359 1573 5424 Ἀναϐλύζει
1622 5367 1781 5436 γὰρὴ

210 5447 424 5500 ἐκείνου
460 5443 603 5515 θήκη
638 5445 798 5516 μέχρι
833 5447 926 5499 καὶ
958 5448 1196 5519 τήμερον
1226 5453 1574 5518 παντοδαπὰς
1623 5456 1785 5526 θερα-

210 5539 395 5600 πείας,
431 5537 527 5591 καὶ
562 5537 840 5609 μάρτυρες
862 5541 912 5592 οἱ
944 5539 1146 5605 ταύτας
1172 5542 1379 5596 ἐκεῖθεν
1405 5546 1659 5615 ἀφθόνως
1690 5551 1777 5603 διὰ

208 5632 310 5701 τῆς
336 5630 572 5693 πίστεως
589 5631 901 5701 ἀρυόμενοι.
946 5633 1100 5703 Ἐμοὶ
1126 5634 1183 5687 δὲ
1211 5636 1298 5706 εἴη
1331 5638 1425 5690 καὶ
1456 5638 1552 5708 τῆς
1581 5642 1786 5694 τούτων

208 5722 531 5792 ἐπικουρίας
566 5723 770 5794 τυχεῖν,
809 5726 874 5795 τῇ
908 5724 1110 5779 τούτων
1162 5728 1351 5799 μνήμῃ
1392 5730 1490 5800 τὴν
1541 5730 1786 5797 γλῶτταν

210 5812 623 5872 καθαγιάσαντι.

1966 5001 2225 5072 Ejusdem
2254 5014 2478 5071 quoque
2503 4999 2715 5055 ordinis
2748 4997 2849 5053 fuit
2873 4998 3231 5055 admirandus
3258 5002 3469 5058 Abraa-

1896 5110 2045 5157 mes,
2081 5092 2171 5163 qui
2210 5090 2560 5147 Paratomum
2598 5089 2748 5160 quod
2780 5098 2978 5143 vocant
3007 5092 3281 5145 exstruxit
3304 5134 3318 5155 ,
3353 5096 3469 5147 vir-

1896 5188 2140 5255 tutisque
2188 5198 2303 5239 suze
2350 5183 2537 5237 radios
2586 5196 2805 5236 omnem
2865 5182 2919 5235 in
2971 5192 3182 5252 partem
3224 5185 3465 5243 diliudit.

1897 5278 2031 5333 Vita:
2060 5285 2244 5332 autem
2296 5276 2446 5330 illius
2496 5274 2802 5328 claritatem
2849 5282 3125 5328 testantur
3169 5291 3292 5345 qua:
3345 5287 3467 5347 post

1896 5378 2128 5423 mortem
2168 5365 2306 5421 ﬁunt
2339 5365 2628 5419 miracula.
2667 5361 2853 5418 Scatet
2896 5364 3039 5417 enim
3078 5365 3350 5437 hodieque
3381 5368 3464 5422 lo-

1892 5461 2050 5514 culus
2075 5458 2197 5528 cjus
2223 5457 2465 5512 omnium
2492 5472 2754 5527 generum
2782 5457 3163 5513 curationibus
3182 5498 3197 5522 ,
3226 5474 3462 5528 quarum

1894 5560 2064 5606 testes
2103 5557 2233 5604 sunt
2272 5549 2364 5619 qui
2408 5548 2508 5603 has
2547 5547 2675 5601 inde
2715 5562 2810 5616 per
2861 5545 3018 5605 ﬁdem
3071 5548 3277 5602 all‘atim
3327 5545 3466 5605 ha'u-

1891 5644 2060 5698 riuut.
2092 5642 2223 5696 Mihi
2253 5656 2381 5696 vero
2409 5641 2615 5694 utinam
2647 5653 2837 5693 eorum
2869 5655 2973 5708 ope
3006 5639 3111 5693 frui
3144 5642 3461 5713 contingat,

1892 5737 1984 5804 qui
2018 5736 2211 5789 borum
2248 5732 2527 5787 mentione
2559 5731 2799 5801 linguam
2837 5731 3199 5789 sanctiﬁcavi.
