4206 6456
756 385 893 450 1367

1189 498 1324 553 VIII.
1363 531 1429 539 —-
1467 501 1899 562 APIIRAATES.

822 586 980 652 Quod
1010 589 1258 642 omnium
1291 590 1576 645 hominum
1610 610 1717 649 una
1751 597 1823 650 sit
1855 608 2051 652 natura
2074 640 2087 662 ,
2122 610 2174 653 et
2207 601 2326 668 phi-

750 677 1028 745 losophari
1078 676 1241 733 facile
1281 680 1353 733 sit
1390 682 1736 746 volentibus,
1789 687 1903 741 sive
1955 689 2065 742 sint
2110 690 2321 752 Graaci,

748 772 864 826 sive
898 770 1153 835 barbari,
1185 781 1237 825 et
1271 787 1336 826 ex
1366 774 1490 829 aliis
1516 790 1652 829 sane
1678 778 1869 832 multis
1901 793 2210 849 promptum
2240 790 2326 836 est

748 877 1083 930 cognoscere
1106 902 1119 923 .
1150 874 1202 917 et
1234 874 1425 934 aperte
1466 878 1780 925 monstrare
1825 872 2131 940 Aphraates
2180 891 2324 929 unus

749 963 947 1022 potest.
1012 953 1185 1009 Natus
1240 958 1385 1011 enim
1444 958 1824 1031 educatusque
1879 963 2021 1031 apud
2085 966 2319 1031 Persas,

746 1056 958 1115 gentem
988 1048 1414 1119 iniquissimam,
1440 1063 1494 1109 et
1517 1072 1545 1109 a
1570 1058 1770 1111 talibus
1801 1061 2121 1128 parentibus
2146 1071 2319 1128 ortus,

745 1147 799 1190 et
835 1140 887 1193 in
920 1156 1107 1196 eorum
1146 1146 1398 1203 moribus
1432 1148 1720 1205 institutus
1742 1192 1756 1217 ,
1790 1152 1855 1205 ad
1888 1160 2095 1208 tantam
2131 1172 2323 1226 perve-

748 1235 826 1286 nit
861 1234 1159 1302 virtutem,
1188 1248 1247 1292 ut
1273 1256 1370 1296 eos
1402 1244 1753 1310 obscurarit,
1790 1247 1884 1316 qui
1917 1262 1981 1301 ex
2012 1248 2118 1319 piis
2151 1251 2320 1320 geniti

745 1327 1055 1396 religiosam
1089 1330 1472 1389 educationem
1504 1351 1532 1389 a
1566 1338 1739 1404 prima
1767 1346 1928 1395 aetate
1957 1343 2136 1396 sortiti
2169 1350 2317 1397 sunt.

746 1413 986 1471 Primum
1015 1423 1189 1488 enim,
1218 1435 1406 1495 spreto
1433 1442 1631 1497 genere
1651 1473 1663 1493 ,
1691 1430 1836 1499 quod
1866 1432 1940 1485 illi
1971 1431 2179 1486 clarum
2205 1442 2323 1489 erat

741 1515 799 1559 et
828 1509 1058 1575 illustre,
1091 1514 1327 1584 majores
1357 1533 1543 1587 magos
1568 1519 1812 1575 imitatus
1835 1565 1848 1588 ,
1901 1522 1969 1576 ad
2028 1521 2320 1580 Dominum

746 1597 1086 1655 adorandum
1129 1618 1187 1659 se
1226 1610 1491 1662 convertit
1522 1627 1534 1662 :
1570 1609 1770 1665 deinde
1806 1614 2156 1683 popularium
2192 1633 2321 1671 suo-

746 1703 867 1742 rum
920 1693 1258 1761 impietatem
1314 1708 1673 1764 exseeratus,
1730 1706 2011 1773 regionem
2070 1718 2319 1762 exteram

748 1782 940 1847 patria:
978 1787 1247 1852 praetulit,
1294 1788 1511 1861 1176
1550 1791 1925 1864 Edessamque
1963 1806 2156 1865 petens
2194 1808 2206 1864 ς
2238 1806 2319 1853 est

1754 398 2239 460 TllEODORE'I‘l
2275 401 2610 463 EPISCOPI
2643 404 3007 467 CYRENSIS

2356 517 2397 568 Α

3872 408 4017 474 1368

2923 517 3003 568 H'.
3038 546 3105 555 —
3132 516 3511 573 ΔΦΡΔΑΤΗΣ.

2507 603 2628 654 Ὅτι
2676 605 2772 673 μὲν
2830 606 2925 674 μία
2978 608 3194 661 πάντων
3247 609 3547 676 ἀνθρώπων
3588 611 3622 680 ἡ
3684 610 3867 678 φύσις,
3915 612 4015 664 καὶ

2436 695 2614 763 ῥᾴδιόν
2645 700 2764 749 ἐστι
2795 700 2905 759 τοῖς
2932 699 3283 770 βουλομένοις
3306 702 3637 772 φιλοσοφεῖν,
3664 704 3772 757 εῐτε
3805 703 4011 773 Ἐλλη-

2432 802 2518 846 νες
2553 781 2682 853 εἷεν,
2718 786 2825 839 εἴτε
2853 788 3140 862 βάρϐαροι,
3175 792 3497 863 πολλαχόθεν
3530 794 3627 864 μὲν
3657 795 3751 847 καὶ
3784 794 4011 849 ἂλλοθεν

2432 877 2768 946 καταμαθεῖν
2800 879 3057 945 εύπετέςί
3078 884 3290 954 ἀπόχρη
3311 884 3367 937 δέ
3390 886 3484 939 καὶ
3515 886 3674 955 μόνος
3690 887 4011 958 Ἀφραάτης

2430 966 2587 1019 τοῦτο
2627 968 2865 1039 δηλῶσαι
2916 974 3122 1040 σαφῶς.
3172 966 3339 1040 Οὗτος
3370 974 3478 1045 γὰρ
3506 978 3562 1028 ἐν
3592 977 3831 1046 Πέρσαις
3892 980 4012 1040 τοῖς

2433 1063 2921 1128 παρανομωτάτοις
2970 1066 3061 1118 καὶ
3114 1066 3324 1134 τεχθεὶς
3369 1068 3465 1120 καὶ
3509 1070 3773 1137 τραφεὶς,
3812 1071 3911 1122 καὶ
3943 1073 4010 1123 ἐκ

2428 1151 2685 1204 τοιούτων
2720 1155 2921 1220 γονέων
2952 1156 3280 1227 βλαστήσας,
3312 1159 3406 1211 καὶ
3435 1159 3502 1212 τὰ
3527 1160 3757 1213 ἐκείνων
3795 1162 4010 1231 νόμιμα

2430 1243 2755 1308 παιδευθεὶς,
2786 1246 2865 1308 εἰς
2898 1246 3166 1318 τοσαύτην
3231 1247 3431 1318 ῆλασεν
3487 1249 3712 1320 ἀρετὴν,
3764 1250 3843 1312 ῶς
3866 1251 4008 1302 ἁπο-

2429 1334 2631 1404 κρύψαι
2670 1336 2764 1388 καὶ
2801 1338 2926 1400 τοὺς
2955 1337 3013 1402 ἐξ
3060 1339 3299 1391 εὐσεϐῶν
3355 1339 3579 1408 φύντας,
3646 1341 3740 1392 καὶ
3793 1342 4009 1411 τροφὴν

2430 1428 2628 1498 εὐσεϐῆ
2680 1427 3006 1493 δεξαμένους
3046 1429 3318 1483 παιδόθεν.
3372 1431 3595 1501 Πρῶτον
3633 1433 3729 1501 μὲν
3766 1430 3880 1500 γάρ
3908 1432 4007 1484 τοῦ

2428 1518 2620 1586 γένους
2673 1524 3087 1591 καταφρονήσας
3138 1521 3442 1593 (ἐπίσημον
3488 1524 3543 1575 δὲ
3586 1520 3654 1593 ἦν
3703 1524 3864 1576 τοῦτο
3912 1524 4009 1575 καὶ⁵

2428 1610 2723 1681 λαμπρὸν),
2741 1615 2821 1674 είς
2846 1612 2940 1681 τὴν
2962 1612 3055 1665 τοῦ
3074 1615 3343 1667 Δεσπότου
3371 1615 3743 1684 προσκύνησιν
3772 1615 4005 1684 έδραμε,

2425 1706 2551 1764 τοὺς
2580 1704 2933 1774 προπάτορας
2993 1706 3371 1775 μιμησάμενος
3438 1707 3644 1776 μάγους
3685 1722 3697 1733 ·
3730 1700 3852 1757 εἶτα
3898 1706 4010 1757 τῶν

2428 1795 2712 1864 ὁμοφύλων
2735 1795 2832 1865 τὴν
2856 1796 3107 1849 ἀσέϐειαν
3136 1796 3548 1866 βδελυξάμενος,
3572 1799 3669 1867 τὴν
3697 1796 4011 1867 ἀλλοδαπὴν

746 1882 928 1926 autem
958 1875 1092 1930 urbs
1122 1877 1211 1930 illa
1241 1882 1481 1935 maxima
1513 1890 1566 1936 et
1595 1886 1892 1953 populosa,
1925 1887 2317 1957 religionisque

2426 1887 2523 1955 τῆς
2554 1888 2757 1950 οἰκείας
2789 1887 3087 1957 προείλετο,
3120 1890 3213 1939 καὶ
3244 1889 3340 1959 τὴν
3384 1889 3643 1941 Ἔδεσσαν
3677 1889 4010 1942 καταλαεὼν

746 1968 901 2021 cultu
940 1968 1101 2041 longe
1134 1972 1528 2041 clarissima),
1566 1976 1959 2032 domunculam
1996 1990 2150 2033 extra
2189 1996 2321 2035 mte-

750 2058 839 2110 nia
875 2069 1094 2127 nactus,
1129 2064 1182 2117 in
1222 2079 1341 2129 eam
1367 2082 1425 2120 se
1467 2068 1728 2136 inclusit,
1774 2071 1827 2123 in
1852 2074 2048 2126 anima:
2077 2090 2188 2128 suze
2226 2090 2322 2128 cu-

747 2164 862 2202 ram
910 2152 1272 2219 incumbens,
1319 2158 1627 2229 eptimique
1672 2162 1849 2217 instar
1880 2166 2137 2232 agricolae
2195 2164 2319 2221 alle-

744 2249 933 2294 ctuum
964 2245 1155 2313 spinas
1188 2248 1523 2304 exscindens
1546 2292 1558 2315 ,
1594 2260 1648 2305 et
1701 2253 2038 2307 Dominieam
2084 2266 2321 2325 segetem

745 2349 1091 2404 expurgatis,
1134 2348 1180 2390 el
1227 2342 1673 2411 evangelicornm
1720 2346 1994 2399 seminum
2038 2348 2321 2416 tempesti-

742 2443 841 2481 vos
899 2427 1133 2485 Domino
1190 2432 1405 2489 fructus
1464 2439 1722 2491 oll'ercns.
1784 2437 1913 2493 Inde
1968 2439 2318 2493 Antiochiam

742 2521 929 2583 venit,
969 2523 1226 2578 lnerctica
1261 2533 1393 2580 tunc
1424 2529 1664 2596 procella
1694 2530 2049 2585 vehementer
2091 2538 2104 2554 '
2145 2533 2319 2601 agita-

744 2624 888 2678 tam,
926 2617 1351 2686 tliversatusque
1384 2632 1510 2675 ante
1543 2624 1732 2677 urbem
1768 2626 1820 2677 in
1855 2626 2144 2695 gymnasio
2181 2641 2319 2695 quo-

740 2705 864 2757 dam
896 2707 1287 2778 philosophiae,
1322 2727 1446 2765 cum
1484 2713 1686 2769 Graecae
1721 2716 1919 2785 lingme
1950 2732 2123 2786 pauca
2154 2717 2318 2772 verba

740 2796 1067 2861 didicisset,
1130 2802 1402 2869 plurimos
1440 2807 1627 2859 statim
1671 2806 1739 2862 ad
1777 2808 1997 2864 divinos
2031 2826 2319 2866 sermones

740 2887 1050 2944 audiendos
1101 2895 1403 2962 pertraxit,
1457 2906 1509 2948 ct
1563 2898 1939 2953 semibarbara
1994 2902 2180 2972 lingua
2232 2905 2313 2955 lo-

738 2997 953 3048 quens,
984 2984 1154 3037 animi
1190 3002 1351 3041 sensa
1389 2991 1757 3058 exprimebat,
1794 3008 1857 3047 ex
1901 2992 2074 3048 divini
2124 3012 2316 3065 nempe

742 3071 982 3140 Spiritus
1038 3078 1212 3145 gratia
1273 3078 1453 3136 fontes
1512 3084 1635 3138 illos
1678 3083 1955 3140 derivans.
1994 3087 2131 3151 Quis
2165 3088 2311 3142 enim

2429 1977 2605 2044 (πόλις
2638 1978 2695 2031 δέ
2734 1977 2873 2049 αὕτη
2912 1979 3141 2051 μεγίστη
3189 1980 3280 2033 καὶ
3312 1979 3760 2050 πολυάνθρωπος,
3810 1982 3908 2031 καὶ
3941 1983 4006 2049 τῇ

2423 2070 2674 2141 εὐσεϐείᾳ
2700 2070 3065 2142 διαφερόντως
3097 2071 3571 2143 λαμπρυνομένη),
3596 2071 3701 2135 ἔξω
3720 2072 3830 2124 τῶν
3855 2088 4010 2141 περι·

2423 2163 2593 2216 σόλων
2648 2165 2870 2218 οἰκίδιον
2925 2166 3121 2237 εὑρὼν,
3165 2168 3258 2219 καὶ
3303 2166 3492 2218 ἐαυτὸν
3532 2164 3847 2232 καθείρξας,
3908 2163 4011 2229 τῆς

2422 2258 2630 2319 οἰκείας
2674 2258 2992 2327 ἐπεμελεῖτο
3019 2258 3196 2327 ψυχῆς
3222 2274 3235 2288 ⁸
3268 2252 3357 2310 οἷά
3378 2275 3460 2320 τις
3492 2256 3711 2327 ἄριστος
3756 2255 4009 2323 γεωργὸς

2425 2348 2754 2421 προρρίζους
2790 2349 2899 2401 τῶν
2932 2349 3123 2403 παθῶν
3148 2348 3249 2412 τὰς
3301 2348 3539 2409 ἀκάνθας
3571 2346 3872 2415 ἐκτέμνων,
3912 2345 4009 2397 καὶ

2422 2442 2483 2494 τὸ
2504 2440 2643 2494 θεῖον
2673 2441 2823 2511 λήϊον
2846 2440 3219 2513 ἐκκαθαίρων,
3241 2440 3475 2501 καὶτοὺς
3494 2438 3601 2490 τῶν
3626 2436 4007 2503 εύαγγελικῶν

2424 2534 2754 2603 σπερμάτων
2810 2535 3055 2603 καρποὺς
3108 2533 3351 2603 ὼρίμους
3398 2531 3477 2600 τῷ
3521 2529 3767 2601 Δεσπότῃ
3826 2544 4007 2597 προσ-

2422 2624 2625 2693 φέρων.
2667 2623 2908 2677 Ἐκεῖθεν
2946 2625 3001 2677 δὲ
3033 2622 3440 2692 καταλαμϐάνει
3502 2620 3600 2690 τὴν
3641 2618 4000 2687 Ἀντιόχειαν,

2424 2714 2529 2767 ὑπὸ
2568 2715 2666 2784 τῆς
2723 2715 3007 2785 αίρετικῆς
3067 2712 3234 2783 ζάλης
3290 2711 3541 2782 χαλεπῶς
3598 2709 4004 2779 κυκλουμένην,

2424 2806 2517 2857 καὶ
2548 2806 2653 2875 πρὸ
2682 2806 2773 2858 τοῦ
2804 2806 2991 2867 ἄστεος
3023 2805 3080 2856 ἐν
3114 2822 3219 2857 τινι
3260 2803 3551 2872 καταχθεὶς
3598 2802 4006 2873 φροντιστηρίῳ

2424 2896 2762 2965 φιλοσοφίας,
2810 2898 3035 2965 καὶτῆς
3081 2896 3330 2958 Ἑλλάδος
3380 2894 3561 2964 φωνῆς
3606 2891 3793 2963 μαθὼν
3840 2892 4008 2957 ὀλίγα

2421 2989 2557 3044 ἄττα
2588 2989 2852 3059 ῥημάτια,
2902 2985 3049 3039 εἷλκε
3086 2986 3184 3056 μὲν
3223 2988 3305 3040 ὅτι
3334 2986 3617 3047 πλείστους
3653 2987 3732 3047 είς
3759 2982 3857 3054 τὴν
3893 2983 4005 3034 τῶν

2423 3080 2582 3134 θείων
2610 3080 2806 3147 λογίων
2853 3079 3145 3148 ἀκρόασιν·
3172 3081 3237 3149 τῇ
3273 3078 3329 3131 δὲ
3360 3075 3747 3147 μιξοδαρὸάρῳ
3790 3091 4005 3143 κεχρη-

737 3180 926 3220 ιιοτυιιι
983 3171 1076 3238 qui
1134 3172 1503 3241 eloquentiam
1558 3184 1868 3241 ostentant,
1924 3187 1977 3233 et
2031 3190 2315 3235 contracto

2426 3172 2584 3242 μένος
2626 3171 2857 3243 γλώττῃ,
2886 3171 2983 3234 τὰς
3000 3171 3098 3240 τῆς
3129 3169 3365 3232 διανοίας
3414 3169 3613 3230 ὠδίνας
3666 3166 3998 3235 προέφερεν,

738 3262 1041 3328 stipercilio
1089 3274 1417 3333 arroganter
1447 3267 1771 3335 loquuntur,
1803 3278 1855 3324 et
1885 3279 2112 3340 propter
2142 3274 2312 3342 syllo-

736 3352 1039 3419 gismorum
1074 3354 1302 3424 laqueos
1328 3357 1651 3426 juvenililer
1694 3362 1995 3425 exsultant,
2034 3363 2306 3417 inerudita

736 3451 787 3493 et
821 3442 1055 3497 barbara
1089 3446 1241 3501 illius
1281 3462 1416 3501 voce
1452 3453 1705 3519 superior
1741 3450 1843 3505 fuit
1875 3452 2161 3521 unquam?
2207 3452 2313 3506 Ra-

739 3534 984 3591 tionibus
1019 3539 1163 3591 enim
1203 3540 1481 3606 rationes,
1512 3550 1566 3595 et
1609 3543 1815 3597 divinis
1860 3545 2093 3615 eloquiis
2130 3546 2312 3615 philo-

737 3627 998 3694 sophicas
1049 3630 1467 3689 dissertationes
1522 3635 1869 3701 debellabat,
1928 3653 2054 3691 cum
2115 3655 2313 3708 magno

736 3720 905 3773 I’aulo
937 3722 1215 3779 clamans:
1244 3743 1261 3775 ι
1295 3725 1411 3781 Etsi
1446 3727 1735 3798 imperitus
1766 3744 2039 3790 sermone.
2072 3733 2168 3787 sed
2202 3749 2310 3787 non

736 3812 967 3865 scientia
997 3823 1046 3873 ιι,
1080 3834 1096 3865 ι
1125 3823 1179 3868 et
1212 3816 1314 3870 hoc
1348 3818 1512 3871 modo
1567 3822 1960 3888 perseverabat
2010 3823 2171 3891 juxta
2229 3825 2312 3878 di-

734 3912 884 3957 ctum
916 3906 1163 3975 Apostoli
1195 3927 1207 3961 :
1241 3928 1258 3959 ι
1285 3909 1532 3965 Consilia
1562 3912 1951 3978 destruentes,
1999 3925 2052 3970 et
2093 3931 2309 3971 omnem

735 3997 1082 4053 altitudinem
1112 4001 1463 4057 extollentem
1494 4019 1553 4058 se
1584 4006 1853 4061 adversus
1877 4006 2165 4061 scientiam
2192 4007 2309 4071 Dei,

732 4097 785 4141 et
818 4092 871 4143 in
897 4093 1268 4160 captivitatem
1302 4094 1609 4164 redigentes
1638 4111 1854 4151 onmem
1888 4098 2225 4154 intellectum
2258 4102 2311 4154 in

733 4184 1060 4253 obsequium
1088 4184 1296 4240 Christi
1327 4196 1374 4241 ς.
1409 4206 1427 4237 ι
1458 4188 1643 4258 Itaque
1671 4192 1858 4245 videre
1889 4200 2005 4245 erat
2035 4193 2313 4248 conﬂuen-

735 4283 816 4328 tes
849 4282 903 4328 et
933 4276 1292 4346 magistratus
1322 4278 1734 4348 dignitatesque
1759 4322 1772 4344 ,
1807 4291 1861 4336 et
1898 4285 1950 4335 in
1984 4284 2167 4354 aliqua
2206 4287 2309 4338 tui-

734 4363 849 4417 litia
879 4369 1248 4433 constitutos,
1285 4377 1339 4422 et
1385 4386 1547 4423 manu
1596 4372 1702 4425 sibi
1756 4374 1961 4427 vietum
2013 4385 2304 4443 parantes,

731 4465 897 4525 atque.
927 4474 1036 4512 uno
1064 4460 1231 4513 verbo
1263 4460 1465 4515 idiotas
1495 4472 1547 4515 et
1583 4463 1818 4524 milites,
1854 4463 2049 4518 doctos
2095 4466 2306 4519 doctri-

732 4562 926 4614 naeque
982 4559 1274 4618 expertes,
1335 4552 1563 4618 penuria
1621 4552 1831 4621 1177
1885 4555 2198 4611 laborantes
2251 4566 2307 4611 et

731 4640 932 4709 opibus
982 4640 1371 4696 abundantes:
1417 4653 1583 4711 atque
1629 4647 1773 4699 alios
1818 4649 2039 4715 quidem
2088 4650 2311 4704 silentio

730 4744 852 4797 quae
896 4730 1321 4799 proferebantur
1356 4735 1583 4798 audire,
1623 4737 1761 4792 alios
1796 4748 1930 4794 vero
1967 4742 2311 4812 interrogare

730 4830 783 4874 et
842 4828 1186 4890 percontari,
1247 4827 1580 4899 dicendique
1643 4833 1931 4886 materiam
1990 4850 2306 4904 suggerere.

732 4913 967 4966 'I‘antum
1018 4931 1186 4985 porro
1237 4919 1479 4974 laborem
1532 4938 1659 4976 cum
1712 4926 2050 4989 sustineret,
2107 4926 2305 4983 adduci

733 5020 1016 5073 nunquam
1088 5010 1267 5076 potuit
1331 5018 1390 5064 ut
1437 5015 1894 5069 contubernalem
1952 5018 2304 5082 admitteret,

733 5096 827 5150 sed
858 5097 1042 5150 omnia
1084 5100 1200 5167 ipse
1234 5113 1497 5169 praestare
1535 5106 1809 5169 malebat,
1850 5124 2014 5176 quam
2070 5112 2304 5165 aliormn

735 5186 812 5238 uti
844 5188 1173 5243 ministerio.
1202 5191 1451 5261 Cumque
1481 5197 1551 5247 ad
1579 5197 1703 5248 atrii
1732 5197 1958 5265 januam
1990 5215 2114 5252 cum
2144 5202 2305 5255 adve-

732 5278 818 5333 nis
844 5278 1042 5336 ltabet‘e
1062 5282 1339 5349 colloquia
1365 5287 1597 5349 soleret,
1629 5288 1857 5356 ipsemet
1881 5291 2306 5349 adventantibus

731 5369 1040 5435 aperiebat,
1092 5374 1470 5443 abeuntesque
1513 5378 1842 5433 dimittebat.
1901 5380 2046 5436 Nihil
2095 5400 2124 5437 a
2170 5401 2306 5453 quo-

732 5476 895 5525 quam
929 5463 1143 5532 accepit
1195 5481 1473 5535 unquam,
1523 5484 1633 5522 non
1688 5487 1921 5540 panem,
1977 5490 2084 5529 non
2140 5477 2305 5531 obso-

734 5550 921 5616 nimn,
955 5568 1063 5607 non
1104 5563 1345 5621 vestem,
1401 5558 1493 5612 sed
1549 5559 1705 5615 solus
1751 5578 1896 5618 unus
1948 5564 2302 5623 Iarniliarium

732 5654 926 5712 panem
960 5644 1036 5697 illi
1076 5647 1508 5719 soppeditabat:
1548 5652 1655 5706 nisi
1693 5656 1838 5723 quod
1878 5658 1929 5712 in
1966 5674 2177 5716 summa
2214 5679 2298 5720 se-

796 5820 817 5856 ί¹
864 5818 899 5873 ll
927 5821 1051 5877 Cor.
1078 5822 1208 5886 11,6.
1314 5831 1337 5871 τι
1362 5822 1397 5878 Η
1419 5827 1542 5880 (lor.
1570 5845 1620 5893 .\,

2423 3268 2487 3317 ἐκ
2522 3265 2622 3335 τῆς
2662 3264 2757 3315 τοῦ
2818 3263 2964 3314 θείου
3021 3262 3335 3332 Πνεύματος
3394 3260 3613 3330 χάριτος
3646 3259 3715 3311 τά
3770 3256 4002 3309 τοιαῦτα

2417 3358 2703 3428 δεχόμενος
2759 3357 2994 3426 νάματα.
3054 3357 3147 3418 Τίς
3204 3355 3312 3425 γὰρ
3366 3353 3473 3406 τῶν
3541 3351 3627 3404 ἐπ’
3692 3349 4001 3418 εὐγλωττία

2420 3450 2849 3522 βρενθυομένων,
2880 3452 2973 3502 καὶ
3012 3448 3109 3511 τὰς
3149 3447 3319 3518 ὀρρῦς
3371 3444 3731 3511 συναγόντων,
3778 3442 3871 3493 καὶ
3904 3457 4000 3492 σο-

2419 3544 2600 3614 ϐαρῶς
2626 3542 3031 3611 φθεγγομένων,
3068 3540 3159 3593 καὶ
3191 3541 3281 3591 ἐπὶ
3307 3540 3428 3599 ταῖς
3462 3536 3569 3590 τῶν
3608 3532 3999 3603 συλλογισμῶν

2419 3636 2623 3703 πάγαις
2673 3634 3121 3703 νεανιευομένων,
3152 3634 3250 3702 τῆς
3287 3630 3615 3683 ἀπαιδεύτου
3658 3627 3754 3680 καὶ
3786 3626 3998 3694 βαρϐά-

2422 3747 2516 3801 ρου
2553 3730 2736 3800 φωνῆς
2772 3728 2988 3797 ἐκείνης
3014 3726 3368 3797 περιεγένετο
3414 3722 3631 3774 πώποτε
3658 3739 3671 3786 ;
3699 3721 4000 3788 Λογισμοίς

2424 3822 2522 3892 μὲν
2546 3821 2654 3891 γάρ
2686 3820 3005 3890 λογισμοὺς,
3040 3819 3206 3879 θείοις
3240 3817 3298 3869 δέ
3322 3816 3523 3883 λογίοις
3555 3814 3678 3874 τοὺς
3707 3811 3817 3863 τῶν
3845 3810 4001 3879 φιλο-

2420 3915 2599 3982 σόφων
2616 3911 3018 3983 κατηγωνίζετο
3029 3910 3237 3978 λόγους,
3258 3909 3393 3978 μετὰ
3410 3906 3502 3959 τοῦ
3527 3905 3760 3975 μεγάλου
3778 3902 3999 3956 Παύλου

2346 4004 2351 4009 ’
2420 4006 2557 4075 βοῶν
2576 4022 2588 4033 ·
2627 4025 2645 4057 ι
2667 4006 2729 4059 Et
2750 4004 2842 4058 καὶ
2872 4002 3088 4072 ίδιῶτης
3109 4000 3187 4071 τῷ
3214 4001 3379 4069 λόγῳ,
3411 3998 3524 4051 ἀλλ’
3551 3998 3610 4048 οὐ
3632 3998 3696 4064 τῇ
3721 3994 3948 4062 γνώσει.
3975 4013 3994 4043 ι

2341 4495 2385 4550 D

2420 4097 2531 4150 Καὶ
2561 4096 2747 4149 τοῦτον
2780 4096 2869 4150 ἀεὶ
2909 4093 3137 4147 διετέλει
3172 4092 3263 4144 τὸν
3296 4090 3499 4160 τρόπον
3560 4087 3703 4140 κατὰ
3726 4087 3827 4154 τὴν
3862 4085 3999 4136 ἁπο-

2422 4186 2673 4257 στολικὴν
2715 4191 2896 4255 φωνήν
2926 4203 2937 4215 ·
2995 4204 3012 4235 ι
3051 4184 3360 4254 Λογισμοὺς
3420 4177 3840 4249 καθαιροῦντες,
3904 4176 3999 4274 καλ

2419 4282 2528 4333 πᾶν
2575 4279 2774 4349 ῧψωμα
2847 4276 3206 4348 ἐπαιρόμενον
3256 4272 3398 4328 κατὰ
3453 4274 3551 4341 τῆς
3601 4268 3858 4336 γνώσεως
3900 4268 3997 4317 τοῦ

2416 4372 2576 4436 Θεοῦ,
2629 4372 2725 4424 καὶ
2776 4368 3270 4439 αἰχμαλωτίζοντες
3318 4367 3425 4418 πᾶν
3455 4365 3637 4433 νόημα
3658 4363 3737 4423 είς
3763 4360 3863 4429 τὴν
3894 4360 3995 4411 ὑπ-

2417 4464 2587 4533 ακοὴν
2609 4463 2705 4515 τοῦ
2758 4460 3017 4532 Χριστοῦ.
3079 4459 3188 4511 Καὶ
3226 4456 3297 4527 ἦν
3328 4458 3453 4509 ἰδεῖν
3505 4453 3847 4513 συνθέοντας.
3900 4452 3998 4504 καὶ

2417 4556 2543 4618 τοὺς
2570 4557 2629 4607 ἐν
2662 4553 2805 4605 τέλει
2850 4552 2941 4603 καὶ
2981 4548 3271 4620 ἀξιώματι,
3325 4549 3415 4601 καὶ
3454 4547 3578 4609 τοῦς
3607 4545 3661 4596 ἔν
3693 4562 3798 4597 τινι
3828 4561 3997 4614 στρα-

2416 4646 2536 4716 τείᾳ
2591 4643 2978 4711 τεταγμένους,
3020 4641 3113 4695 καὶ
3167 4640 3294 4701 τοῦς
3346 4634 3860 4707 ἁποχειροϐιώτους,
3903 4636 3998 4688 καὶ

2417 4736 2750 4802 ἁπαξαπλῶς
2775 4735 2988 4796 ἰδιώτας
3021 4750 3079 4785 τε
3115 4733 3208 4785 καὶ
3237 4730 3597 4801 στρατιώτας,
3622 4728 3997 4795 πεπαιδευμέ-

2414 4845 2538 4890 νους
2592 4827 2686 4880 καὶ
2752 4826 2927 4893 λόγων
2991 4824 3311 4894 ἀμυήτους,
3371 4821 3527 4890 πενίᾳ
3570 4817 3852 4881 συζῶντας
3906 4821 3998 4875 καὶ

2417 4920 2629 4985 πλούτῳ
2674 4919 2976 4989 κομῶντας,
3010 4915 3255 4976 καὶτοὺς
3288 4914 3387 4983 μὲν
3430 4915 3554 4982 σιγῇ
3580 4911 3907 4980 δεχομένους
3929 4910 3999 4962 τὰ

2415 5014 2855 5086 προσφερομένα,
2910 5011 3037 5073 τοὺς
3064 5010 3120 5063 δέ
3149 5012 3243 5062 καὶ
3274 5006 3614 5079 ἐρωτῶντας,
3654 5007 3748 5058 καὶ
3785 5005 3995 5058 πυνθαο

2411 5107 2688 5175 νομένους,
2720 5104 2813 5157 καὶ
2843 5102 3098 5173 ἀφορμὰς
3120 5100 3197 5168 τῷ
3227 5101 3369 5170 λόγῳ
3401 5098 3757 5167 παρέχοντας.
3789 5096 3998 5149 Τοσοῦ-

2410 5216 2500 5250 τον
2547 5198 2602 5250 δὲ
2652 5195 3071 5265 ἀναδεδεγμένος
3120 5193 3311 5255 πόνον,
3371 5191 3614 5244 σύνοικον
3670 5189 3859 5242 λαϐεῖν
3894 5190 3997 5242 οῦκ

2412 5291 2668 5359 ἠνέσχετο
2730 5288 2969 5349 πώποτε,
3017 5286 3152 5339 ἀλλὰ
3191 5288 3287 5356 τὴν
3341 5282 3673 5353 αὐτουργίαν
3714 5282 3813 5351 τῆς
3862 5283 3995 5353 παρ’

2412 5385 2616 5455 ἐτέρων
2646 5382 2795 5451 αύτῷ
2822 5380 3271 5452 προσφερομένης
3329 5377 3622 5447 θεραπείας
3668 5375 3994 5445 προεθιετω

2412 5478 2506 5530 καὶ
2537 5478 2688 5543 παρὰ
2717 5476 2815 5546 τὴν
2851 5471 3113 5543 αὖλ[ε]ιον
3141 5470 3310 5539 θύραν
3335 5468 3429 5530 τὰς
3478 5468 3763 5527 συνουσίας
3800 5465 3995 5519 ποιού-

2417 5588 2599 5643 μενος,
2640 5569 2801 5633 αὐτὸς
2834 5567 3075 5637 ἀνεῴγνυ
3107 5566 3218 5626 τοῖς
3272 5560 3534 5627 εἰσιοῦσι,
3583 5559 3679 5612 καὶ
3726 5560 3993 5625 ἀπιόντας

2415 5666 2793 5738 προύπεμπεν.
2835 5658 3081 5725 Ἑδέξατο
3111 5658 3166 5712 δέ
3199 5657 3350 5727 παρά
3378 5671 3521 5718 τινος
3552 5653 3707 5709 οὐδὲν
3745 5650 4005 5717 πώποτε,
