4206 6456
216 382 353 452 1369

1429 397 1654 457 RELIG
1664 398 1835 458 IOSA
1871 400 2255 467 HISTORIA.

3326 411 3465 477 1370

211 500 311 552 οὐκ
347 501 530 570 ἄρτον,
580 500 679 553 οὐκ
718 499 880 567 ὄψον,
930 501 1025 569 οὐχ
1090 501 1324 568 ἱμάτιον,
1366 501 1479 553 ἀλλ’
1515 497 1593 566 εἷς
1642 502 1791 573 αύτῴ

1897 518 2117 564 nectute
2145 512 2296 565 olera
2333 512 2498 566 etiam
2538 521 2662 582 post
2697 513 2830 570 solis
2877 530 3138 572 occasum
3187 519 3461 575 adhibuit.

214 594 382 661 μόνος
411 594 519 646 τῶν
546 594 837 663 γνωρίμων
870 594 1124 665 ἐχορήγει
1150 594 1239 645 τὸν
1274 593 1457 663 ἄρτον·
1496 595 1574 657 είς
1603 594 1660 647 δὲ
1690 595 1791 663 γῆ-

214 698 315 749 ρας
343 682 542 745 ἐλάσας
590 682 747 751 βαθὺ.
785 683 878 734 καὶ
920 682 1157 749 λαχάνου
1187 685 1323 751 μετα
1377 682 1526 753 ἡλίου
1580 682 1791 751 δυσμάς

217 772 622 841 μετελάμϐανε.
679 773 816 824 Φασὶ
864 771 921 824 δὲ
972 770 1272 840 Ἀνοέμιον,
1306 770 1364 833 ὃς
1405 771 1497 823 καὶ
1548 770 1790 841 ὕπαρχος

210 865 267 923 ἐς
300 861 528 931 ὕστερον
571 862 835 929 ἐγεγόνει,
862 864 955 913 καὶ
983 860 1206 924 ὕπατος,
1236 861 1396 930 ἡνίκα
1450 860 1791 931 πρεσϐευτὴς

209 952 609 1022 χειροτονηθεὶς
635 952 731 1022 τὴν
754 956 831 1014 εἰς
855 950 1063 1021 Πέρσας
1091 950 1398 1020 ἀποδημίαν
1421 950 1789 1014 ἀνεστείλατο,

209 1044 415 1111 χιτῶνα
440 1043 588 1112 αὐτῷ
616 1044 839 1113 κομίσαι
872 1044 1021 1112 παρα
1061 1043 1295 1113 Πέρσαις
1330 1042 1664 1111 ὑφασμένον,
1695 1041 1789 1094 καὶ

210 1136 408 1198 εἰπεῖν,
441 1136 522 1186 ὅτι
558 1153 574 1184 t
614 1131 683 1187 ⁷Ω
720 1134 922 1205 Πάτερ,
964 1132 1117 1196 εἰδὼς
1153 1133 1365 1202 ἑκάστῳ
1416 1133 1523 1184 τῶν
1583 1131 1792 1201 ἀνθρώ-

216 1244 336 1277 πων
366 1224 464 1297 τὴν
524 1225 730 1279 οἰκείαν
798 1226 1030 1295 πατρίδα
1102 1226 1374 1293 γλυκεῖαν,
1408 1225 1648 1286 καὶτοὺς
1677 1225 1793 1277 ἐκεῖ

212 1317 517 1385 φυομένους
568 1317 813 1385 ἠδίστους
872 1317 1138 1385 καρποὺς,
1164 1318 1226 1368 ἐκ
1259 1315 1356 1384 τῆς
1407 1316 1663 1385 πατρίδος
1709 1332 1790 1369 σοι

210 1404 401 1456 τοῦτον
458 1407 729 1473 κεκόμικα
754 1405 843 1456 τὸν
891 1405 1113 1473 χιτῶνα,
1178 1404 1269 1455 καὶ
1329 1404 1555 1456 ἱκετεύω
1598 1420 1657 1456 σε
1695 1405 1792 1473 μὲν

208 1495 403 1547 τοῦτον
429 1496 634 1556 λαϐεῖν,
671 1497 768 1566 ἐμὲ
794 1497 850 1549 δὲ
883 1499 979 1564 τὴν
1006 1496 1102 1565 σὴν
1132 1494 1380 1562 εὐλογίαν
1410 1494 1737 1549 ἀντιλαϐεῖν.
1766 1514 1784 1547 ι

223 1587 282 1639 ὐ
304 1589 357 1640 δὲ
392 1588 607 1657 πρῶτον
636 1588 735 1656 μὲν
778 1587 963 1639 τοῦτον
988 1588 1045 1638 ἐν
1076 1585 1153 1656 τῷ
1181 1587 1366 1656 βάθρῳ
1424 1586 1593 1640 Οεῖναι
1624 1604 1791 1657 προσ-

210 1678 403 1741 έταξεν
432 1697 443 1708 ·
476 1674 592 1729 εἶτα
630 1678 801 1744 λόγων
824 1678 1026 1747 ἑτέρων
1060 1678 1263 1747 μεταξὺ
1300 1680 1624 1746 γενομένων,
1661 1679 1792 1731 ἀθυε

212 1773 335 1837 μεῖν
372 1769 523 1835 ἔλεγε
553 1767 675 1837 διχῆ
714 1770 1069 1838 μεριζομένου
1096 1768 1189 1820 τοῦ
1216 1769 1497 1838 λογισμοῦ.
1550 1769 1789 1822 Ἐκείνου

1894 601 2249 656 Anthemium
2286 614 2468 659 autem
2505 603 2727 665 ferunt,
2767 605 2920 659 illum
2954 607 3047 676 qui
3091 617 3279 676 postea
3329 625 3467 680 prae.

1897 691 2071 746 lectus
2100 703 2153 747 et
2182 694 2375 748 consul
2404 693 2507 747 fuit
2528 733 2542 756 ,
2572 709 2697 749 cum
2726 710 2788 748 ex
2818 693 3039 751 Persica
3070 698 3344 767 legatione
3376 714 3469 753 re—

1894 781 2070 849 diret,
2110 784 2353 838 tunicam
2388 785 2531 853 apud
2580 785 2780 841 Ροτειιε
2817 794 3128 841 contextam
3176 790 3257 843 illi
3307 798 3456 843 attu-

1895 874 2045 939 lisse,
2081 876 2427 946 dixisseque:
2461 894 2479 927 ι
2512 875 2739 942 Sciens,
2779 884 2964 948 pater,
3003 879 3209 935 homini
3257 884 3460 949 cuique

1894 965 2110 1020 dulcem
2140 982 2264 1022 esse
2300 969 2531 1037 patriam
2561 982 2753 1031 suam,
2777 969 3328 1040 jucundissimosque
3358 972 3468 1027 fru-

1893 1063 2017 1110 ctus
2044 1058 2135 1125 qui
2171 1057 2225 1110 in
2261 1072 2322 1111 ea
2366 1064 2699 1120 nascuntur,
2742 1073 2805 1112 ex
2852 1061 3033 1128 patria
3080 1070 3175 1115 tua
3225 1063 3466 1116 tunicam

1895 1147 2036 1202 hanc
2070 1148 2233 1201 attuli
2268 1148 2365 1200 tibi
2396 1168 2408 1201 :
2446 1163 2609 1217 quam
2644 1162 2744 1202 oro
2776 1161 2834 1202 ut
2866 1150 3105 1217 accipias
3127 1188 3144 1212 ,
3178 1159 3236 1205 et
3276 1166 3361 1206 me
3391 1152 3470 1205 vi-

1893 1236 2080 1290 cissim
2112 1236 2494 1291 benedictione
2525 1245 2617 1291 tua
2648 1237 2956 1306 impertias.
2988 1257 3005 1289 ι
3039 1237 3133 1293 llle
3162 1254 3294 1295 vero
3325 1240 3470 1294 hanc

1894 1327 2129 1395 primum
2167 1326 2221 1380 in
2253 1326 2519 1380 subsellio
2548 1330 2565 1349 '
2595 1326 2875 1395 deposuit.
2908 1327 3120 1383 Deinde
3148 1327 3292 1385 inter
3323 1329 3466 1384 alios

1892 1431 2177 1472 sermones
2200 1456 2214 1481 ,
2252 1418 2376 1489 angi
2413 1433 2473 1473 se
2507 1425 2562 1472 et
2594 1419 2823 1488 ancipiti
2860 1419 3200 1490 cogitatione
3237 1420 3468 1475 distrahi

1892 1508 2051 1561 dixit.
2087 1506 2149 1559 Et
2199 1507 2293 1560 illo
2340 1522 2565 1563 causam
2617 1518 2883 1577 rogante:
2918 1527 2937 1561 ι
2968 1509 3467 1575 Contubernalem,

1893 1595 2096 1664 inquit,
2127 1595 2349 1649 unicum
2384 1612 2601 1665 semper
2633 1596 2836 1652 habere
2862 1598 3155 1663 constitui,
3185 1598 3472 1668 legemque

1894 1686 2023 1739 mihi
2062 1686 2178 1756 ipse
2216 1687 2450 1756 imposui
2476 1730 2491 1750 ,
2524 1700 2583 1741 ut
2637 1688 2877 1743 duorum
2931 1703 3164 1759 prorsus
3208 1703 3470 1758 respuam

1894 1779 2339 1832 contubernium.
2376 1777 2627 1833 Sedecini
2665 1780 2830 1849 igitur
2874 1795 3052 1835 annos
3096 1794 3206 1834 uno
3255 1792 3471 1833 mecum

208 1863 267 1914 δὲ
313 1862 413 1932 τὴν
462 1863 640 1914 αἰτίαν
702 1861 1024 1929 πυθομένου,
1067 1879 1086 1911 ι
1131 1862 1303 1926 Ἕνα,
1364 1862 1488 1931 ἔφη,
1548 1862 1791 1914 σύνοικον

1897 1873 2160 1926 hactenus
2190 1872 2504 1937 habitante,
2534 1886 2712 1941 eoque
2743 1873 2875 1927 mihi
2907 1873 3232 1943 gratissimo
3252 1912 3268 1938 ,
3299 1885 3473 1941 popu-

206 1955 354 2024 εχειν
417 1954 635 2022 εἱλόμην
676 1953 781 2013 ἀεὶ,
834 1952 926 2005 καὶ
962 1954 1125 2022 νόμον
1178 1952 1398 2022 ἐμαυτῷ
1448 1952 1791 2005 τέυεικατῶν

206 2047 304 2100 δύο
362 2046 596 2114 πάμπαν
659 2044 959 2115 ἀρνηθῆναι
987 2044 1047 2096 τὸ
1082 2043 1432 2096 συνοικέσιον.
1468 2043 1791 2096 Ἰςκκαίδεκα

1386 2153 1477 2188 και
1515 2135 1791 2205 Ουμήρους

205 2230 385 2291 ιντος,
443 2227 675 2296 ἀφίκετό
709 2244 788 2289 τις
823 2226 1056 2296 φυλέτης
1096 2229 1236 2294 ἐμοὶ.
1296 2229 1557 2279 συνοικεῖν
1599 2226 1788 2290 Θέλων,

208 2324 301 2373 καὶ
358 2321 549 2372 τούτου
613 2321 790 2387 τυχεῖν
830 2316 1017 2381 ἀξιῶν.
1072 2317 1240 2369 Τοῦτό
1300 2335 1387 2386 μοι
1446 2318 1653 2387 μερίζει
1702 2318 1792 2370 τὸν

206 2413 333 2466 νοίν
369 2432 382 2442 ·
419 2412 511 2464 δύο
540 2411 639 2480 μὲν
666 2410 773 2479 γὰρ
802 2411 944 2478 ἔχειν
970 2411 1107 2462 κατα
1132 2411 1329 2461 ταυτὸν
1361 2410 1460 2462 οὐκ
1487 2409 1744 2479 ἀνέξομαι
1773 2426 1785 2437 ·

205 2505 419 2571 τονγάρ
443 2503 674 2572 φυλέτην
691 2503 763 2565 ὡς
786 2501 1020 2571 φυλέτην
1040 2502 1378 2570 ἀσπάζομαι·
1400 2501 1491 2553 τον
1521 2502 1575 2554 δὲ
1598 2502 1791 2571 πρότε-

210 2611 301 2662 ρον
321 2596 398 2655 ὡς
427 2591 759 2661 καταθύμιόν
777 2608 862 2655 μοι
877 2591 1237 2658 γεγενημένον
1261 2590 1508 2643 ἐκϐαλεῖν
1527 2592 1617 2643 καὶ
1642 2594 1792 2644 ἀνια-

211 2681 301 2750 ρὸν
331 2680 570 2749 ἡγοῦμαι
593 2679 687 2732 καὶ
716 2679 914 2732 ἄδικον.
943 2697 960 2728 ι
1009 2678 1065 2729 ὐ
1097 2678 1172 2741 δὲ,
1220 2697 1235 2728 t
1262 2679 1497 2742 Εἰκότως
1522 2718 1537 2743 θ
1567 2682 1667 2750 ἔφη
1690 2722 1703 2744 ν
1748 2675 1792 2735 ὦ

210 2772 417 2841 Πάτερ
446 2770 566 2823 οὐδὲ
602 2769 708 2840 γάρ
732 2771 895 2828 ὅσιον,
924 2769 1012 2821 τον
1047 2770 1142 2837 μὲν
1178 2769 1526 2822 ὲπιπλεῖστον
1564 2771 1791 2841 τεθερα-

208 2864 457 2917 πευκότα
491 2862 700 2932 χρόνον,
742 2860 816 2923 ὡς
865 2861 965 2912 οὐκ
1007 2859 1310 2928 ἐπιτήδειον
1339 2861 1791 2931 ἀποπέμψασθαι,

206 2957 299 3008 τὸν
327 2956 385 3009 δὲ
412 2955 625 3008 οὐδέπω
653 2956 847 3018 πεῖραν
873 2952 981 3005 τῶν
1002 2953 1219 3007 οίκείων
1277 2952 1547 3007 δεδωκότα
1576 2956 1792 3024 τρόπων

207 3050 296 3101 διὰ
331 3048 499 3118 μόνην
531 3046 869 3112 εἰσδέξασθαι
912 3045 1010 3115 τὴν
1057 3046 1312 3115 πατρίδα.
1342 3066 1358 3096 ι
1397 3047 1537 3117 Πρὸς
1571 3047 1742 3101 ταῦτα
1764 3052 1792 3103 δ

209 3142 351 3203 θεῖος
392 3141 729 3210 Ἀ’ςραάτης,
768 3156 786 3188 t
812 3137 1043 3197 Οὐκοῦν,
1103 3138 1228 3206 ἔψη,
1265 3131 1308 3190 ὦ
1360 3139 1654 3209 θαυμάσιε,
1701 3141 1791 3194 τὸν

209 3234 414 3302 χιτῶνα
432 3232 619 3285 τοῦτον
646 3232 707 3283 οὐ
739 3230 982 3301 λήψομαι
1015 3247 1025 3256 ·
1054 3229 1146 3281 δύο
1200 3229 1297 3299 μὲν
1362 3230 1467 3298 γάρ
1525 3231 1668 3299 ἔχειν
1694 3233 1793 3284 οὐκ

208 3323 509 3391 ἀνέξομαιο
562 3322 728 3391 ἡδίων
760 3320 816 3373 δὲ
847 3319 987 3371 κατά
1048 3319 1139 3388 τὴν
1182 3321 1344 3390 ἐμὴν.
1394 3323 1486 3372 καὶ
1535 3322 1792 3391 κρείττων

208 3414 353 3466 κατα
384 3413 479 3483 τὴν
505 3412 603 3483 σὴν
622 3412 800 3482 ψῆφον
835 3413 860 3463 ὁ
890 3410 1146 3463 τοσοῦτόν
1180 3429 1267 3480 μοι
1316 3411 1636 3479 sumam;
1667 3414 1791 3481 χρό-

209 3522 318 3554 νον.
356 3525 373 3553 ι
434 3502 591 3554 Uitta
643 3501 1152 3569 κατασοφισάμενος
1201 3501 1290 3552 τὸν
1338 3502 1644 3569 Ἀνῦέμιον,
1703 3505 1794 3557 καὶ

204 2138 387 2190 τοίνυν
429 2138 519 2207 ἔτη
572 2138 661 2205 μοί
702 2154 841 2197 τινος
893 2136 1342 2205 συνοικήσαντος,

210 3596 398 3665 θαῦμα
423 3596 518 3662 τῆς
554 3595 832 3664 ἀγχινοίας
895 3594 1281 3663 παρεσχηκὼς,
1335 3593 1516 3646 ἔπεισε
1587 3595 1790 3667 μηδένα

210 3689 399 3740 λοιπον
432 3685 579 3754 αὖτῷ
619 3687 744 3755 περὶ
780 3686 869 3737 τοῦ
902 3685 1126 3755 χιτῶνος
1170 3687 1374 3737 ἐκείνου
1416 3687 1569 3753 λόγον
1626 3704 1790 3758 προσ-

210 3782 473 3848 ενεγκεῖν.
522 3779 661 3845 ’ίίδίὼ
690 3779 745 3831 δὲ
775 3778 946 3830 ταῦτα
986 3777 1279 3845 διεξῆλθον.
1307 3778 1396 3829 δύο
1428 3778 1566 3831 κατὰ
1598 3781 1792 3832 ταυτὸν

211 3871 476 3934 ἐπιδεῖξαι
510 3869 851 3938 βουλόμενος,
883 3870 976 3922 καί
1000 3870 1080 3921 δτι
1118 3870 1248 3939 παρ’
1294 3871 1408 3933 ἑνὸς
1454 3872 1665 3942 ἐδέχετο
1699 3873 1792 3943 μο-

210 3980 303 4014 νου
347 3961 447 4030 τὴν
485 3960 811 4029 ἀποχρῶσαν
841 3961 916 4029 τῷ
942 3958 1154 4030 σώματι
1214 3960 1531 4027 θεραπείαν,
1583 3964 1677 4017 καὶ
1709 3965 1788 4016 ὅτι

211 4052 484 4122 τοσαύτης
528 4048 593 4122 ἦν
643 4052 835 4119 σοφίας
891 4052 1208 4115 ἀνάπλεως,
1251 4053 1324 4114 ὡς
1374 4055 1786 4124 παρασκευάσαι

1820 3182 1862 3238 C

1897 1962 2030 2016 laris
2059 1978 2213 2016 meus
2244 1963 2379 2017 alter
2407 1961 2661 2026 advenit,
2692 1963 2785 2033 qui
2817 1963 2981 2018 simul
3009 1964 3259 2019 habitare
3285 1963 3470 2031 cupit,

1894 2061 1949 2107 et
1982 2053 2085 2106 hoc
2119 2052 2225 2107 sibi
2245 2052 2471 2107 concedi
2502 2060 2677 2123 regat.
2706 2053 2781 2107 Ea
2810 2069 2899 2109 res
2932 2063 3168 2109 mentem
3196 2054 3329 2107 mihi
3358 2053 3472 2108 dis-

1895 2142 2065 2197 trahit
2109 2160 2121 2195 :
2170 2146 2311 2196 duos
2337 2144 2482 2196 enim
2516 2143 2678 2197 simul
2711 2143 2914 2199 habere
2938 2159 3048 2198 non
3076 2142 3271 2213 patiar.
3302 2141 3473 2209 Pepu-

1896 2235 2065 2289 larem
2119 2248 2250 2287 sane
2305 2242 2363 2287 ut
2418 2234 2738 2303 popularem
2792 2235 3175 2304 complector:
3230 2236 3472 2302 priorem

1899 2342 2026 2381 vero
2051 2365 2065 2388 ,
2101 2337 2158 2379 ut
2192 2327 2283 2395 qui
2318 2326 2472 2381 cordi
2506 2327 2640 2381 mihi
2676 2328 2892 2398 n78
2927 2327 3128 2391 fuerit,
3160 2328 3470 2397 expellere.

1894 2426 1948 2473 et
1977 2433 2139 2488 grave
2170 2417 2415 2472 arbitror
2445 2426 2497 2472 et
2532 2418 2822 2489 injustum.
2853 2437 2873 2471 ι
2903 2418 3058 2474 Tunc
3090 2419 3217 2474 ille:
3251 2435 3270 2469 ι
3306 2418 3474 2473 Meri-

1895 2517 1986 2575 to,
2020 2510 2130 2575 ait,
2162 2525 2195 2564 o
2234 2518 2390 2579 pater
2420 2527 2434 2564 :
2468 2524 2570 2564 nec
2603 2510 2749 2565 enim
2788 2510 2873 2566 l‘as
2906 2521 3015 2573 est,
3052 2510 3207 2566 illum
3243 2511 3336 2579 qui
3372 2508 3475 2562 tibi

1893 2601 2156 2655 diuturno
2184 2609 2430 2671 tempore
2457 2600 2757 2657 famulatus
2784 2601 2891 2664 sit,
2925 2609 3189 2671 tanquam
3227 2602 3475 2670 ineptum

1895 2693 2191 2748 amandare
2211 2734 2226 2759 ,
2258 2708 2383 2747 eum
2415 2706 2543 2747 vero
2573 2692 2665 2761 qui
2696 2707 2911 2747 morum
2941 2706 3165 2747 suorum
3196 2690 3475 2759 specimen

1896 2786 2140 2839 nondum
2178 2784 2428 2847 dederit,
2459 2784 2631 2838 solius
2665 2785 2856 2854 patria:
2880 2784 3102 2839 nomine
3128 2782 3471 2837 admittere.»

1895 2876 1975 2930 Ad
2009 2877 2123 2931 haec
2160 2889 2295 2930 vero
2344 2874 2569 2929 divinus
2599 2874 2909 2944 Aphraates
2946 2893 2958 2929 :
2993 2894 3010 2926 ι
3047 2874 3312 2929 Tunicam
3346 2887 3477 2942 ergo

1898 2968 2095 3031 istam,
2125 2967 2207 3020 vir
2242 2981 2436 3036 magne
2457 3006 2472 3031 ,
2508 2982 2617 3021 non
2650 2966 2938 3036 accipiam.
2974 2964 3119 3020 Duas
3151 2978 3387 3034 namque
3419 2972 3480 3018 ut

1895 3059 2124 3115 habeam
2157 3058 2303 3113 ferre
2337 3074 2444 3113 non
2483 3073 2737 3129 possum.
2770 3058 2871 3113 Est
2918 3073 3047 3113 vero
3095 3072 3214 3111 mea
3255 3054 3476 3125 quidem

1896 3149 2165 3205 sententia
2219 3152 2450 3220 gratior,
2501 3164 2564 3203 ac
2614 3157 2711 3202 tua
2762 3150 2927 3204 etiam
2961 3150 3143 3219 potior
3190 3148 3313 3210 illa,
3356 3162 3479 3216 qua:

1898 3242 2063 3309 longo
2091 3240 2225 3293 mihi
2258 3249 2509 3310 tempore
2556 3240 2830 3296 inserviit.
2868 3259 2885 3292 ι
2933 3240 3069 3295 Cum
3120 3238 3477 3293 Anthemium

1898 3334 2000 3386 hac
2033 3333 2247 3402 argutia
2280 3334 2691 3397 conclusisset,
2731 3333 3083 3402 solertiaeque
3130 3346 3245 3386 suae
3283 3332 3335 3383 in
3381 3330 3478 3383 ad-

1898 3425 2245 3478 mirationem
2298 3424 2629 3487 excitasset,
2682 3438 2749 3478 eo
2803 3424 3015 3493 adegit,
3072 3431 3131 3476 ut
3175 3422 3242 3476 de
3291 3421 3477 3475 tunica

1896 3514 2125 3568 verbum
2173 3516 2416 3584 amplius
2467 3516 2678 3569 nullum
2735 3515 2960 3571 faceret.
3014 3514 3127 3584 Ego
3178 3528 3313 3568 vero
3364 3512 3480 3567 hac

1901 3606 2023 3660 ideo
2056 3606 2519 3673 commemoravi,
2556 3607 2664 3661 duo
2699 3615 2756 3660 ut
2787 3607 2976 3661 eadem
3011 3620 3181 3676 opera
3215 3606 3476 3659 ostende.

1899 3712 2013 3751 rem
2044 3717 2056 3750 :
2090 3698 2238 3766 quod
2273 3698 2438 3751 unius
2468 3705 2678 3751 tantum
2707 3712 2872 3767 opera
2904 3698 2957 3751 in
3004 3696 3320 3752 necessario
3351 3710 3479 3750 cor-

1899 3788 2048 3855 poris
2079 3788 2345 3859 obscquio
2378 3806 2513 3845 usus
2548 3791 2652 3855 sit,
2683 3789 2943 3858 quodque
2975 3803 3039 3843 ea
3071 3789 3337 3858 pi'aiditus
3386 3801 3478 3840 sa-

1897 3877 2103 3948 pientia
2137 3876 2305 3933 fuerit
2328 3920 2343 3946 ,
2380 3890 2439 3933 ut
2474 3895 2600 3933 eum
2632 3880 2725 3950 qui
2784 3878 3013 3949 rogabat
3063 3890 3122 3932 ut
3173 3879 3477 3946 acciperet,

1898 3983 1965 4022 ne
1997 3971 2270 4038 acciperet
2299 3970 2572 4024 sententia
2625 3984 2725 4024 sua
2763 3968 2997 4024 delinire
3046 3968 3312 4039 coegerit.
3371 3964 3478 4021 Sed

1899 4060 1984 4115 his
2015 4063 2256 4124 omissis,
2288 4062 2494 4130 majora
2522 4070 2849 4116 narraturus
2872 4077 3017 4116 sum.
3532 4056 3539 4063 ’

212 4145 640 4199 τὸνίκετεύοντα
667 4145 921 4209 δέξασθαι
954 4145 1376 4215 ψηφίσασθαιτο
1407 4148 1478 4218 μὴ
1543 4148 1821 4215 δέξασθαι.
1874 4152 2032 4206 Ἀλλά
2086 4155 2151 4208 τὰ
2216 4153 2440 4208 τοιαῦτα
2494 4155 2830 4218 καταλιπὼν,
2878 4153 2949 4206 τὰ
3005 4153 3227 4225 μείζονα
3282 4149 3480 4221 διηγή-

216 4258 401 4309 caput.

297 4333 585 4386 Ἰουλιανοῧ
610 4332 701 4385 τοῦ
727 4333 1018 4403 Θεομισοῦς
1043 4334 1197 4397 δίκας
1222 4335 1318 4402 τῆς
1355 4336 1605 4399 ἀσεϐείας
1640 4341 1692 4390 ἐν
1724 4343 1787 4409 τῇ

217 4426 479 4495 βαρϐάρῳ
505 4425 814 4488 δεδωκότος,
855 4425 1039 4493 ὀλίγης
1074 4427 1169 4495 μὲν
1206 4428 1445 4498 γαλήνης
1474 4430 1790 4497 ἀπήλαυσαν

1972 4339 2265 4408 Postquam
2303 4341 2413 4395 Deo
2474 4339 2689 4394 invisus
2724 4338 2976 4393 Julianus
3013 4336 3312 4408 impietatis
3366 4352 3482 4393 sua

1902 4434 1953 4487 in
1987 4434 2103 4487 solo
2138 4433 2428 4487 barbarico
2462 4446 2653 4503 pmnas
2684 4432 2856 4495 dedit,
2901 4431 3323 4500 tranquilliores
3372 4430 3479 4483 ali-

214 4521 313 4588 ’.ἧς
334 4518 614 4580 εύσ;6είας
647 4520 694 4570 οἱ
724 4518 997 4587 τρόφιμοι,
1042 4517 1312 4570 Ἰωϐιανοῦ
1358 4520 1464 4587 τῆς
1508 4521 1791 4589 Ῥωμαίων

1898 4523 2118 4595 quando
2172 4525 2398 4592 pietatis
2452 4525 2803 4579 alumnorutn
2870 4538 2959 4578 res
3022 4523 3192 4587 l‘uere,
3246 4520 3485 4576 Joviano

216 4608 515 4678 ἡγεμονίας
571 4608 871 4677 δεξαμένου
921 4610 1046 4670 τοὺς
1081 4609 1289 4671 οἴακας.
1343 4610 1559 4675 Ἐπειδὴ
1598 4611 1653 4663 δὲ
1702 4614 1795 4665 καὶ

212 4700 369 4764 οὗτος
403 4701 608 4771 βραχὺν
641 4701 834 4769 κομιδῇ
872 4701 1195 4769 βασιλεύσας
1229 4702 1420 4770 χρόνον
1464 4703 1556 4755 τοῦ
1594 4702 1708 4771 βίου
1735 4704 1795 4755 τὸ

214 4796 391 4864 ’πέρας
429 4792 678 4858 ἐδέξατο,
717 4791 930 4864 Οὐάλης
977 4792 1031 4845 δὲ
1062 4793 1158 4861 τῆς
1192 4794 1303 4845 Ἕω
1350 4794 1446 4864 τὴν
1499 4796 1793 4863 ἡγεμονίαν

214 4885 456 4950 ἐδέξατο,
493 4884 797 4951 καταιγίδες
839 4886 995 4941 πάλιν
1030 4885 1120 4937 καὶ
1155 4885 1370 4937 θύελλαι
1403 4887 1462 4937 τὸ
1496 4886 1615 4940 καθ’
1649 4888 1795 4956 ἡμᾶς

216 4976 566 5046 ἀνερρίπιζον
603 4977 858 5043 πέλαγος,
890 4978 983 5029 καὶ
1006 4976 1214 5030 κλύδων
1242 4978 1514 5047 ἐγήγερτο
1533 4977 1791 5047 χαλεπὸς,

216 5070 311 5122 καὶ
362 5067 648 5136 τρικυμίαι
707 5066 969 5120 πάντοθεν
1026 5065 1104 5136 τῷ
1158 5067 1354 5136 σκάφει
1404 5069 1788 5139 προσέϐαλλον.

217 5157 611 5226 Χαλεπὼτερον
665 5158 721 5210 δὲ
770 5159 861 5211 τὸν
899 5159 1144 5229 χειμῶνα
1197 5162 1228 5227 ἡ
1279 5159 1387 5211 τῶν
1442 5160 1790 5233 κυϐερνητῶν

216 5250 423 5321 ἐρημία
452 5251 645 5304 ἐποίει.
685 5251 919 5316 Τούτους
952 5252 1058 5322 γάρ
1089 5255 1116 5305 ὁ
1147 5253 1287 5305 κατὰ
1318 5254 1485 5323 μόνης
1508 5254 1603 5323 τῆς
1642 5254 1794 5305 εὐσε-

216 5345 369 5406 ϐείας
394 5344 599 5411 Θρασὺς
621 5343 871 5412 βασιλεὺς
890 5344 987 5414 τὴν
1012 5346 1305 5415 ὑπερορίαν
1322 5347 1490 5399 οἰκεῖν
1523 5348 1793 5417 κατηνάγ-

216 5435 373 5499 καζε.
410 5437 522 5490 Καὶ
558 5436 795 5507 τοσαύτῃ
846 5439 1159 5509 παρανομίᾳ
1214 5438 1579 5507 χρησάμενος,
1636 5438 1792 5506 κόρον

214 5525 316 5593 τῆς
359 5526 677 5587 δυσσεϐείας
733 5528 833 5580 οὐκ
872 5526 1179 5596 ἐλάμϐανε·
1233 5527 1366 5580 ἀλλὰ
1416 5528 1631 5581 πάντων
1686 5528 1790 5580 τῶν

217 5617 458 5672 εύσεϐὧν
485 5620 775 5673 ὲσκεδάννυ
807 5619 896 5671 τὸν
919 5619 1192 5687 σύλλογον,
1229 5620 1391 5690 (hei;
1417 5621 1569 5690 δίκην
1602 5621 1792 5689 ἀγρίου

216 5710 277 5762 τι
301 5710 551 5779 ποίμνιον
572 5712 973 5766 διασπάσασθαι
1010 5713 1344 5781 φιλονεικῶν.
1380 5714 1580 5765 Τούτου
1613 5715 1793 5766 εἵνεκα

222 5801 283 5853 οὐ
323 5802 484 5871 μόνον
516 5803 713 5867 αὐτοὺς
758 5804 974 5874 ἀπάσης
1010 5805 1302 5873 ἐκκλησίας
1337 5806 1614 5875 ἐξήλασεν,
1658 5805 1788 5858 ἀλλὰ

1906 4617 2115 4685 imperii
2141 4614 2370 4669 Romani
2396 4614 2638 4670 habenas
2667 4614 3003 4670 moderante.
3026 4612 3326 4680 Postquam
3358 4627 3485 4667 vero

1907 4708 1951 4761 is
1983 4708 2147 4763 etiam
2190 4712 2313 4777 post
2344 4705 2532 4774 exigui
2560 4706 2826 4775 temporis
2853 4704 3224 4774 principatum
3251 4704 3361 4755 vita
3389 4718 3484 4758 ex-

1905 4799 2088 4862 cessit,
2127 4806 2181 4853 et
2222 4795 2416 4851 Valens
2446 4794 2694 4851 Orientis
2750 4796 3041 4865 imperium
3078 4802 3165 4848 est
3224 4792 3480 4861 adeptus,

1904 4890 2156 4960 procella:
2180 4891 2376 4945 iterum
2399 4897 2454 4945 et
2474 4889 2724 4944 turbines
2744 4897 3030 4942 ventorum
3056 4899 3206 4940 mare
3229 4893 3482 4938 nostrum

1907 4983 2204 5053 agitarunt,
2254 4990 2662 5049 tempestasque
2690 4986 2811 5033 orta
2848 4988 2929 5032 est
2984 4974 3330 5045 gravissima,
3360 4987 3483 5042 quae

1906 5072 2226 5127 decumanis
2261 5069 2522 5125 ﬂuctibus
2554 5069 2814 5139 scapham
2854 5065 3171 5137 impetebat.
3232 5062 3466 5132 Tempe-

1908 5167 2071 5221 statis
2110 5179 2275 5235 porro
2303 5163 2657 5218 acerbitatem
2692 5160 2924 5231 augebat
2954 5158 3177 5230 penuria
3207 5156 3483 5227 guberna-

1905 5269 2107 5318 torum,
2146 5270 2287 5325 quos
2322 5255 2375 5308 in
2408 5254 2608 5309 exsilio
2663 5252 2949 5307 detinebat
2978 5250 3079 5305 soli
3113 5248 3306 5319 pietati
3338 5248 3481 5301 infe-

1902 5361 2019 5404 stus
2071 5350 2385 5417 imperator.
2445 5344 2625 5415 Neque
2657 5345 2809 5397 illum
2873 5350 2994 5411 post
3035 5349 3248 5393 tantum
3300 5337 3483 5392 scelus

1904 5441 2198 5508 impiclnlis
2232 5444 2248 5461 ⁹
2284 5439 2516 5495 satietas
2548 5436 2819 5506 capiebat,
2850 5430 3066 5501 1179
3104 5428 3200 5485 sed
3229 5425 3474 5483 omni‘um

1904 5532 2113 5600 piorum
2182 5541 2380 5583 etenim
2427 5529 2703 5590 divellere,
2733 5537 2785 5580 et
2806 5526 3042 5595 agrestis
3114 5520 3241 5575 ferae
3294 5521 3470 5590 instar

1904 5639 2118 5694 gregem
2155 5622 2426 5692 dissipare
2480 5619 2803 5675 conabatur.
2866 5615 3049 5681 Quare
3090 5613 3215 5667 illos
3247 5626 3356 5665 non
3406 5625 3474 5664 ex

1902 5716 2158 5769 omnibus
2221 5714 2398 5767 solum
2449 5708 2704 5767 ecclesiis
2746 5706 2976 5776 expulit,
3047 5718 3238 5758 verum
3302 5702 3466 5756 etiam

1904 5820 1967 5859 ex
2028 5802 2161 5874 pede
2195 5803 2396 5858 montis
2445 5811 2493 5857 et
2528 5816 2591 5856 ex
2626 5800 2740 5870 ripa
2778 5797 3056 5864 fluminis,
3104 5806 3153 5851 et
3181 5809 3244 5852 ex
3286 5791 3482 5849 bellico
