4206 6456
759 384 888 448 1371

1735 388 2220 449 THEODORETI
2249 389 2586 452 EPISCOPI
2615 394 2978 457 CYRENSIS

3857 399 3995 464 1372

754 502 1056 572 gymnasio.
1097 502 1291 555 Omnia
1352 499 1498 554 enim
1550 500 1663 555 hac
1721 502 1841 556 ioca
1875 503 2115 557 vicissim
2137 513 2314 557 muta-

2419 504 2511 554 καὶ
2543 506 2605 558 ἐκ
2623 505 2723 576 τῆς
2746 508 3038 578 ὑπωρείας,
3069 509 3164 561 καί⁵
3193 509 3255 562 ὲκ
3281 511 3382 581 τῆς
3405 511 3569 582 ὄχθης
3598 513 3692 567 τοῦ
3714 517 3990 586 ποταμοῦ,

753 603 905 658 runt,
936 608 1059 647 cum
1117 600 1321 644 armata
1367 591 1492 645 iiios
1551 606 1748 646 manus
1802 592 2184 648 insectaretur.
2243 595 2323 650 Ae

755 685 970 757 Scythae
995 684 1236 753 quidem,
1282 683 1486 752 aliique
1525 684 1762 749 barbari,
1788 684 2076 739 Thraciam
2102 689 2322 740 univer-

753 792 870 830 sam
895 777 965 830 ab
987 777 1127 831 lstro
1155 775 1378 831 ﬂumine
1405 778 1469 830 ad
1493 775 2084 848 Propontidemmsque
2103 781 2323 849 impune

753 868 1158 938 populabantur
1193 888 1205 923 :
1241 869 1326 922 hic
1367 883 1496 922 vero
1525 885 1627 923 nec
1664 871 1912 933 arrectis,
1949 869 2097 939 quod
2146 872 2319 936 aiunt,

753 961 978 1017 auribus
1019 961 1134 1016 haae
1179 963 1366 1016 audire
1405 963 1706 1025 sustinens,
1745 963 1802 1016 in
1849 964 1997 1017 solos
2030 963 2322 1032 populares

752 1068 882 1107 suos
912 1062 964 1108 et
989 1055 1255 1118 subditos,
1288 1063 1342 1109 et
1376 1055 1635 1124 religione
1664 1055 1868 1117 claros,
1911 1069 2062 1107 arma
2090 1069 2320 1110 conver-

752 1145 918 1198 tebat.
988 1144 1211 1200 Divinos
1266 1157 1443 1200 autem
1477 1148 1713 1215 populus
1774 1147 2043 1200 malorum
2099 1149 2319 1203 illorum

752 1236 1217 1303 importunitatem
1251 1237 1542 1306 deplorans
1580 1237 1893 1292 Davidicum
1935 1255 2156 1295 carmen
2190 1257 2320 1295 eon-

749 1325 967 1379 cinebat
999 1344 1011 1380 :
1061 1344 1080 1377 ι
1108 1326 1183 1380 Ad
1217 1325 1442 1380 ﬂumina
1493 1326 1809 1398 Babylonis,
1845 1329 1959 1382 illic
1993 1329 2238 1384 sedimus
2266 1338 2320 1384 et

748 1413 1016 1479 ilev‘imus,
1055 1419 1182 1472 dum
1213 1420 1637 1474 recordaremur
1670 1421 1857 1476 Sionis
1881 1431 1906 1459 ι’
1931 1423 1954 1474 ?
1983 1441 1999 1473 ι
2042 1422 2148 1477 Sed
2189 1423 2317 1478 reli-

747 1522 853 1575 qua
903 1508 1100 1562 cantici
1130 1510 1356 1564 minime
1385 1511 1493 1564 illis
1518 1512 1936 1564 conveniebant.
1962 1511 2148 1581 Neque
2169 1513 2315 1566 enim

749 1599 1117 1667 permiserunt
1149 1600 1470 1669 Apliraates,
1512 1607 1566 1655 et
1592 1599 1912 1664 Flavianus,
1933 1610 1988 1655 et
2020 1600 2316 1666 Diodorus,

748 1689 898 1742 utin
946 1691 1207 1744 salicibus
1269 1691 1739 1759 suspenderentur
1781 1709 1986 1764 organa
2032 1696 2316 1761 doctrina,

745 1794 846 1833 nec
875 1780 1015 1835 ferre
1058 1788 1354 1850 potuerunt
1391 1790 1449 1835 ut
1479 1782 1728 1837 dicerent
1759 1803 1772 1838 :
1821 1805 1839 1835 ι
1865 1785 2152 1850 Quomodo
2181 1802 2310 1841 ean-

2423 596 2520 647 καὶ
2547 597 2611 648 ὲκ
2630 597 2726 671 τοῦῗ
2754 598 3045 668 πολεμικοῦ
3071 602 3390 670 γυμνασίου.
3421 603 3606 657 Ταῦτα
3634 606 3744 673 γάρ
3771 607 3992 661 ἃπαντα

2421 685 2741 755 ἀμείϐοντες
2765 687 3068 742 διετέλεσαν
3100 690 3167 744 τὰ
3199 692 3395 762 χωρία,
3434 694 3532 764 τῆς
3563 695 3848 765 ὁπλιτικῆς
3878 716 3994 766 χει-

2423 777 2516 846 ρὸς
2567 781 2848 846 γενόμενοι
2901 782 3197 853 πάρεργον.
3261 785 3369 838 Καὶ
3395 785 3597 838 Σκύθαι
3633 787 3750 856 μὲν,
3809 788 3907 840 καὶ
3943 791 3992 840 οἱ

2420 866 2569 919 ἄλλοι
2601 867 2883 939 βάρϐαροι,
2905 870 3013 942 τὴν,
3029 872 3249 943 Θρᾴκην
3271 873 3487 928 ἀπασαν
3515 876 3622 928 ἀπὸ
3645 876 3740 928 τοῦ
3774 879 3992 942 Ἴστρου

2423 956 2586 1026 μέχρι
2614 958 2715 1028 τῆς
2762 961 3119 1030 Προποντίδος
3157 963 3327 1026 ἀδεῶς
3373 963 3679 1034 ἐληΐζοντο·
3715 968 3744 1018 ό
3780 965 3837 1017 δὲ
3868 968 3993 1018 τού-

2419 1063 2527 1101 των
2559 1050 2658 1119 μὲν
2681 1051 2799 1104 οὐδὲ
2829 1053 2928 1121 τὴν
2947 1053 3113 1125 ἀκοὴν
3142 1054 3340 1108 ἑστῶσι
3358 1058 3470 1118 τοῖς
3499 1054 3623 1120 ὠσὶ,
3653 1057 3712 1109 τὸ
3733 1057 3796 1126 δὴ
3830 1057 3993 1124 λεγό-

2425 1156 2604 1211 μενον,
2641 1141 2872 1210 ἠδύνατο
2915 1143 3205 1214 δέχεσθαι,
3241 1147 3380 1199 κατά
3430 1148 3486 1200 δὲ
3519 1148 3626 1201 τῶν
3675 1148 3988 1218 ὁμοφύλων,

2425 1231 2521 1282 καὶ
2555 1231 2830 1300 ὑπηκόων,
2890 1235 2984 1288 καὶ
3033 1236 3284 1309 εὐσεϐείᾳ
3333 1239 3819 1310 λαμπρυνομένων,
3879 1243 3992 1302 τοῖς

2420 1319 2602 1381 ὅπλοις
2635 1321 2917 1392 ἐκέχρητο.
2965 1324 3021 1377 '0
3057 1325 3114 1378 δὲ
3143 1326 3285 1389 θεῖος
3310 1327 3466 1391 λεὼς,
3495 1328 3604 1381 τῶν
3631 1328 3818 1381 κακῶν
3842 1327 3992 1381 ἐκεῖ·

2432 1427 2537 1463 νων
2567 1412 2666 1482 τὴν
2697 1413 2906 1482 ἀωρίαν
2938 1414 3353 1487 ὀλοφυρόμενος,
3391 1419 3490 1488 τὴν
3519 1420 3809 1488 Δαυῖτικὴν
3845 1419 3993 1470 ὶιιεί⁹

2421 1518 2518 1570 νην
2556 1501 2779 1572 ἔψαλλεν
2800 1505 2942 1577 ᾠδήν
2962 1522 2975 1536 ο
3021 1526 3039 1558 ι
3087 1507 3209 1560 Ἐπὶ
3239 1507 3346 1562 τῶν
3380 1510 3640 1579 ποταμῶν
3669 1510 3992 1571 Βαϐυλῶνος

2421 1589 2539 1642 ἐκεῖ
2555 1591 2911 1663 ὲκαθίσαμεν,
2953 1598 3045 1649 καὶ
3074 1598 3436 1669 ἑκλαύσαμεν,
3470 1601 3532 1652 ὲν
3572 1599 3650 1670 τῷ
3687 1601 3993 1670 μνησθῆναι

2422 1682 2566 1750 ἡμᾶς
2592 1683 2691 1755 τῆς
2722 1685 2881 1740 Σιών.
2907 1707 2925 1739 ι
2952 1688 3031 1741 Τὰ
3049 1689 3103 1741 δὲ
3133 1689 3294 1742 λοιπά
3313 1692 3410 1760 τῆς
3439 1692 3579 1762 ᾠδῆς
3602 1692 3783 1745 οὐκέτι
3805 1692 3995 1753 αὐτοῖς

2422 1774 2653 1844 ἁρμόδια
2689 1773 2758 1847 ἦν
2781 1793 2796 1808 ·
2823 1780 2884 1831 οὐ
2907 1780 3012 1850 γάρ
3036 1782 3217 1835 εἴασεν
3251 1783 3559 1854 Ἀφραάτης
3579 1824 3594 1847 ,
3625 1785 3718 1838 καὶ
3747 1783 3994 1837 Φλαϐια-

744 1868 982 1922 labimus
1013 1872 1289 1922 canticum
1319 1872 1530 1924 Domini
1556 1873 1607 1925 in
1645 1883 1786 1926 terra
1824 1875 2114 1928 alienas?»
2142 1875 2246 1931 Sed
2262 1882 2316 1930 et

2423 1865 2530 1930 νὸς,
2564 1867 2660 1920 καὶ⁵
2702 1869 2982 1940 Διόδωρος,
3015 1873 3106 1923 ἐπὶ
3153 1875 3270 1935 ταῖς
3314 1874 3483 1937 ίτέαις
3516 1873 3899 1944 κρεμασθῆναι
3926 1873 3995 1926 τὰ

746 1958 806 2011 in
834 1959 1133 2024 montibus,
1162 1969 1217 2015 et
1246 1962 1302 2015 in
1336 1963 1565 2032 eampis,
1600 1972 1655 2016 et
1691 1964 1744 2017 in
1773 1966 1927 2029 urbe,
1961 1975 2012 2020 et
2034 1966 2086 2020 in
2110 1968 2312 2022 subur-

741 2049 921 2113 banis,
956 2058 1010 2103 et
1039 2051 1093 2103 in
1132 2051 1386 2106 domibus
1422 2061 1476 2105 et
1508 2053 1561 2106 in
1603 2055 1739 2109 foris
1775 2059 2051 2110 canticum
2097 2059 2314 2114 Domini

738 2142 959 2197 assidue
984 2143 1367 2199 decantabant.
1406 2145 1666 2202 ADavide
1699 2164 1933 2219 namque
1965 2153 2267 2206 didicerant
2296 2172 2309 2208 :

751 2253 769 2284 ι
801 2234 1011 2290 Domini
1046 2245 1129 2290 est
1170 2245 1335 2304 terra,
1374 2247 1428 2293 et
1469 2241 1749 2308 plenitudo
1797 2243 1916 2312 ejus
1952 2263 1966 2298 :
2020 2245 2172 2301 orbis
2203 2255 2316 2303 ter-

744 2341 953 2389 rarum,
1001 2334 1053 2381 et
1097 2343 1288 2382 omnes
1317 2329 1412 2398 qui
1454 2329 1768 2385 habitantin
1793 2348 1858 2387 eo
1887 2335 1931 2387 ί.
1955 2355 1973 2386 ι
2013 2337 2316 2394 Audierant

740 2431 938 2471 rursus
1001 2418 1255 2473 eumdem
1302 2420 1694 2477 vaticinantem
1735 2442 1746 2477 :
1794 2423 2152 2481 «Benedicite
2209 2427 2315 2482 Do-

737 2509 907 2570 mino,
930 2511 1114 2562 omnia
1145 2525 1309 2578 opera
1339 2510 1481 2581 ejus,
1508 2513 1560 2566 in
1594 2515 1742 2568 omni
1771 2517 1888 2571 loco
1906 2517 2308 2574 dominationis

737 2598 860 2667 ejus
879 2611 926 2653 υ.
961 2618 979 2650 ι
1020 2600 1326 2657 Audierant
1359 2613 1416 2658 et
1443 2605 1688 2659 divinum
1715 2609 1945 2662 Paulum
1986 2612 2314 2682 praecipien-

737 2701 843 2745 tem
889 2709 902 2743 :
940 2710 958 2743 ι
988 2693 1149 2758 Viros
1175 2709 1333 2749 orare
1374 2696 1427 2750 in
1463 2699 1614 2752 omni
1669 2700 1810 2764 loco,
1861 2703 2106 2758 levantes
2145 2720 2312 2774 puras

739 2797 953 2846 manus,
984 2786 1105 2840 sine
1148 2788 1229 2841 ira
1253 2796 1307 2841 et
1333 2787 1735 2859 disceptatione
1753 2803 1834 2846 ν.»
1871 2795 2085 2865 1180
2116 2795 2222 2850 Sed
2259 2807 2313 2852 et

737 2874 1004 2931 Dominus
1025 2879 1140 2949 ipse
1161 2879 1563 2936 Samaritanam
1590 2884 1877 2954 alloquens
1898 2888 1948 2939 id
1967 2890 2143 2956 ipsum
2163 2906 2314 2959 aper-

737 2969 847 3023 tius
872 2971 1122 3038 praedixit
1149 2991 1160 3026 :
1196 2972 1445 3038 «Mulier,
1479 2977 1642 3032 crede
1673 2979 1806 3030 mihi
1827 2979 1953 3046 quia
1982 2983 2129 3036 venit
2153 2983 2309 3049 liora,

735 3059 956 3127 quando
971 3077 1146 3131 neque
1165 3063 1216 3116 in
1241 3064 1341 3118 hoe
1358 3067 1496 3129 loco,
1516 3083 1692 3138 neque
1708 3069 1759 3122 in
1779 3068 2192 3143 Hierosolymis,
2213 3075 2308 3129 sed

2419 1957 2624 2028 ὄργανα
2650 1961 2745 2030 τῆς
2771 1961 3130 2028 διδασκαλίας,
3154 1965 3274 2017 οὐδὲ
3295 1965 3464 2016 είπεῖν
3485 1965 3790 2036 ἠνέσχοντο·
3818 1985 3835 2016 ι
3863 1965 3994 2028 Πῶς

2418 2047 2620 2118 ᾇσομεν
2650 2049 2745 2120 τὴν
2771 2050 2912 2121 ᾠδὴν
2939 2052 3140 2122 Κυρίου
3184 2052 3276 2106 ὲπὶ
3311 2054 3410 2123 γῆς
3445 2054 3761 2124 ἀλλοτρίας;
3798 2075 3815 2105 ι
3849 2055 3995 2107 ἀλλὰ

2418 2142 2510 2194 καὶ
2533 2144 2590 2194 ἐν
2637 2143 2805 2212 δρεσι,
2843 2145 2937 2197 καὶ
2983 2147 3040 2197 ὲν
3080 2146 3301 2211 πεδίοις,
3339 2148 3431 2199 καὶ
3465 2150 3522 2198 ὲν
3576 2146 3750 2208 ἄστει,
3788 2148 3884 2198 καλ⁵
3934 2149 3993 2199 ἐν

2417 2233 2779 2301 προαστείοις,
2805 2214 2898 2287 καῖ
2930 2236 2988 2287 ὲν
3010 2237 3228 2300 οἰκίαις,
3267 2239 3360 2290 καὶ
3389 2240 3447 2291 ἐν
3483 2238 3706 2308 ἀγοραῖς
3745 2234 3874 2310 ᾖδον
3909 2239 3990 2291 δι-

2415 2324 2626 2393 ηνεκῶς
2656 2325 2754 2395 τὴν
2774 2325 2912 2397 ᾠδὴν
2948 2328 3172 2399 Κυρίου.
3201 2330 3439 2399 Ἔμαθον
3459 2330 3566 2399 γάρ
3589 2332 3741 2402 παρά
3766 2328 3860 2383 τοῦ
3885 2334 3994 2385 Δα-

2417 2415 2521 2479 ϐὶδ,
2547 2417 2626 2469 ὅτι
2650 2437 2667 2468 ι
2693 2417 2797 2470 Τοῦ
2829 2420 3105 2491 Κυρίου,ή
3131 2422 3222 2490 γῆ,
3242 2422 3334 2475 καὶ
3359 2422 3415 2475 τὸ
3439 2423 3706 2493 πλήρωμα
3736 2424 3930 2493 αὐτῆς,
3957 2427 3990 2494 ἡ

2415 2507 2703 2578 οἰκουμένη
2730 2549 2745 2574 ,
2779 2511 2872 2562 καὶ
2896 2510 3095 2574 πάντες
3156 2512 3204 2563 oi
3239 2512 3617 2580 κατοικοῦντες
3665 2516 3723 2566 ἐν
3761 2516 3923 2584 αὐτῇ.
3963 2535 3981 2566 ι

2419 2599 2700 2650 Ἤκουσαν
2761 2598 2920 2652 πάλιν
2977 2600 3070 2653 τοῦ
3127 2602 3291 2654 αὐτοῦ
3358 2604 3635 2673 προφήτου
3695 2603 3947 2672 λέγοντος
3975 2621 4016 2669 οι

2422 2704 2440 2737 ι
2487 2687 2766 2752 Εὑλογεῖτε
2797 2689 2885 2740 τὸν
2930 2689 3154 2760 Κύριον,
3185 2690 3361 2744 πάντα
3389 2691 3456 2744 τὰ
3505 2691 3640 2762 ἔργα
3687 2692 3878 2757 αὐτοῦ,
3930 2695 3989 2746 ὲν

2416 2778 2578 2830 ’παντί⁵
2613 2779 2761 2848 τόπῳ
2792 2779 2890 2848 τῆς
2921 2778 3236 2843 δεσποτείας
3273 2782 3457 2836 αὑτοῦ.
3493 2801 3511 2832 ι
3562 2783 3841 2836 Ἤκουσαν
3890 2784 3989 2836 καὶ

2415 2871 2508 2922 τοῦ
2554 2870 2843 2970 θεσπῗσίου
2890 2872 3310 2942 παρεγγυῶντος
3350 2873 3558 2926 Παύλου
3579 2889 3604 2970 Ἀ
3627 2894 3644 2926 ι
3679 2874 3993 2970 Προσεύχε-

2417 2962 2541 3016 σθαι
2585 2961 2733 3023 τοὺς“
2751 2961 2949 3033 ἄνδρας
2993 2964 3050 3015 ὲν
3074 2964 3235 3016 παντὶ
3267 2964 3437 3034 τόπῳ,
3477 2965 3799 3036 ἐπαίροντας
3831 2967 3993 3028 ὁσίας

2417 3059 2605 3127 χεῖρας
2635 3056 2802 3128 χωρὶς
2832 3056 2998 3127 ὀργῆς
3031 3058 3122 3110 καὶ
3142 3057 3522 3127 διαλογισμῶν.
3563 3078 3580 3109 ι
3610 3059 3717 3110 Καὶ
3746 3057 3909 3121 αὐτὸς
3928 3059 3992 3112 δὲ

737 3151 790 3204 in
819 3153 968 3205 omni
991 3155 1112 3207 loco
1131 3156 1441 3212 adorabunt
1464 3158 1676 3215 Patrem
1701 3169 1745 3214 ι.
1764 3182 1782 3214 ι
1819 3161 1940 3218 Hau:
1959 3166 2031 3218 illi
2058 3176 2314 3238 percepta

2419 3153 2446 3203 ὁ
2476 3151 2772 3221 Δεσπότης,
2810 3150 2946 3220 πρὸς
2978 3150 3076 3220 τὴν
3116 3151 3444 3220 Σαμαρεῖτιν
3471 3151 3870 3221 διαλεγόμενος,
3893 3169 3993 3206 σαο

736 3255 858 3292 cum
883 3240 1165 3306 haberent,
1187 3257 1239 3297 et
1262 3245 1409 3299 domi
1435 3257 1488 3301 et
1513 3247 1666 3314 foris,
1691 3263 1850 3321 atque
1871 3266 1927 3306 ut
1950 3258 2183 3323 apostoli
2202 3273 2313 3311 ver-

740 3329 822 3383 bis
846 3339 986 3405 utar,
1013 3351 1029 3382 ι
1046 3334 1260 3402 publice
1276 3345 1328 3390 et
1357 3354 1452 3405 per
1470 3340 1663 3396 domus
1685 3350 1742 3392 γ»
1769 3344 2050 3399 testiﬁcari
2072 3363 2178 3400 non
2200 3364 2317 3404 ces-

740 3421 957 3484 sabant,
998 3430 1578 3493 prmstantissimorum
1617 3433 1792 3487 instar
1829 3436 2056 3502 ducum,
2092 3449 2145 3494 et
2181 3457 2313 3497 suos

738 3525 1040 3580 armantes,
1071 3526 1124 3570 et
1155 3520 1498 3578 adversarios
1536 3526 1931 3584 confodientes.
1961 3531 2115 3597 Quod
2150 3537 2316 3604 igitur

741 3605 852 3660 haec
879 3622 999 3676 qum
1019 3609 1127 3662 dixi
1149 3615 1504 3680 praestiterint
1524 3634 1752 3689 magnus
1778 3619 2071 3680 Flavianus
2092 3636 2146 3681 et
2175 3629 2315 3682 divi-

736 3712 840 3751 nus
865 3697 1154 3763 Diodorus,
1182 3705 1272 3772 qui
1301 3705 1404 3759 sub
1420 3707 1526 3760 alio
1553 3723 1766 3777 gregem
1795 3714 2112 3781 pascebant,
2146 3726 2200 3771 ct
2223 3733 2312 3773 se—

733 3787 924 3843 cundae
943 3791 1218 3844 cathedra
1252 3795 1516 3851 honorem
1551 3802 1826 3868 gerebant,
1852 3805 2234 3862 admirandum
2261 3810 2312 3864 id

736 3892 868 3932 sane
884 3893 945 3933 ac
967 3880 1125 3937 laude
1146 3884 1364 3954 dignum
1391 3904 1403 3939 :
1432 3889 1525 3943 sed
1548 3898 1726 3945 tamen
1748 3894 1879 3949 “hoc
1897 3898 2129 3966 agebant
2149 3901 2316 3956 duces

734 3968 949 4034 delecti,
975 3969 1509 4046 ducumquelegibus
1529 3980 1779 4049 obnoxii;
1804 3993 1857 4037 at
1873 3987 2315 4056 sapientissimus

733 4061 1039 4128 Aphraates
1068 4079 1167 4118 sua
1189 4076 1383 4134 sponte
1413 4071 1468 4123 in
1497 4070 1611 4125 lizec
1642 4078 1943 4130 certamina
1970 4084 2229 4149 prosiliit.
2258 4086 2314 4142 lu

732 4153 912 4217 quiete
923 4153 1192 4222 siquidem
1205 4158 1616 4221 educatus.cum
1635 4166 1899 4233 privatam
1918 4173 2058 4240 apud
2075 4190 2133 4229 se
2152 4179 2316 4232 vitam

735 4243 1081 4309 instituisset,
1129 4261 1193 4300 ac
1223 4248 1334 4314 teli,
1363 4253 1504 4319 quod
1535 4253 1708 4318 aiunt,
1728 4269 1879 4312 extra
1915 4261 2122 4329 jactum
2149 4277 2316 4333 esset,

736 4336 862 4389 Delli
898 4339 1237 4393 atrocitatem
1275 4344 1654 4411 considerans,
1709 4353 1985 4419 propriam
2021 4361 2295 4414 securita-

737 4443 848 4481 rem
881 4432 1228 4500 contempsit,
1281 4435 1560 4506 quietique
1596 4441 1664 4493 ad
1715 4449 1930 4513 tempus
1976 4449 2308 4518 valedicens,

736 4519 946 4585 piorum
981 4520 1238 4592 phalangi
1270 4528 1695 4595 antesignanum
1726 4547 1785 4586 se
1804 4535 2058 4604 praebuit,
2090 4541 2310 4612 vitaque

734 4618 787 4661 et
812 4610 991 4664 verbis
1020 4626 1084 4665 ac
1116 4615 1392 4671 miraculis
1419 4617 1641 4686 feriens,
1670 4638 1844 4681 caesus
1863 4627 1979 4698 ipse
2025 4610 2306 4703 nunquam

734 4708 838 4753 cst.
878 4701 1032 4755 illum
1069 4719 1222 4773 ergo,
1250 4722 1373 4763 cum
1405 4712 1471 4764 ad
1504 4715 1759 4770 bellicum
1796 4701 2337 4792 gytnnasium‘iret,’

735 4791 1088 4859 conspicatus
1150 4797 1448 4865 aliquando
1514 4807 1674 4873 plane
1721 4810 1948 4867 demens
2008 4791 2308 4885 imperator

738 4879 833 4949 (ibi
855 4886 998 4934 enim
1025 4893 1139 4940 tum
1166 4887 1306 4944 forte
1329 4890 1618 4952 Trinitatis
1647 4899 1891 4956 cultores
1912 4879 2305 4975 convenerant,

737 4990 789 5036 ct
819 4983 970 5038 illum
1002 4986 1273 5054 quispiam
1315 4988 1382 5042 ad
1442 4992 1620 5062 ripam
1651 4992 1896 5050 ﬂuminis
1932 4998 2305 5056 ambulantem

737 5074 1056 5142 imperatori
1110 5083 1428 5136 ostenderat
1471 5084 1511 5154 ),
1545 5085 1906 5157 interrogavit
1935 5107 2172 5160 quonam
2231 5094 2309 5148 ire

740 5163 1044 5223 festinaret.
1079 5172 1286 5242 1181
1323 5173 1571 5247 Cumque
1602 5178 1680 5233 ire
1727 5195 1785 5234 se
1820 5185 2212 5254 respondisset,
2251 5193 2308 5239 ut

814 5393 834 5420 ν
862 5382 999 5436 l’sal.
1028 5391 1290 5450 cunni

741 5462 764 5500 .v
818 5455 932 5505 λιιι.
973 5470 1061 5518 χχ,
1096 5458 1186 5510 νο.

1364 5386 1382 5412 ⁸
1449 5394 1580 5451 ibid.
1612 5397 1666 5452 ι.
1785 5399 1801 5434 ¹
1847 5398 1988 5454 Psal.
2046 5417 2200 5467 χχιιι,
2234 5406 2278 5457 ι.

2418 3241 2679 3310 φέστερον
2709 3240 2862 3292 τοῦτο
2889 3239 3214 3311 προείρηκεν
3233 3256 3245 3270 ’
3275 3259 3293 3291 ι
3331 3239 3499 3311 Ἀμὴν
3520 3244 3644 3310 γὰρ,
3681 3243 3807 3309 ἔφη,
3844 3241 3994 3309 λέγω

2419 3350 2519 3396 σοι,
2548 3333 2727 3399 γύναι,
2761 3333 2840 3385 δτι
2877 3332 3095 3403 ἔρχεται
3126 3330 3264 3402 ῶρα,
3301 3334 3393 3385 καὶ
3425 3333 3518 3384 νῦν
3552 3335 3716 3396 ἐστιν,
3746 3335 3834 3386 ὅτε
3864 3335 3991 3388 οὗτε

2417 3426 2474 3476 ὲν
2513 3425 2590 3495 τῷ
2633 3423 2784 3495 τόπῳ
2832 3423 3002 3493 τούτῳ
3028 3465 3040 3486 ,
3076 3422 3198 3476 οὔτε
3249 3425 3305 3474 ὲν
3345 3423 3756 3495 Ἱεροσολύμοις,
3789 3424 3906 3477 ἀλλ’
3933 3428 3992 3476 ἐν

2420 3517 2582 3569 παντὶ
2614 3517 2764 3586 τόπῳ
2796 3519 3231 3586 προσκυνήσουσι
3272 3515 3345 3584 τῷ
3380 3516 3567 3585 Πατρί.
3609 3537 3626 3568 ι
3665 3517 3855 3570 Ταῦτα
3891 3535 3992 3569 πε-

2418 3606 2781 3676 παιδευμένοι,
2814 3606 2985 3658 καὶέν
3011 3606 3176 3675 οὶκίᾳ,
3210 3605 3302 3657 καὶ
3329 3608 3384 3658 έν
3410 3607 3603 3675 ἀγορᾷ,
3633 3607 3724 3658 καὶ
3751 3609 3992 3658 ἀποστο-

2415 3701 2581 3763 λικῶς
2618 3703 2821 3762 εἰπεῖν,
2875 3719 2892 3750 ι
2933 3700 3168 3769 δημοσία
3213 3701 3307 3752 καὶ
3339 3703 3460 3751 κατ’
3485 3701 3665 3763 οῐκους
3703 3720 3721 3751 ι
3755 3701 3994 3769 διαμαρ-

2416 3795 2701 3864 τυρόμενοι
2745 3793 3009 3846 διετέλουν
3035 3835 3047 3856 ,
3105 3788 3215 3845 οἷόν
3247 3810 3390 3855 τινες
3422 3794 3628 3862 ἄριστοι
3669 3796 3990 3861 στρατηγοὶ,

2416 3884 2541 3944 τοὺς
2557 3885 2653 3953 μὲν
2684 3883 2916 3946 οἰκείους
2932 3884 3260 3948 ὁπλίζοντες,
3280 3884 3406 3946 τοὺς
3434 3883 3490 3935 δὲ
3520 3885 3792 3945 ἐναντίους
3817 3900 3993 3936 κατα-

2417 3976 2753 4040 κεντοῦντες.
2790 3977 2894 4029 Τὸν
2940 3976 3037 4045 μὲν
3069 3971 3159 4029 οὖν
3191 3976 3366 4046 μέγαν
3407 3975 3724 4038 Φλαϐιανὺν,
3761 3977 3859 4028 καὶ
3899 3976 3994 4029 τὸν

2418 4068 2558 4121 θεῖον
2593 4068 2852 4139 Διόδωρον
2880 4070 2901 4099 ⁹
2936 4069 3424 4137 ὑποποιμαίνοντας
3451 4067 3732 4138 τηνικάδε,
3763 4069 3859 4120 καὶ
3892 4071 3994 4138 τῆς

2416 4162 2672 4231 δευτέρας
2705 4161 3037 4231 ἠξιωμένους
3066 4162 3353 4230 καθέδρας,
3384 4163 3552 4215 ταῦτα
3576 4163 3706 4232 δρᾷν
3739 4163 3776 4217 ἃ.
3804 4167 3995 4233 προεί-

2422 4273 2587 4325 ρηκα,
2611 4255 2920 4324 θαυμαστὸν
2949 4255 3046 4324 μὲν
3065 4255 3158 4308 καὶ
3175 4255 3448 4324 εὐφημίας
3475 4256 3640 4321 ἄξιον.
3676 4257 3817 4308 Ἀλλ’
3840 4258 3996 4326 ὅμως

2417 4348 2592 4401 ταῦτα
2625 4347 2893 4418 ἔπραττον
2929 4346 3223 4416 στρατηγοὶ
3259 4346 3716 4417 προϐεϐλημένοι,
3751 4348 3848 4401 καὶ
3880 4354 3994 4412 τοῖς

2423 4440 2806 4509 στρατηγικοῖς
2837 4437 3181 4506 ὑποκείμενοι
3232 4436 3446 4504 νόμοις·
3501 4440 3529 4489 ὁ
3577 4437 3632 4490 δὲ
3675 4437 3992 4505 σοφώτατος

2396 4532 2739 4600 -Ἀφραάτης
2778 4527 3057 4597 ἐθελοντὴς
3096 4527 3187 4577 ἐπὶ
3216 4528 3436 4587 τούτους
3483 4527 3829 4598 κατεπήδησε
3865 4533 3993 4591 τοὺς

2416 4616 2652 4692 ἀγῶνας.
2693 4619 2921 4690 Ἡσυχία
2942 4619 3050 4688 γὰρ
3079 4616 3568 4686 συντεθραμμένος,
3592 4619 3685 4670 καὶ
3711 4617 3836 4669 καθ’
3863 4620 3992 4671 ἑαυ-

2415 4718 2505 4770 τὸν
2533 4711 3061 4786 ζῇν-προῃρημένος,
3091 4711 3184 4762 καὶ
3223 4709 3327 4775 ἔξω
3358 4708 3546 4777 βελῶν,
3568 4709 3628 4762 τὺ
3661 4709 3725 4779 δὴ
3756 4709 3988 4776 λεγόμε-

2417 4828 2527 4874 νον,
2560 4809 2888 4878 καθήμενος,
2911 4803 3005 4857 τοῦ
3027 4803 3261 4873 πολέμου
3289 4803 3347 4854 τὸ
3372 4803 3599 4870 σφοδρὸν
3626 4801 3990 4870 θεασάμενος,

2410 4902 2509 4972 τὴν
2541 4901 2746 4955 οἰκείαν
2781 4898 3082 4968 ἀσφάλειαν
3119 4895 3219 4948 οὐκ
3253 4894 3559 4963 ἠγάπησεν,
3590 4892 3704 4947 ἀλλ’
3744 4895 3824 4955 είς
3867 4911 3993 4945 και-

2413 4996 2503 5066 ρὸν
2542 4991 2815 5064 ἐρρῶσθαι
2848 4992 2914 5060 τῇ
2940 4987 3141 5060 ἡσυχίᾳ
3163 4986 3396 5058 φράσας,
3426 4985 3709 5055 πρόμαχος
3741 4983 3842 5052 τῆς
3879 4985 3994 5036 τῶν

2410 5088 2651 5143 εὐσεϐῶν
2672 5086 2888 5154 ἐγένετο
2918 5082 3218 5151 φάλαγγος,
3250 5079 3457 5151 βάλλων
3484 5080 3580 5148 μὲν
3609 5079 3704 5130 καὶ
3731 5076 3853 5146 βίῳ,
3893 5079 3993 5130 καὶ

2409 5184 2571 5253 λόγῳ,
2607 5181 2699 5232 καὶ
2729 5176 2990 5248 θαύμασι,
3022 5173 3346 5244 βαλλόμενος
3376 5171 3430 5223 δὲ
3449 5170 3724 5223 οὐδέποτε.
3763 5170 3878 5222 Καὶ
3899 5169 3994 5239 δή·

2407 5415 2433 5443 υ
2472 5404 2615 5460 Psal.
2651 5418 2750 5466 cu,
2812 5399 2885 5454 Ξῖ
2995 5409 3020 5438 ν
3059 5400 3075 5453 l
3111 5399 3253 5452 Tim.
3291 5415 3349 5463 ιι,
3386 5401 3438 5453 8.
3518 5406 3540 5432 ι
3573 5395 3733 5450 loau.
3771 5412 3845 5459 ιν,
3913 5393 3967 5446 i.

2015 5621 2247 5677 VARIA‘I
2285 5622 2688 5678 LECTIONES.

809 5757 827 5784 θ
863 5755 1130 5834 ιὺιρᾷωρος
1169 5755 1381 5833 lierveti
1415 5758 1570 5834 liber,
1594 5762 1753 5834 male.
1780 5759 1901 5814 \‘id.
1935 5760 2263 5818 Theodoreti
2298 5761 2360 5816 il.
2391 5761 2448 5816 E.
2493 5779 2564 5828 IV,
2593 5762 2682 5829 Ἡ,
2715 5762 2803 5818 ubi
2836 5771 2887 5818 et
2910 5781 2957 5818 c.
2995 5764 3064 5818 £3
3097 5763 3293 5834 repetit
3338 5765 3706 5820 narrationem
3767 5765 3836 5820 de
3867 5764 3985 5821 col-

740 5821 1247 5892 loquio'Aphraalis
1283 5843 1403 5881 cuin
1442 5826 1669 5886 Valente
1695 5833 1833 5901 Aug.
