4206 6456
187 395 327 460 1373

1392 404 1799 467 RELIGIOSA
1833 408 2213 472 HISTORIA.

3307 400 3441 487 οτι

182 525 315 563 ποτε
343 509 678 581 θεασάμενος
709 510 869 564 αὐτδν
904 511 1124 566 δπάντα
1151 514 1377 583 ἀνόητος
1406 514 1658 583 βασιλεὺς
1681 516 1760 578 εἰς

1876 534 1967 588 pro
2000 522 2134 576 orbe
2162 529 2438 576 terrarum
2469 531 2525 577 et
2577 538 2674 592 pro
2721 523 2952 594 imperio
2978 540 3171 596 preces
3198 525 3386 582 oﬂ‘erat
3423 545 3440 583 :

184 601 243 653 τὸ
262 602 561 671 πολεμικὸν
588 603 799 668 ἐξιόντα
822 603 1121 673 γυμνάσιον
1161 605 1313 673 (ἐκεῖ
1351 606 1461 675 γάρ
1486 608 1606 660 τότε
1636 624 1762 661 συν-

168 693 292 763 ’έση
352 694 479 755 τοὺς
534 693 633 763 τῆς
681 694 908 765 Τριάδος
955 694 1402 765 συναθροίζεσθαι
1430 696 1758 767 θιασώτας),

184 784 439 849 ὑπέδειξε
467 786 523 839 δέ
564 803 647 850 τις
677 786 837 838 αὑτὸν
875 786 1025 855 παρά
1060 786 1157 857 τὴν
1193 787 1359 859 ὄχθην
1395 789 1489 841 τοῦ
1519 789 1763 859 ποταμοῦ

187 866 483 947 βαδίζοντα
515 878 576 929 ἐκ
605 875 714 929 τῶν
744 875 1034 945 βασιλείων
1057 876 1136 947 τῷ
1164 876 1374 945 βασιλεῖ
1396 878 1761 933 διακύπτοντι·

138 982 139 985 η
185 969 355 1037 ᾔρετο
385 970 477 1019 ποῖ
498 967 594 1036 τὴν
632 965 808 1038 ὁρμὴν
837 968 1131 1034 ἐπείγοιτο.
1156 968 1261 1021 Τοῦ
1281 968 1337 1021 δὲ
1366 970 1669 1039 εἰρηκότος,
1693 968 1768 1032 ὡς

186 1057 285 1121 τὰς
322 1058 466 1127 ὑπὲρ
506 1058 607 1125 τῆς
640 1057 965 1127 οἰκουμένης
1014 1056 1110 1109 καὶ
1136 1057 1235 1127 τῆς
1280 1058 1555 1127 βασιλείας
1582 1058 1767 1111 ἄπεισι

190 1150 507 1220 προσευχὰς
546 1149 927 1219 ποιησόμενος,
979 1149 1142 1204 πάλιν
1185 1152 1212 1204 ὁ
1247 1150 1494 1219 βασιλεὺς
1540 1151 1772 1221 ἀπεκρί-

190 1259 357 1296 νατοο
400 1262 419 1293 ι
462 1242 574 1298 Καὶ
592 1242 642 1295 τί
676 1242 897 1312 δήποτε,
923 1242 1016 1295 τὸν
1055 1242 1265 1312 μονήρη
1300 1241 1410 1310 βίον
1441 1241 1773 1309 ἐπαγγελλό-

194 1350 383 1401 μενος,
402 1332 574 1395 ἀδεῶς
598 1332 740 1386 κατά
774 1333 872 1402 τὴν
901 1332 1106 1402 ἀγορὰν
1154 1332 1386 1401 βαδίζεις
1418 1334 1516 1403 τὴν
1542 1333 1772 1403 ἡσυχίαν

191 1423 543 1488 καταλιπών;
581 1442 599 1474 ι
645 1424 705 1478 ‘0
731 1423 788 1477 δὲ
837 1424 956 1492 (καὶ
980 1423 1089 1494 γὰρ
1123 1423 1305 1478 εἰώθει
1353 1424 1445 1477 τὸν
1494 1425 1773 1495 Δεσπότην

195 1512 535 1584 μιμούμενος
567 1513 949 1585 παρασολικῶς
970 1512 1428 1581 συλλογίζεσθαι),
1453 1532 1473 1562 ι
1502 1513 1637 1566 Εἰπέ
1658 1531 1768 1583 μοι,

190 1603 321 1673 ἔφη,
352 1603 398 1657 ὦ
432 1604 673 1674 βασιλεῦ,
720 1606 769 1658 εἰ
825 1604 1093 1672 παρθένος
1134 1604 1427 1673 ἐτύγχανον
1459 1605 1516 1656 ὲν
1546 1603 1773 1674 θαλάμῳ

189 1696 299 1747 τινὶ
337 1697 688 1765 κρυπτομένη
713 1736 728 1757 ,
753 1695 1065 1765 ἐθεασάμην
1088 1693 1146 1747 δέ
1167 1712 1286 1749 τινα
1308 1693 1418 1765 πῦρ
1439 1696 1462 1746 ὲ
1471 1695 1774 1765 μϐἀλλοντα

191 1789 258 1856 τῇ
290 1786 387 1839 τοῦ
417 1788 624 1857 πατρὸς
656 1785 824 1856 οἰκία,
845 1786 897 1839 τί
918 1787 983 1841 ἀν
1008 1804 1097 1857 μοι
1115 1785 1549 1849 συνεϐούλευσας
1579 1787 1775 1857 δράσαι

1864 618 2194 678 percontans
2278 613 2475 667 iterum
2541 612 2836 684 imperator
2897 635 2909 671 :
2981 618 3107 672 iEt
3176 633 3438 687 quorsum

1867 699 2108 766 tandem,
2160 703 2255 767 ait,
2308 705 2402 772 qui
2456 704 2617 759 vitam
2671 706 2971 761 solitariam
3027 708 3321 780 professus
3355 727 3438 777 es,

1865 792 2048 860 quiete
2095 794 2309 855 relicta.
2354 794 2533 850 forum
2590 811 2820 851 securus
2853 792 3265 856 obambulas‘li
3305 799 3444 855 Tum

1867 883 1981 947 ille,
2013 886 2106 954 qui
2142 884 2362 939 Domini
2391 889 2647 958 exemplo
2681 888 2995 957 parabolice
3030 891 3179 960 loqui
3208 907 3447 947 censue-

1867 984 2052 1027 verat:
2086 993 2105 1025 ι
2132 974 2244 1039 Dic,
2273 976 2474 1047 inquit,
2499 978 2651 1042 mihi,
2672 980 2994 1050 imperator,
3022 981 3071 1035 si
3094 981 3245 1052 virgo
3266 998 3444 1041 esscin

1870 1063 1923 1115 in
1952 1062 2194 1119 thalamo
2219 1067 2479 1136 quopiam
2503 1067 2710 1133 abdita,
2744 1079 2799 1125 et
2831 1070 2897 1125 in-
2916 1080 3198 1139 paternam
3222 1072 3444 1130 domum

1872 1147 2022 1217 injlei
2060 1153 2129 1204 ab
2165 1153 2351 1221 aliquo
2406 1152 2658 1210 ﬂammas
2701 1156 2967 1221 viderent,
3021 1158 3151 1227 quid
3187 1150 3321 1214 mihi
3357 1175 3445 1215 ar-

1871 1240 2085 1294 dentem
2146 1239 2418 1297 ﬂammam
2477 1243 2811 1316 domumque
2867 1249 3148 1305 incensam
3203 1252 3446 1307 cernenti

1874 1333 2181 1410 faciundum
2232 1335 2546 1393 suaderes‘!
2595 1325 2817 1396 intusue
2849 1341 3123 1408 desidere,
3170 1359 3233 1398 ac
3285 1343 3450 1399 deﬂa-

1871 1436 2118 1495 grantem
2150 1426 2375 1483 domum
2436 1431 2711 1503 negligere
2740 1434 2935 1503 “latqui
2968 1436 3053 1490 sic
3089 1451 3191 1506 ego
3216 1451 3443 1506 quoque

1876 1516 2128 1572 incendio
2153 1520 2407 1588 perirem.
2436 1520 2531 1576 Sin
2561 1529 2743 1577 autem
2770 1516 2990 1580 currere
3015 1525 3155 1581 dicis
3174 1535 3448 1596 oportere,

1876 1612 1934 1659 et
1970 1620 2167 1672 aquam
2204 1608 2420 1671 aﬂ'erre,
2462 1624 2526 1665 ac
2565 1627 2786 1668 sursum
2839 1614 3093 1670 deorsum
3145 1618 3448 1685 pervolare,

1876 1706 1927 1752 et
1958 1695 2229 1753 ﬂammam
2262 1702 2633 1773 exstinguere,
2657 1706 2795 1769 mili,
2832 1707 3149 1775 imperator,
3181 1708 3335 1772 Inibi,
3356 1709 3450 1777 qui

1878 1788 1983 1843 hoc
2017 1791 2192 1859 ipsum
2230 1792 2455 1857 faciam;
2487 1810 2833 1852 succensere.
2873 1797 3028 1863 Quod
3067 1799 3213 1853 enim
3245 1800 3450 1869 virgini

192 1878 576 1947 εξαπτομένην
632 1877 884 1950 θεωμένη
936 1878 1038 1949 τὴν
1083 1878 1276 1947 φλόγα,
1314 1880 1408 1932 καὶ
1450 1878 1550 1947 τὴν
1596 1879 1770 1931 οἰκίαν

1876 1882 2112 1936 thalamo
2142 1884 2367 1939 inclusae
2404 1888 2749 1951 consuleres,
2798 1889 2899 1946 hoc
2945 1905 3046 1960 ego
3090 1891 3449 1945 monasticam

192 1971 630 2041 ἑμπιπραμὲνην
673 1970 886 2044 ὁρώσης
918 1969 1062 2025 ἔνδον
1101 1970 1403 2040 καθῆσθαι,
1436 1970 1530 2024 καὶ
1559 1986 1773 2041 πυρπο-

1876 1970 2036 2024 vitam
2076 1972 2281 2029 ducens
2313 1975 2494 2029 facere
2524 1991 2712 2045 cogor.
2738 1976 2895 2042 Quod
2918 1979 2965 2033 si
2996 1979 3129 2033 vitio
3158 1980 3256 2035 das
3284 1981 3443 2048 mihi,

191 2062 468 2132 λουμένην
488 2060 591 2131 τὴν
620 2061 799 2115 οἰκίαν
820 2062 1097 2131 παρορᾷν;
1141 2060 1283 2113 Ἀλλ’
1314 2060 1487 2121 οὕτως
1515 2059 1579 2113 ἂν
1604 2059 1773 2127 ὲγενό·

1876 2058 2013 2128 quod
2031 2058 2266 2128 quietem
2294 2062 2634 2130 reliquerim,
2658 2064 2858 2119 damna
2877 2065 3251 2137 teipsum,qui
3279 2067 3343 2121 in‘
3356 2067 3451 2122 Dei

198 2168 308 2222 μην
335 2150 496 2219 κάγὼ
518 2152 616 2220 τῆς
640 2152 911 2220 πυρκαϊᾶς
938 2150 1340 2220 παρανάλωμα.
1384 2151 1448 2203 El
1474 2150 1528 2202 δὲ
1559 2149 1737 2217 λέγεις
1756 2191 1772 2214 ,

1876 2151 2095 2205 donuum
2118 2150 2388 2206 ﬂammam
2427 2156 2586 2209 istan:
2628 2156 2891 2225 iniecisti,
2930 2173 3039 2212 non
3071 2173 3157 2213 me
3192 2160 3290 2230 qui
3330 2174 3449 2214 eam

192 2244 277 2295 ὃτι
304 2242 537 2311 δραμεῖν
567 2241 695 2303 ἔδει,
725 2241 821 2295 καὶ
851 2240 995 2311 ὕδωρ
1022 2240 1230 2309 φέρειν,
1274 2242 1370 2293 καὶ
1396 2239 1631 2294 διαθέειν
1659 2241 1773 2295 ἀνω

1876 2255 2037 2315 cogor
2067 2243 2428 2313 restinguere.
2465 2244 2594 2299 Nam
2617 2256 2853 2316 paternae
2886 2248 3074 2306 domui
3093 2248 3453 2320 conﬂagranti

192 2334 289 2387 καὶ
317 2335 495 2397 κάτω,
523 2335 617 2387 καὶ
649 2333 748 2403 τὴν
775 2334 945 2402 φλόγα
977 2333 1282 2393 σϐεννύναι,
1314 2333 1391 2402 μὴ
1417 2333 1631 2402 μέμφου
1660 2348 1771 2401 μοι,

190 2421 235 2479 ὦ
268 2426 515 2497 βασιλεῦ,
550 2426 707 2481 τοῦτο
726 2426 856 2479 αὐτὸ
888 2424 1151 2479 ποιοῦντι.
1190 2427 1255 2477 "U
1285 2424 1396 2494 γὰρ
1423 2424 1488 2476 ἂν
1515 2423 1771 2476 συνεὸού-

190 2520 393 2581 λευσας
416 2518 834 2589 θαλαμευομένῃ
863 2516 1116 2588 παρθένῳ
1138 2558 1152 2581 ,
1182 2514 1341 2569 τοῦτο
1369 2514 1499 2585 δρᾷν
1530 2516 1775 2581 ἀναγκά-

190 2612 363 2683 ζομαι
396 2612 487 2664 τὸν
529 2611 740 2679 μονήρη
781 2609 894 2679 βίον
927 2609 1356 2680 ὲκηγγελμένος.
1391 2608 1453 2661 Εἰ
1492 2608 1549 2661 δὲ
1582 2608 1776 2680 μέμφῃ

198 2720 287 2773 μοι
346 2703 447 2771 τὴν
497 2701 729 2771 ἡσυχίαν
784 2702 1181 2769 καταλιπόντι,
1227 2702 1540 2771 ἐπιμέμφου
1593 2699 1777 2769 σαυτῷ

201 2792 402 2863 ,ταύτην
438 2793 520 2855 είς
549 2793 639 2845 τὸν
671 2793 812 2845 θεῖον
840 2787 987 2845 οἷκον
1013 2791 1302 2862 ὲμῦαλόντι
1327 2792 1425 2861 τὴν
1453 2792 1650 2860 φλόγα,
1682 2790 1776 2843 καὶ

197 2886 273 2954 μὴ
300 2885 432 2954 ὲμοί⁵
463 2883 743 2938 σϐεννύναι
784 2883 1110 2954 βιαζομένῳ.
1149 2884 1273 2936 ’Ότι
1307 2882 1531 2953 μὲνγὰρ
1572 2881 1772 2949 δήπου-

194 2973 284 3026 θεν
311 2973 615 3043 ιπαμύνειν
634 2974 901 3043 προσήκει
924 2973 1056 3043 οἴκῳ
1079 2972 1320 3044 πατρῴῳ
1340 2969 1768 3041 ὲμταπραμένῳ,

1873 2335 2310 2390 Succurrendum
2324 2351 2446 2390 esse
2467 2344 2579 2391 tute
2598 2336 2888 2393 confessus
2900 2353 2960 2393 es
2982 2357 2995 2393 :
3023 2339 3256 2394 terrenis
3274 2348 3455 2393 autem

1875 2424 2201 2492 parentibus
2234 2426 2499 2479 veriorem
2523 2424 2740 2480 Patrem
2763 2426 2934 2482 Deum
2962 2442 3109 2493 esse,
3141 2428 3226 2481 vel
3244 2426 3457 2482 divina-

1872 2529 1993 2569 rum
2019 2529 2200 2568 rerum
2218 2515 2485 2585 imperitis
2511 2518 2862 2586 perspicuum
2890 2525 2997 2574 est.
3025 2502 3301 2584 Quocirca
3321 2516 3460 2571 nihil

1874 2604 2175 2661 absurdqu
2226 2620 2326 2662 nec
2358 2622 2385 2660 a
2415 2607 2600 2678 priore
2634 2607 2888 2680 instituto
2931 2609 3172 2665 alienum
3203 2606 3457 2669 facimus.

1870 2697 2188 2768 imperator,
2203 2699 2331 2754 dum
2351 2700 2570 2769 pietatis
2589 2700 2848 2755 alumnos
2860 2701 2917 2757 in
2935 2717 3109 2759 unum
3121 2701 3391 2773 cogimus,
3405 2708 3461 2756 et

1873 2787 2175 2859 pascimus,
2212 2788 2601 2860 cmlestemque
2626 2789 2736 2847 illis
2766 2789 2995 2847 herbam
3043 2789 3399 2862 porrigimus.
3435 2807 3453 2839 ι

1879 2875 1976 2932 llis
1996 2878 2181 2944 dictis,
2198 2880 2364 2935 tacite
2385 2894 2648 2936 assensus
2670 2884 2784 2935 est'
2809 2881 3131 2953 imperator,
3148 2881 3453 2950 responsio

1879 2971 1968 3026 nis
1990 2972 2246 3042 aequitate
2269 2972 2581 3030 convictus.

195 3065 286 3117 καὶ
315 3032 484 3129 adeo;
510 3032 892 3135 ὡμολόγησας·
929 3032 1095 3118 ὃτιυδὲ
1128 3032 1480 3133 cibatui-1?};
1516 3032 1768 3133 πατέρων
1806 3032 2172 3135 γνησιώτερος
2205 3066 2233 3117 ὁ
2259 3064 2413 3130 Θεὸς,
2448 3064 2610 3117 παντί
2638 3080 2738 3117 που
2766 3064 2943 3135 δῆλον,
2978 3065 3069 3120 καὶ
3132 3062 3210 3134 τῷ
3267 3032 3458 3117 παντε-

195 3156 301 3219 λῶς
335 3157 573 3228 ἀμυήτῳ
597 3157 706 3210 τῶν
736 3157 918 3211 θείων.
968 3155 1133 3209 Οὐδὲν
1167 3155 1347 3209 τοίνυν
1390 3154 1499 3207 ἀπὸ
1542 3153 1774 3213 σκοπού,
1844 3152 1963 3207 οὐδὲ
1990 3155 2087 3224 τῆς
2152 3154 2389 3225 ὲξαρχῆς
2437 3155 2806 3225 προαιρέσεως
2847 3154 3088 3207 ἐναντίον
3126 3153 3457 3223 πράττομεν,

134 3272 138 3279 ί
196 3242 243 3301 εἶ)
268 3247 511 3317 βασιλεῦ,
544 3249 669 3309 τοὺς
704 3247 802 3317 τῆς
849 3246 1126 3308 εὐσεϐείας
1167 3247 1460 3318 τροφίμους
1490 3241 1925 3314 συναθροίξοντές
1947 3261 2003 3297 τε
2031 3245 2125 3299 καὶ
2155 3244 2428 3315 νέμοντες,
2497 3244 2587 3298 καὶ
2653 3245 2753 3314 τὴν
2829 3243 2979 3298 θείαν
3026 3244 3206 3307 αὐτοῖς
3285 3259 3461 3313 προσ-

198 3340 457 3412 φέροντες
492 3341 650 3392 πόαν.
681 3359 699 3390 ι
731 3338 948 3392 Τούτων
976 3338 1300 3408 εἰρημένων,
1334 3341 1362 3391 ὁ
1398 3339 1495 3408 μὲν
1521 3336 1766 3402 βασιλεὺς
1804 3335 2169 3405 ἐπεψηφίζετο
2201 3336 2276 3407 τῷ
2298 3341 2395 3407 τῆς
2414 3338 2705 3405 ἀπολογίας
2734 3336 2925 3409 δικαίῳ
2953 3334 3340 3403 συλλογισθείς.

269 3425 366 3492 Εἷς
396 3412 455 3483 δέ
481 3446 564 3490 τις
587 3416 696 3481 τῶν
722 3426 852 3480 οὔτε
872 3428 950 3489 είς
975 3427 1194 3498 ἀνδρας,
1234 3427 1358 3479 οὒτε
1400 3430 1479 3489 εἰς
1522 3428 1773 3494 γυναῖκας

1953 3425 2189 3492 Quidam
2214 3438 2394 3480 autem
2424 3442 2489 3481 ex
2529 3426 2598 3480 iis
2624 3428 2716 3497 qui
2742 3442 2843 3481 nec
2876 3426 2980 3479 viri
3011 3434 3328 3491 censentur,
3365 3438 3466 3479 nrc

199 3519 521 3583 τελούντων,
549 3518 664 3572 ἀλλ’
693 3518 1062 3588 ἀφῃρημένων
1095 3518 1155 3571 τὸ
1184 3518 1263 3587 τῷ
1300 3518 1476 3588 χρόνῳ
1519 3516 1772 3585 γενέσθαι

202 3612 466 3682 πατέρας,
498 3611 589 3663 καὶ
619 3609 809 3662 τούτου
847 3610 1031 3663 εῖνεκα
1059 3608 1237 3662 εὔνοοι
1270 3605 1407 3662 εἶναι
1447 3608 1657 3678 βασιλεί
1690 3624 1772 3661 νο-

206 3704 512 3773 μιζόμενοι,
539 3702 632 3754 καὶ
661 3700 759 3771 τὴν
788 3701 1155 3771 προσηγορίαν
1182 3700 1429 3753 ἐντεῦθεν
1459 3698 1773 3769 καρπούμε-

204 3811 300 3856 νοι,
324 3788 480 3855 οὗτος
511 3791 713 3846 ἄνωθεν
743 3790 821 3861 τῷ
849 3790 978 3861 θείῳ
1008 3789 1280 3861 ἀνθρώπῳ
1301 3789 1773 3859 λοιδορησάμενος,

207 3884 296 3938 at
325 3884 555 3937 θάνατον
586 3881 1073 3952 ’προσηπείλησεν·
1127 3879 1242 3934 ἀλλ’
1292 3881 1390 3934 οὐκ
1438 3880 1517 3941 εἰς
1558 3880 1776 3950 μακρὰν

205 3976 348 4029 ἔτισε
368 3976 467 4045 τῆς
500 3974 836 4045 θρασύτητος
866 3974 1045 4043 δίκην.
1080 3973 1186 4026 Τοῦ
1214 3974 1321 4057 γὰρ
1368 3971 1628 4043 βασιλέως
1677 3970 1777 4040 βα-

204 4067 402 4136 λανείῳ
452 4066 515 4119 τὸ
566 4065 723 4134 σῶμα
761 4058 1111 4135 ’θεραπεῦσαι
1144 4063 1489 4134 θελήσαντος,
1541 4060 1776 4132 προῆλθε

209 4158 305 4228 μὲν
334 4161 364 4211 ὁ
391 4157 643 4220 δείλαιος,
673 4158 745 4219 ὼς
773 4155 872 4228 τὴν
899 4154 1098 4208 πύελον
1127 4154 1413 4227 ὀψόμενος,
1453 4154 1499 4207 εί
1528 4146 1586 4206 εὖ
1618 4168 1777 4205 κεκεο

207 4253 456 4321 ρασμένη
485 4252 568 4320 εἴη
592 4265 605 4280 ο
640 4248 916 4319 πηρωθεὶς
945 4248 1001 4300 δὲ
1023 4248 1121 4310 τὰς
1161 4248 1383 4317 φρένας,
1418 4249 1482 4316 τῇ
1519 4245 1579 4297 τὸ
1606 4244 1771 4313 ἄκρα-

204 4358 295 4394 τον
323 4340 589 4410 δεχομένῃ
622 4338 821 4409 θερμὸν
871 4338 1014 4408 ὓδωρ
1069 4337 1413 4408 ὲπεπήδησεν
1456 4336 1779 4406 ἀσαμίνθῳ,

208 4435 300 4487 καὶ
326 4431 540 4494 οὐδενὸς
570 4431 718 4483 ἔνδον
764 4429 1028 4500 παρόντος
1082 4428 1266 4500 (μόνος
1308 4428 1416 4499 γὰρ
1446 4427 1707 4497 ὀψόμενος
1735 4428 1783 4479 εἰ

207 4523 471 4594 εὑτρεπὲς
493 4524 578 4588 εῐη
606 4521 959 4591 εἰσελήλυθε),
979 4521 1243 4591 διέμεινεν
1269 4520 1531 4588 ἑψόμενος
1553 4520 1645 4571 καί
1670 4518 1786 4571 δια-

217 4615 493 4684 λυόμενος.
518 4614 728 4682 Χρόνου
767 4612 825 4665 δὲ
856 4610 1059 4681 μεταξὺ
1110 4610 1455 4682 τριϐομένου,
1488 4610 1785 4679 εἰσπέμπει

210 4706 368 4762 ἄλλον
395 4707 424 4757 ὁ
449 4704 701 4773 βασιλεὺς
727 4706 933 4757 ἐκεῖνον
962 4703 1283 4767 καλέσοντα,
1323 4703 1513 4758 οὐδένα
1544 4703 1601 4756 δὲ
1632 4693 1787 4767 οὗτος

1878 3520 2115 3583 feminae,
2162 3520 2474 3589 quibusque
2500 3520 2812 3588 ademptum
2843 3527 2927 3574 est
2948 3534 3015 3573 ne
3037 3518 3249 3589 1182
3275 3526 3460 3588 patres

1878 3612 1993 3667 lieri
2024 3627 2258 3681 unquam
2282 3612 2510 3680 possint,
2527 3625 2702 3681 eoque
2726 3610 2972 3665 benevoli
2990 3610 3303 3680 imperatori
3328 3623 3453 3662 esse

1874 3704 2192 3767 creduntur,
2216 3703 2445 3773 indeque
2460 3718 2654 3757 nomen
2674 3701 2974 3771 accipiunt,
2994 3716 3117 3754 cum
3140 3700 3315 3753 virum
3336 3713 3468 3755 san-

1876 3805 2021 3851 ctum
2043 3796 2302 3850 conviciis
2320 3794 2522 3849 dudum
2541 3802 2686 3849 esset
2704 3794 3024 3852 insectatus,
3049 3792 3210 3846 etiam
3235 3800 3465 3845 mortem

1877 3888 2239 3945 comminatus
2265 3894 2366 3941 est.
2392 3884 2498 3939 Sed
2530 3886 2770 3940 audaciae
2801 3900 2989 3956 pcenas
3016 3899 3124 3937 non
3155 3883 3325 3936 multo
3343 3890 3465 3951 post

1877 3978 2044 4035 dedit.
2073 3977 2203 4030 Nam
2255 3992 2376 4031 eum
2416 3977 2469 4029 in
2491 3976 2684 4030 balneo
2705 3990 2902 4045 corpus
2919 3974 3101 4027 lavare
3122 3971 3281 4027 vellet
3300 3972 3469 4042 impe-

1878 4076 2029 4124 rator
2060 4068 2363 4137 ,praecessit
2386 4066 2593 4130 infelix,
2614 4066 2809 4121 solium
2828 4066 3198 4135 inspecturus,
3225 4078 3292 4116 an
3322 4071 3469 4117 recte

1879 4167 2024 4214 cs~et
2047 4167 2426 4229 temperatum,
2446 4166 2734 4228 emotaque
2762 4163 2938 4211 mente
2957 4155 3158 4211 desiliit
3180 4155 3234 4209 in
3257 4154 3468 4210 labrum

1886 4252 2032 4319 quod
2063 4240 2363 4305 ferventem
2391 4241 2587 4319 aquam
2622 4248 2942 4302 continebat
2979 4266 2991 4301 :
3028 4254 3082 4301 et
3114 4261 3237 4300 cum
3277 4247 3466 4301 nullus

1884 4344 2126 4408 adesset,
2163 4342 2293 4412 quia
2321 4342 2470 4396 solus
2524 4340 2591 4395 ad
2630 4339 3029 4410 explorandum
3062 4339 3320 4401 intrarat,
3354 4353 3451 4392 eo-

1884 4448 2004 4492 ctus
2057 4436 2403 4491 remansit'et
2444 4431 2769 4487 tabefactus.
2822 4431 3119 4502 Aliquanto
3160 4436 3284 4499 post
3330 4429 3469 4483 alte-

1888 4546 2008 4584 rum
2048 4528 2193 4581 misit
2227 4526 2548 4596 imperator,
2588 4525 2691 4594 qui
2715 4538 2837 4578 eum
2870 4529 3091 4577 vocaret
3127 4540 3139 4574 :
3186 4521 3279 4591 qui
3332 4535 3459 4574 eum

1889 4637 1983 4691 per
2015 4619 2183 4676 cellas
2211 4632 2405 4673 omnes
2444 4616 2715 4670 neminem
2750 4613 3072 4684 reperisset,
3109 4610 3358 4682 principi,
3380 4625 3468 4664 re-

1889 4711 2181 4781 nuntiavit.
2235 4711 2545 4762 Accurrunt
2594 4705 2793 4761 exinde
2846 4705 3181 4773 complures,
3230 4710 3283 4757 et
3323 4702 3464 4758 solia

213 4798 269 4850 ὲν
298 4796 480 4849 οὐδενὶ
507 4794 617 4848 τῶν
648 4796 812 4848 οἴκων
841 4794 1037 4865 εὑρὼν,
1073 4795 1412 4863 ἀπαγγέλλει
1442 4794 1519 4865 τῷ
1553 4794 1773 4864 βασιλεῖ.

1886 4803 2068 4859 omnia
2123 4801 2478 4871 perlustrant,
2512 4797 2843 4867 tandemque
2886 4796 2953 4851 ad
2989 4795 3121 4850 illud
3164 4794 3467 4860 venientes,

223 4886 325 4941 Ἐκ
364 4885 555 4941 τούτου
611 4886 829 4948 πλείους
872 4885 1109 4939 είσέθεον
1163 4886 1263 4948 τὰς
1304 4886 1533 4949 πυέλους
1568 4886 1785 4951 ἁπάσας

210 4976 647 5048 διερευνώμενοι,
680 4979 773 5034 καὶ
800 4976 865 5028 ’τὸ
892 4977 1198 5030 τελευταῖον
1228 4978 1307 5039 εἰς
1341 4978 1554 5047 ἐκείνην
1592 4979 1787 5044 ἀφικό-

217 5086 389 5137 μενοι,
422 5069 621 5139 ὁρῶσιν
646 5069 805 5121 αὐτὸν
838 5069 1185 5145 ἐρριμμένος),
1218 5068 1311 5121 καὶ
1342 5071 1439 5140 τῆς
1466 5070 1608 5140 ζωῆς
1640 5072 1789 5123 ἐστε-

217 5164 472 5236 ρημένον.
508 5162 748 5233 Θορύεου
782 5162 837 5214 δὲ
870 5162 1183 5230 γενομένου,
1217 5159 1310 5212 καὶ
1357 5160 1571 5212 πάντων
1604 5160 1788 5230 ὀδυρο-

218 5256 417 5325 μένων,
443 5255 492 5306 οἱ
525 5254 619 5321 μὲν
649 5253 708 5305 τὸ
738 5251 937 5322 θερμὸν
967 5254 1140 5305 ἐκεῖνο
1170 5251 1500 5321 ἐξήντληπαν
1535 5249 1698 5321 ὖδώρ,
1738 5252 1786 5303 οἱ

214 5346 272 5401 δὲ
299 5348 361 5397 τὸ
390 5343 698 5415 τρισάθλιον
743 5344 1073 5416 ἀνεκὸμιπαν
1105 5342 1280 5410 σῶμα.
1346 5340 1625 5395 Ἐντεῦθεν
1672 5342 1788 5405 δέος

219 5436 505 5488 ἐπιπίπτει
528 5434 603 5502 τῷ
638 5433 867 5504 βασιλεῖ,
902 5436 996 5487 καὶ
1023 5436 1153 5487 πᾶσι
1181 5437 1291 5497 τοῖς
1324 5433 1462 5487 κατά
1506 5434 1603 5503 τῆς
1642 5434 1794 5485 εὐσε-

219 5528 370 5591 ϐείας
396 5526 794 5599 ὁπλιζομένοις.
848 5529 1007 5597 Φήμη
1034 5527 1090 5580 δὲ
1141 5527 1227 5580 διὰ
1278 5527 1458 5594 πάσης
1490 5526 1672 5594 ἡγεῖτο
1695 5526 1791 5594 τῆς

222 5619 447 5683 πόλεως,
477 5619 593 5680 οἵας
616 5620 820 5680 ἐκεῖνος
840 5622 868 5670 ὁ
889 5618 1229 5688 ταλαίπωρος
1259 5620 1353 5687 τῆς
1384 5618 1522 5669 κατὰ
1553 5617 1791 5687 “spai-

218 5727 311 5761 του
351 5709 633 5780 παροινίας
664 5708 805 5761 ἔτισε
834 5708 1008 5771 δίκας,
1044 5709 1138 5760 καὶ
1174 5709 1368 5770 πάντες
1403 5707 1491 5759 τὸν
1541 5706 1786 5776 Ἄφραά-

220 5818 318 5857 tau
340 5802 606 5857 διετέλουν
640 5799 930 5870 ὑμνοῦντες
970 5799 1121 5853 Θεό-ι.
1170 5800 1339 5853 Τοῦτο
1389 5798 1492 5853 τῶν
1535 5800 1791 5853 ἐναντίων

1893 4904 2225 4966 prostratum
2252 4900 2306 4948 et
2320 4890 2622 4947 exanimem
2642 4889 3011 4960 conspiciunt.
3039 4887 3305 4942 Tumultu
3334 4901 3468 4940 conv

1895 4986 2085 5043 citato,
2117 4980 2375 5036 ﬂentibus
2401 4979 2704 5042 universis,
2739 4979 2831 5034 alii
2891 4977 3191 5035 ferventem
3220 4977 3367 5031 illam
3406 4992 3464 5029 a-

1896 5091 2056 5147 quam
2088 5072 2437 5135 exhauriunt,
2464 5071 2556 5125 alii
2578 5071 2947 5126 miserrimum
2974 5084 3173 5138 corpus
3202 5068 3464 5123 educunt.

1904 5167 2042 5222 llinc
2080 5177 2255 5220 terror
2310 5165 2695 5236 imperatorem
2758 5162 2992 5229 invadit,
3048 5171 3100 5216 ct
3148 5176 3337 5215 omnes
3372 5159 3470 5230 qui

1904 5260 2174 5314 adversus
2198 5256 2455 5326 pietatem
2491 5255 2693 5310 bellum
2733 5267 2929 5324 gerunt
2964 5273 2976 5308 :
3009 5266 3343 5323 sparsusque
3376 5266 3471 5320 per
3513 5258 3519 5264 ”

1899 5351 2087 5405 urbem
2114 5355 2198 5402 est
2247 5362 2457 5410 rumor,
2494 5361 2656 5416 quam
2696 5359 2889 5415 graves
2919 5358 3106 5413 pcenas
3129 5341 3290 5396 luerit
3327 5340 3468 5393 infe-

1903 5442 1977 5494 lix
2025 5440 2135 5502 ille,
2177 5437 2269 5507 qui
2311 5437 2639 5506 Apbraatem
2672 5437 3004 5505 petulantius
3044 5435 3463 5504 cxagitarat.’ct

1899 5530 2062 5586 Deum
2095 5527 2384 5599 Aphraatis
2447 5527 2694 5581 certatim
2747 5541 2938 5579 omnes
2993 5523 3244 5579 laudibus
3278 5523 3468 5579 edere-

1901 5623 2049 5676 bant.
2083 5621 2215 5687 Quae
2246 5636 2332 5674 res
2356 5620 2589 5682 Obslilil,
2625 5634 2708 5681 ne,
2739 5616 2885 5686 quod
2906 5616 3215 5670 adversarii
3241 5625 3464 5669 conton-

1899 5715 2122 5776 debant,
2159 5714 2210 5764 in
2240 5711 2496 5765 exsilium
2533 5712 2872 5780 relegaretur
2904 5710 2985 5762 vir
3017 5707 3133 5763 Dei.
3157 5706 3465 5763 Exterritus

1903 5816 2138 5877 namque
2167 5805 2481 5874 imperatur,
2519 5817 2611 5858 eos
2639 5783 2731 5873 qui
2762 5800 2813 5855 id
2844 5799 3138 5858 suaderent
3178 5798 3465 5859 aversaba-
