4206 6456
751 382 888 448 1375

1738 387 2227 449 THEODORETI
2261 386 2600 449 EPISCOPI
2629 388 2995 451 CYRENSIS

3876 393 4020 461 1376

746 502 860 561 tur,
904 497 1080 553 virum
1111 508 1289 553 autem
1322 498 1629 553 reverentia
1657 500 2116 570 prosequebatur.
2155 497 2322 568 Cujus

2432 500 2796 569 ἐπικειμένων
2819 501 3307 574 ἐξοστρακισθῆναι
3330 505 3422 559 τὸν
3441 506 3536 560 τοῦ
3557 505 3691 561 Θεοῦ
3723 506 4019 578 ἄνθρωπον

743 588 1005 643 virtutem
1037 590 1203 642 etiam
1240 589 1464 644 aliunde
1490 592 1772 660 cognovit.

2425 590 2773 645 διεκώλυσεν.
2839 594 3293 664 Ἐκδειματωθείς
3347 595 3510 666 γάρὸ
3565 596 3845 667 βασιλεὺς,
3884 599 4018 659 τοὺς

752 678 853 749 μὲν
889 680 1063 733 ταῦτα
1093 680 1496 751 παραινοῦντας
1538 681 1951 752 ἀπεστρέφετο,
1994 681 2054 733 ἐν
2101 681 2241 734 αἰδοῖ
2267 680 2326 733 δέ
2363 680 2453 733 τὸν
2487 681 2656 752 ἄνδρα
2689 680 2853 753 εἶχεν.
2895 685 3108 754 Ἐμαθε
3173 686 3230 739 δὲ
3283 687 3387 757 τὴν
3429 687 3629 758 ἀρετὴν
3672 688 3837 742 αὐτοῦ
3920 689 4016 743 καὶ

747 776 1036 847 ἑτέρωθεν.

819 869 1005 938 Equus
1036 876 1155 922 erat
1178 883 1380 938 genere
1412 869 1635 935 nobilis,
1662 879 1719 924 et
1752 872 2114 936 exercitatus,
2144 870 2323 939 impe-

745 961 914 1014 ratori
953 960 1113 1027 longe
1143 961 1521 1017 charissimus.
1551 964 1602 1017 Is
1633 964 1825 1017 morbo
1871 972 2158 1035 correptus
2187 979 2321 1018 tuaa-

744 1064 869 1105 rore
898 1049 1169 1104 alliciebat
1232 1051 1619 1118 imperatorem
1654 1072 1667 1107 :
1707 1054 1923 1125 1183
1973 1055 2201 1110 morbus
2225 1071 2323 1109 au-

741 1148 849 1195 tem
879 1154 998 1197 erat
1031 1142 1317 1198 reddenda:
1342 1145 1515 1199 urinae
1544 1145 1858 1200 diflicultas.
1894 1144 2035 1200 Huic
2062 1149 2326 1202 curanda:

742 1235 1159 1289 advocabuntur
1219 1235 1312 1306 qui
1360 1246 1532 1291 artem
1592 1237 1740 1291 illam
1777 1238 2070 1306 callebant,
2103 1248 2156 1294 et
2199 1256 2325 1294 cum

743 1342 834 1381 ars
916 1327 1159 1391 cederet,
1223 1328 1530 1398 angebatur
1600 1330 1944 1400 imperator,
1997 1331 2327 1403 lugebatque

747 1433 1018 1485 equorum
1055 1426 1299 1475 curator.
1353 1417 1457 1485 Qui
1516 1421 1639 1489 pius
1685 1435 1810 1474 cum
1855 1433 2025 1485 esset,
2058 1438 2122 1477 ac
2169 1422 2326 1477 firma

752 1508 856 1562 lide
884 1510 1168 1578 praeditus,
1226 1511 1403 1564 media
1438 1513 1555 1564 luce
1586 1526 1711 1564 cum
1745 1526 1887 1581 equo
1915 1511 1981 1565 ad
2038 1514 2220 1584 magni
2253 1513 2327 1566 A-

744 1602 998 1669 phraatis
1031 1603 1404 1657 habitaculum
1442 1618 1501 1657 se
1530 1604 1788 1668 contulit,
1820 1606 2123 1674 morboque
2154 1621 2323 1676 expo-

742 1693 871 1757 sito,
891 1702 944 1747 et
977 1692 1078 1748 lide
1106 1709 1200 1747 sua
1225 1694 1489 1756 indicata,
1522 1696 1717 1749 orabat
1747 1705 1806 1750 ut
1838 1699 2041 1750 malum
2071 1699 2325 1752 oratione

742 1798 843 1835 sua
880 1782 1197 1851 depelleret.
1223 1781 1327 1849 Qui
1352 1788 1367 1806 ‘
1407 1784 1542 1837 nihil
1581 1793 1896 1850 cunctatus,
1927 1787 2020 1840 scd
2041 1787 2106 1840 ad
2128 1801 2321 1857 preces

2501 863 2696 927 Ἵππος
2723 882 2804 927 τις
2829 866 2936 920 τῶν
2965 863 3025 921 εὖ
3059 869 3398 936 πεφυκότων,
3435 873 3527 924 καὶ
3559 872 3748 942 φέρειν
3776 871 3838 927 εῦ
3864 877 4015 944 μάλα

2427 954 2828 1025 δεδιδαγμένος.
2857 958 3158 1028 ἐπέραστος
3188 956 3257 1030 ἦν
3289 960 3411 1014 λίαν
3448 961 3785 1033 τῷ·βασιλεϊ.
3822 965 4017 1038 Τούτῳ

2431 1046 2602 1110 πάθος
2622 1065 2674 1100 τι
2710 1049 2921 1119 συμϐὰν
2952 1051 3192 1121 ἀνιαρῶς
3213 1052 3430 1107 διετίθει
3457 1055 3548 1107 τὸν
3576 1056 3797 1126 βασιλέα
3819 1073 3832 1085 ·
3862 1061 4017 1112 ἐπαί-

2430 1154 2557 1207 χετο
2589 1139 2645 1191 δὲ
2673 1140 2838 1193 αὐτοῦ
2867 1140 2976 1194 τῶν
3002 1142 3187 1213 ὑγρῶν
3208 1147 3640 1216 περιττωμάτων
3665 1150 3697 1217 ἡ
3732 1148 4007 1221 ἔκκρισις.

2431 1228 2574 1299 Πρὸς
2622 1231 2827 1301 ταύτην
2876 1232 3166 1288 ἐκαλοῦντο
3199 1235 3300 1306 τὴν
3354 1236 3651 1308 θεραπείαν
3704 1241 3754 1292 οί
3799 1241 4013 1311 ταύτην

2422 1322 2727 1391 ἠσκημένοι
2776 1323 2874 1394 τὴν
2906 1325 3123 1396 τέχνην.
3180 1329 3525 1401 Ἠττωμένης
3552 1330 3609 1383 δὲ
3654 1333 3747 1384 καὶ
3774 1332 4008 1403 ταύτης,

2421 1415 2612 1483 ἠνιᾶτο
2634 1419 2662 1468 ό
2695 1414 2969 1485 βασιλεὺς.
3000 1420 3094 1469 καὶ
3114 1417 3475 1489 ὠλοφύρετοὸ
3496 1420 3603 1472 τῶν
3634 1423 3817 1475 ἵππων
3840 1441 4008 1476 πεπι-

2424 1506 2717 1573 στευμένος
2747 1504 2846 1575 τὴν
2882 1504 3221 1575 ἐπιμέλειαν.
3258 1507 3502 1578 Εὐσεϐὴς
3529 1510 3585 1563 δὲ
3611 1509 3707 1575 ῶν,
3741 1513 3835 1565 καὶ
3863 1517 4009 1568 κατά

2419 1594 2518 1665 τὴν
2550 1596 2732 1649 πίστιν
2762 1597 3094 1667 ἐρρωμένος,
3150 1599 3422 1669 μεσούσης
3465 1600 3679 1677 ἡμέρας
3721 1603 4013 1673 καταλαμ-

2426 1687 2578 1740 ϐάνει
2607 1689 2703 1741 σὺν
2731 1688 2806 1757 τῷ
2834 1689 2985 1759 ἵππῳ
3010 1688 3104 1742 τοῦ
3131 1690 3367 1759 μεγάλου
3415 1691 3719 1763 Ἀφραάτου
3743 1695 3804 1746 τὸ
3835 1712 4007 1748 κατα-

2429 1778 2652 1846 γώγιον,
2686 1781 2779 1831 καὶ
2807 1780 2868 1832 τὺ
2902 1780 3073 1842 πάθος
3103 1779 3304 1846 εἰπὼν,
3344 1782 3438 1834 καὶ
3470 1781 3567 1853 τὴν
3613 1785 3797 1837 πίστιν
3827 1785 4006 1856 δηλώ-

742 1877 926 1929 statim
953 1891 1276 1940 universus,
1301 1891 1497 1946 aquam
1517 1894 1581 1931 ex
1611 1887 1773 1946 puteo
1800 1878 2027 1937 hauriri.
2054 1880 2319 1949 signoque

2425 1886 2542 1931 σας,
2576 1869 2786 1921 ίκέτευε
2815 1873 3089 1941 προσευχῇ
3122 1869 3280 1923 λῦσαι
3327 1872 3426 1939 τὴν
3457 1872 3629 1925 νόσον.
3678 1873 3735 1926 Ὀ
3760 1873 3818 1924 δὲ
3850 1875 4009 1927 οὐδὲν

745 1968 1003 2021 salutaris
1035 1968 1216 2024 crucis
1245 1968 1523 2038 imposito,
1551 1970 1615 2021 ad
1648 1985 1850 2039 equum
1881 1970 2064 2025 afferri
2104 1972 2274 2040 jussit
2306 1991 2317 2024 ε

740 2075 901 2128 quam
926 2067 1123 2129 praeter
1144 2075 1348 2114 morem
1379 2076 1501 2113 mox
1536 2061 1693 2114 bibit.
1728 2060 1932 2116 Deinde
1958 2063 2079 2117 oleo
2107 2063 2324 2118 iuvoca~

740 2150 887 2203 ti0ue
917 2149 1101 2203 divina
1138 2150 1424 2204 benedicta
1455 2150 1579 2219 equi
1606 2151 1785 2205 alvum
1829 2152 2074 2217 iutmxit,
2104 2168 2325 2207 manus-

738 2256 845 2310 que
871 2250 1125 2295 contactu
1157 2240 1381 2296 morbus
1415 2242 1546 2296 abiit
1573 2242 1852 2312 evestigio,
1884 2251 1937 2296 et
1969 2244 2141 2296 urina:
2168 2252 2325 2298 natu-

749 2333 886 2387 ralis
924 2332 1134 2401 egestio
1168 2342 1358 2388 secuta
1385 2342 1490 2388 est.
1524 2332 1705 2389 Laetus
1740 2336 1905 2403 igitur
1928 2336 2015 2391 ille
2040 2352 2163 2390 cum
2185 2351 2326 2407 equo

739 2423 804 2475 ad
866 2424 1147 2478 stabulum
1171 2424 1348 2479 rediit.
1378 2424 1492 2478 Sub
1509 2440 1794 2494 vesperam
1828 2438 2030 2491 autem,
2060 2443 2165 2497 qua
2193 2428 2325 2483 hora

737 2515 1011 2569 stabulum
1077 2518 1256 2571 visere
1286 2517 1498 2571 solebat
1553 2519 1871 2587 imperator,
1913 2534 2038 2571 cum
2072 2520 2138 2575 de
2176 2536 2327 2575 more

738 2607 994 2673 venisset,
1019 2608 1085 2664 de
1108 2624 1252 2679 equo
1275 2618 1628 2680 percontatus
1656 2619 1739 2665 est
1761 2611 1851 2679 qui
1872 2611 2095 2665 valeret.
2118 2613 2322 2667 Etcum

747 2700 839 2755 ille
860 2702 1169 2756 restitutam
1202 2702 1251 2756 ei
1286 2702 1650 2757 valetudinem
1677 2702 2073 2771 respondisset,
2096 2718 2326 2772 equum-

737 2806 847 2860 que
900 2792 1266 2861 produxisset,
1319 2800 1379 2847 ut
1423 2793 1693 2849 valentem
1734 2794 1907 2859 illum,
1944 2802 1998 2849 et
2044 2797 2327 2851 exsultan-

738 2892 847 2937 tem
899 2882 1348 2953 hinnientemque
1414 2895 1467 2939 et
1494 2885 1764 2939 cervicem
1813 2888 2043 2956 superbe
2076 2888 2326 2942 attollen-

736 2986 840 3029 tem
874 2975 1044 3038 vidit,
1082 2976 1275 3031 salutis
1310 2990 1533 3032 causam
1568 2979 1939 3048 interrogavit.
1993 2978 2091 3033 Diu
2144 2990 2324 3035 autem

738 3066 827 3120 ille
861 3068 1278 3137 tergiversatus,
1298 3070 1441 3138 quod
1478 3071 1746 3124 medicum
1791 3072 2021 3141 prodere
2043 3072 2326 3128 nouaude-

737 3165 837 3223 ret,
874 3157 1146 3213 infensum
1169 3159 1245 3215 illi
1277 3176 1399 3216 esse
1421 3162 1602 3217 sciens
1641 3179 1764 3217 eum
1799 3169 1891 3235 qui
1916 3166 2319 3233 sciscitabatur,

740 3261 929 3300 verum
986 3250 1203 3304 tandem
1265 3252 1418 3306 eflari
1454 3264 1679 3308 coactus
1736 3265 1841 3320 est,
1909 3258 2319 3327 curationisque

742 3337 964 3401 modum
1013 3340 1259 3395 edocuit.
1287 3340 1584 3413 Obstupuit
1616 3344 1836 3414 quidem
1871 3345 2185 3415 imperator,
2220 3348 2317 3404 ab-

734 3429 1160 3501 mirandnmque
1224 3449 1453 3503 prorsus
1517 3438 1690 3490 virum
1725 3453 1847 3492 esse
1871 3438 2158 3493 confessus
2186 3446 2271 3493 est
2302 3457 2315 3492 :

740 3537 767 3575 a
801 3524 1036 3593 pristina
1083 3537 1269 3581 tamen
1309 3528 1524 3582 insania
1558 3545 1665 3583 non
1697 3531 1925 3594 destitit,
1980 3531 2074 3585 sed
2123 3531 2317 3586 adver-

739 3630 835 3670 sus
870 3615 1227 3687 Unigenitum
1262 3619 1445 3677 furere
1506 3623 1765 3691 perstitit,
1800 3622 1978 3689 quoad
2027 3622 2316 3677 barbarico

734 3708 947 3762 tandem
981 3710 1104 3780 igne
1130 3721 1511 3783 consumptus,
1537 3726 1586 3769 et
1613 3730 1873 3771 concessa
1899 3715 2115 3787 1185
2137 3714 2315 3770 famu-

735 3798 801 3853 lis
840 3814 904 3853 ac
962 3802 1237 3859 mendicis
1298 3806 1583 3874 sepultura
1639 3808 1885 3873 privatus
1932 3817 2037 3863 est.
2084 3808 2314 3863 Divinus

732 3905 864 3944 vero
904 3892 1213 3961 Aphraates
1239 3903 1293 3951 et
1316 3896 1369 3949 in
1404 3897 1496 3951 illa
1526 3906 1847 3968 tempesratc
1879 3900 2132 3952 virtutem
2157 3914 2311 3955 suam

734 3982 1004 4052 patefecit,
1039 3994 1093 4040 et
1126 3986 1341 4043 reddita
1379 3991 1773 4060 tranquillitate
1817 3992 2006 4045 eadem
2050 4000 2313 4060 praestare

732 4077 1100 4140 perseveravit
1151 4097 1164 4132 :
1211 4078 1426 4150 aliaque
1478 4082 1763 4135 innumera
1809 4083 1980 4136 edidit
2021 4083 2307 4148 miracula,

730 4178 793 4218 ex
839 4166 1040 4234 quibus
1064 4185 1229 4224 unum
1251 4180 1346 4226 aut
1370 4173 1600 4228 alterum
1625 4175 2092 4230 commemorabo.

2429 1960 2719 2030 μελλήσας,
2748 1960 2882 2014 ἀλλὰ
2921 1962 3237 2030 παραυτίκα
3262 1961 3353 2015 τὸν
3375 1961 3507 2015 Θεὸν
3534 1964 3839 2028 ἱκετεύσας,
3859 1965 4010 2037 ὕδωρ

2425 2054 2711 2106 ἐκέλευσεν
2758 2056 2821 2105 ἐκ
2863 2050 2956 2104 τοῦ
2996 2053 3234 2123 φρέατος
3261 2052 3655 2124 ἀνιμήσασθαι,
3696 2060 3790 2110 καὶ
3825 2058 4014 2130 τούτῳ

2424 2144 2517 2195 τοῦ
2546 2144 2816 2212 σωτηρίου
2846 2143 3079 2214 σταυροῦ
3102 2144 3162 2195 τὸ
3190 2142 3458 2214 σύμϐολον
3492 2145 3719 2210 ἐπιθεὶς,
3756 2148 4010 2218 προσερέ-

2429 2251 2541 2303 ρειν
2566 2234 2642 2304 τῷ
2691 2235 2842 2304 ἵππῳ
2894 2234 3247 2306 προσέταξεν.
3295 2236 3354 2288 '0
3404 2237 3461 2289 δὲ
3514 2238 3663 2308 παρὰ
3700 2236 3762 2290 τὸ
3811 2240 4010 2303 είωθδς

2425 2324 2597 2378 ἔπιεν.
2643 2321 2775 2380 Εἶτα
2811 2324 2987 2379 ἔλαιον
3031 2328 3095 2395 τῇ
3132 2325 3417 2395 ἐπικλήσει
3450 2329 3515 2397 τῇ
3554 2326 3676 2398 θείᾳ⁸
3705 2327 4011 2396 πληρώσας

2425 2418 2676 2487 εὐλογίας
2702 2459 2717 2482 ,
2762 2417 2999 2488 ἐπιχρίει
3048 2418 3147 2489 τὴν
3170 2416 3263 2469 τοῦ
3294 2418 3462 2469 ἵππου
3492 2419 3755 2488 γαστέρα,
3804 2421 3907 2472 καὶ
3940 2424 4008 2490 τῇ

2427 2514 2536 2583 ἁφῇ
2560 2511 2659 2581 τῆς
2680 2510 2860 2582 χειρὸς
2879 2509 3040 2571 εὐθὺς
3056 2508 3221 2579 ἐλύθη
3248 2509 3307 2562 τὸ
3322 2509 3511 2573 πάθος,
3541 2512 3634 2562 καὶ
3655 2510 4010 2581 παραχρῆμα

2424 2607 2457 2675 η
2491 2605 2736 2674 ἔκκρισις
2781 2603 2922 2657 κατά
2968 2602 3131 2671 φύσιν
3184 2602 3422 2669 ἐγένετο.
3482 2601 3729 2672 Γεγηθὼς
3765 2603 3952 2655 τοίνυν
3981 2606 4011 2655 ό

2426 2698 2729 2768 ἄνθρωπος,
2757 2696 2849 2748 τὸν
2878 2696 3042 2748 ἵππον
3072 2694 3274 2757 λαϐὼν,
3300 2695 3393 2746 ἐπὶ
3422 2695 3511 2748 τὸν
3544 2694 3762 2747 ἰππῶνα
3785 2695 4003 2764 ἔτρεχε.

2425 2788 2613 2856 Δείλης
2642 2787 2700 2839 δέ
2728 2787 2886 2855 ὀψίας
2922 2786 3087 2855 (κατά
3120 2785 3308 2838 τοῦτον
3338 2785 3445 2856 γὰρ
3477 2785 3569 2838 τὸν
3600 2787 3790 2855 καιρὸν
3817 2786 4008 2839 εἰώθει

2424 2883 2452 2934 ὁ
2484 2878 2734 2949 βασιλεὺς
2766 2878 2858 2931 ἐπὶ
2877 2879 2968 2931 τὸν
3003 2878 3221 2931 ίππῶνα
3255 2881 3465 2948 φοιτᾷ-ι)
3498 2873 3602 2948 ἧκέ
3622 2895 3681 2930 τε
3716 2880 3812 2931 καὶ
3835 2878 4008 2949 ἤρετο

2426 2972 2573 3034 ὅπως
2596 2970 2708 3040 ἔχει
2735 2972 2762 3022 δ
2796 2970 2979 3032 ἵππος.
3017 2969 3122 3022 Τοῦ
3158 2970 3214 3022 δὲ
3257 2968 3356 3039 τὴν
3388 2970 3598 3037 ὑγίειαν
3629 2972 4003 3040 σημάναντος,

2427 3066 2522 3118 καὶ
2554 3064 2644 3115 τὸν
2673 3063 2837 3115 ἵππον
2877 3062 3255 3129 ἐξαγαγόντος,
3285 3063 3594 3134 ἐρρωμένον
3620 3063 3812 3116 τοῦτον
3850 3062 4004 3131 ἰδὼν,

2429 3158 2521 3209 καὶ
2547 3154 2858 3225 γαυριῶντα
2881 3200 2894 3217 ,
2948 3155 3041 3207 καὶ
3076 3153 3486 3224 χρεμετίζοντα,
3534 3155 3632 3208 καὶ
3676 3155 3765 3207 τὸν
3794 3158 4005 3226 αὐχένα

2429 3247 2673 3318 σοϐαρῶς
2700 3246 3045 3299 ἀνατείνοντα
3071 3286 3084 3309 ,
3125 3246 3225 3314 τῆς
3254 3246 3461 3313 ὑγιείας
3513 3245 3846 3299 ἐπυνθάνετο
3894 3248 3999 3318 τὴν

2425 3339 2621 3393 αἰτίαν.
2672 3339 2757 3400 Ὠς
2784 3337 2839 3389 δὲ
2868 3336 3125 3399 πολλάκις
3158 3338 3332 3389 εἰπεῖν
3367 3336 3803 3407 ἀναϐαλλόμενος
3842 3340 4002 3407 (ἐδε-

2421 3434 2520 3486 δίει
2548 3432 2655 3505 γὰρ
2688 3430 2962 3494 ὑποδεῖξαι
2990 3430 3079 3482 τὸν
3116 3430 3317 3500 ἰατρὸν,
3350 3429 3590 3499 δυσμενῆ
3616 3430 3707 3482 τὸν
3735 3431 4002 3500 ἐρόμενον

2422 3523 2831 3592 ἐπιστάμενος),
2861 3521 2957 3590 ὀψέ
2988 3538 3116 3573 ποτε
3134 3520 3365 3591 τάληθὲς
3396 3524 3569 3574 είπεῖν
3600 3522 3853 3592 ἐϐιάσθη.
3904 3524 4001 3577 καὶ

2420 3615 2521 3684 τῆς
2565 3615 2862 3685 θεραπείας
2911 3615 3001 3666 τὸν
3050 3615 3250 3684 τρόπον
3291 3615 3548 3680 ἐδίδαξεν.
3601 3617 4000 3688 Ἐκπλήττεται

2425 3708 2521 3779 μὲν
2544 3710 2572 3761 ὁ
2607 3706 2876 3777 βασιλεὺς,
2903 3707 2995 3759 καὶ
3017 3707 3343 3774 άξιάγαστον
3371 3703 3509 3761 εἶναι
3538 3712 3627 3761 τὸν
3656 3709 3825 3781 ἀνδρα
3858 3711 3997 3763 καθ-

2420 3800 2689 3870 ομολογεῖ.
2729 3800 2802 3853 Οὐ
2837 3798 2945 3869 μὴν
2983 3801 3082 3868 τῆς
3128 3801 3399 3870 προτέρας
3448 3801 3739 3871 ἀπηλλάγη
3770 3803 3996 3870 μανίας,

2422 3891 2536 3946 ἀλλ’
2567 3890 2801 3960 ἐπέμενε
2828 3890 2969 3943 κατά
2997 3887 3089 3942 τοῦ
3120 3889 3459 3958 Μονογενοῦς
3484 3890 3720 3952 λυττῶν,
3761 3893 3868 3955 ἕως
3908 3894 3997 3947 δτι

2424 3981 2756 4055 βαρϐαρικοῦ
2789 3980 2958 4050 πυρὸς
2984 3980 3201 4049 ἐγένετο
3228 3984 3626 4053 παρανάλωμα,
3666 3984 3788 4037 οὐδὲ
3814 3985 3997 4053 ταφῆς

2422 4080 2513 4132 ί¹σα
2535 4078 2647 4139 τοῖς
2677 4074 2915 4137 οἰκέταις
2942 4073 2974 4143 ἦ
3015 4074 3338 4145 προσαίταις
3378 4072 3647 4139 ἀξιωθείς.
3682 4076 3741 4129 Ὀ
3771 4075 3829 4127 δὲ
3852 4075 3997 4139 θεῖος

2425 4170 2756 4239 Ἀφραάτης,
2780 4167 2874 4221 καὶ
2899 4169 2955 4220 ἐν
2977 4166 3159 4237 ἐκείνῃ
3185 4168 3251 4236 τῇ
3284 4166 3421 4240 ζάλῃ
3446 4166 3544 4237 τὴν
3564 4167 3766 4219 οἰκείαν
3794 4167 3996 4234 ἔδειξεν

728 4258 928 4330 ἀρετὴν
961 4260 1055 4312 καὶ
1109 4262 1351 4335 γαλήνης
1378 4266 1676 4337 γενομένης
1748 4266 1817 4319 τα
1877 4267 1963 4321 ἴσα
2026 4267 2168 4336 δρῶν
2232 4265 2519 4319 διετέλεσε.
2589 4262 2699 4315 Καὶ
2744 4260 2879 4314 ἀλλα
2908 4258 2964 4311 δὲ
2998 4259 3164 4330 μυρία
3226 4259 3520 4329 εἰργάσατο
3586 4258 3845 4330 θαύματα
3877 4254 3997 4326 ,ὧν

733 4348 850 4411 ἐνὸς
878 4349 910 4417 ἢ
938 4351 1030 4404 δύο
1057 4353 1458 4425 μνησθήσομαι.

802 4440 999 4496 Mulier
1036 4445 1285 4513 quaedam
1344 4446 1517 4516 stirpe
1570 4446 1795 4509 illustri.
1858 4450 1977 4504 viro
2034 4451 2303 4519 intempe-

2486 4446 2626 4518 Γυνὴ
2657 4463 2741 4508 τις
2768 4445 2875 4497 τῶν
2900 4443 3260 4512 εὐπατριδῶν,
3299 4443 3580 4513 ἀκολάστῳ
3620 4445 3773 4515 ἀνδρὶ
3805 4446 3991 4503 συνέλ-

732 4537 875 4589 ranti
904 4535 1091 4604 juncta
1126 4539 1500 4603 matrimonio,
1544 4540 1607 4594 ad
1645 4542 1861 4595 beatum
1926 4543 2103 4596 virum
2139 4544 2307 4606 venit,

2421 4555 2585 4591 κουσα
2615 4537 2703 4589 τὸν
2734 4535 2827 4589 τοῦ
2854 4535 3033 4603 γάμου
3058 4535 3241 4601 ζυγὸν,
3268 4534 3495 4603 ἀφίκετο
3525 4535 3659 4606 πρὸς
3687 4538 3778 4589 τὸν
3808 4544 3994 4609 μακά-

732 4628 1029 4696 deplorans
1086 4630 1452 4687 calamitatem
1482 4647 1662 4687 suam.
1722 4633 1911 4687 Aiebat
1942 4636 2085 4689 enim
2128 4636 2306 4704 pelliei

733 4720 1013 4774 addictum
1058 4722 1292 4787 magicis
1325 4724 1652 4791 quibusdam
1689 4727 1988 4796 praestigiis
2020 4727 2193 4781 fuisse
2223 4729 2308 4781 in-

733 4819 1033 4875 cantatum,
1101 4822 1154 4866 et
1188 4814 1311 4869 odio
1353 4814 1551 4870 habere
1580 4831 1637 4870 se
1663 4818 1901 4885 legitimo
1928 4820 2179 4890 conjugio
2208 4821 2308 4890 ipsi

736 4903 1067 4970 copulatam.
1103 4903 1227 4958 Haec
1259 4915 1440 4960 autem
1464 4907 1531 4961 ad
1565 4909 1867 4963 atriensem
1890 4910 2116 4978 januam
2154 4920 2309 4968 stans

737 4993 934 5048 mulier
982 4996 1219 5052 dicebat.
1254 4998 1327 5052 lbi
1361 5000 1508 5054 enim
1538 4999 1780 5056 feminas
1812 5004 2016 5071 alloqui
2074 5006 2304 5072 solebat,

736 5101 912 5154 neque
950 5087 1116 5141 ullam
1151 5089 1297 5143 intra
1330 5090 1556 5159 januam
1582 5097 1790 5166 recepit
1824 5112 2088 5165 unquam.
2114 5097 2306 5153 Mulie-

735 5192 847 5229 rem
879 5192 1012 5246 ergo
1061 5180 1358 5246 ejulautem
1391 5182 1714 5247 miseratus,
1750 5186 2154 5255 pmstigiarum
2197 5188 2303 5241 vim

737 5270 990 5335 precibus
1022 5274 1305 5340 repressit.
1342 5283 1397 5328 et
1425 5275 1650 5328 allatum
1678 5276 1745 5329 ab
1783 5293 1846 5331 ea
1884 5278 2169 5332 vasculum
2200 5279 2303 5333 olei

735 5359 916 5412 divina
955 5360 1295 5419 invocatione
1353 5365 1734 5447 sanctificans,
1768 5384 1833 5421 eo
1879 5369 2054 5422 virum
2113 5370 2304 5439 inungi

749 5450 925 5515 iussit.
956 5452 1111 5518 Quod
1149 5455 1238 5509 illa
1271 5473 1392 5511 cum
1442 5457 1684 5523 fecissit,
1715 5460 1817 5513 viri
1855 5476 2093 5517 amorem
2149 5461 2203 5515 in
2248 5478 2307 5517 se

738 5545 1039 5610 transtulit,
1072 5547 1231 5617 eique
1264 5551 1542 5618 persuasit
1574 5562 1633 5605 ttt
1667 5551 1954 5621 illegitimo
1997 5561 2118 5608 toro
2168 5554 2303 5623 legi-

740 5630 931 5684 timum
974 5645 1348 5704 anteponeret.
1397 5637 1808 5708 Feruntetiam,
1850 5658 1973 5697 cum
2029 5644 2082 5696 in
2127 5647 2305 5714 regio-

736 5742 854 5777 nem
910 5743 1128 5797 repente
1190 5731 1484 5802 aliquando
1544 5733 1831 5790 irruisscnt
1868 5739 1882 5754 ‘
1944 5735 2197 5799 locustae,
2255 5745 2306 5789 et

733 5817 871 5885 ignis
934 5822 1105 5875 instar
1136 5827 1315 5879 omnia
1351 5836 1755 5885 consumerent.
1799 5835 2026 5895 segetes,
2058 5829 2301 5884 arbores.

2414 4647 2528 4699 ριον
2568 4630 2776 4682 ἐκεῖνον
2827 4626 3134 4697 ἄνθρωπον,
3163 4626 3261 4696 τὴν
3291 4626 3497 4679 οἰκείαν
3532 4629 3825 4683 κωκύουσα
3864 4649 3997 4705 συμ-

2412 4719 2603 4791 φοράν.
2641 4720 2888 4787 Ἔφασκε
2928 4716 3035 4786 γὰρ
3068 4716 3159 4768 τὸν
3191 4715 3359 4787 ἄνδρα
3406 4717 3693 4771 παλλακίδι
3729 4724 3992 4790 προσκεί-

2414 4830 2573 4884 μενον
2616 4813 2846 4881 γοητικῇ
2894 4827 3002 4863 τινι
3056 4808 3369 4879 μαγγανεία
3424 4812 3991 4880 καταγεγοητεῦσθαι.

2411 4905 2505 4958 καὶ
2544 4901 2946 4973 ἀπεχθάνεσθαι
2970 4902 3105 4971 πρὸς
3135 4902 3305 4971 αὐτὴν
3342 4901 3520 4971 γάμου
3545 4902 3693 4973 νόμῳ
3734 4907 3996 4967 συνεζευ-

2410 4999 2641 5068 γμένην.
2680 4997 2871 5065 Ἔλεγε
2900 4996 2957 5049 δὲ
2987 4996 3213 5066 ταῦταὴ
3248 4996 3383 5065 γυνὴ
3427 4995 3534 5065 πρὸ
3574 4996 3672 5066 τῆς
3719 4997 3993 5069 αὐλ[ε]ίον

2412 5092 2582 5162 θύρας
2635 5090 2867 5143 ἑστῶσα.
2900 5088 3062 5143 Οῦτω
3088 5090 3197 5157 γάρ
3226 5088 3404 5143 εἰώθει
3453 5089 3552 5159 τὴν
3584 5089 3720 5160 πρὸς
3752 5090 3813 5143 τὺ
3856 5092 3991 5161 θῆλυ

2409 5184 2679 5237 ποιεῖσθαι
2730 5180 2997 5247 διάλεξιν·
3042 5183 3174 5235 εἴσω
3217 5182 3326 5253 γὰρ
3358 5180 3458 5251 τῆς
3504 5180 3677 5251 θύρας
3727 5182 3992 5251 οὐδεμίαν

2408 5277 2577 5330 εἰσεδέ
2588 5276 2713 5341 ξατο
2732 5274 2971 5328 πώποτε.
3002 5274 3135 5327 Τότε
3155 5273 3334 5327 τοίνυν
3357 5273 3627 5344 οἰκτείρας
3655 5273 3756 5343 τὴν
3792 5279 3989 5341 γυναῖ-

2410 5386 2479 5421 κα
2502 5366 2896 5435 τιοτνιωμένην,
2956 5365 3089 5435 εὐχῇ
3139 5365 3238 5433 τῆς
3284 5363 3536 5434 γοητείας
3591 5364 3833 5433 ἀμαυροῖ
3888 5366 3990 5433 τὴν

2408 5462 2708 5532 ἐνέργειαν,
2738 5460 2830 5510 καὶ
2876 5457 3058 5510 ἐλαίου
3111 5455 3363 5527 ληκύθιον
3398 5456 3488 5508 ὐπ’
3519 5455 3690 5524 αὐτῆς
3718 5472 3990 5527 προσενε-

2410 5555 2534 5624 χθὲν
2566 5556 2630 5623 τῇ
2659 5552 2778 5622 θείᾳ
2810 5551 3097 5621 ἐπικλήσει
3119 5547 3481 5616 καθαγιάσας,
3505 5547 3797 5621 χρίσασθαι
3824 5550 3988 5601 eos",

2412 5646 2726 5718 προσέταξε.
2758 5646 3033 5715 Ταύταςή
3072 5644 3206 5713 γυνὴ
3251 5643 3585 5714 πληρώσασα
3628 5642 3728 5707 τὰς
3770 5644 3979 5715 ὑποθήι

2410 5755 2530 5799 κας,
2564 5735 2863 5805 μετέθηκεν
2895 5736 2973 5797 είς
3004 5732 3202 5802 ἑαυτὴν
3236 5732 3325 5785 τὸν
3356 5732 3447 5785 τοῦ
3475 5731 3745 5803 ὁμοζύγου
3776 5732 3983 5803 ἔρωτα,

2414 5832 2502 5881 καὶ
2537 5828 2761 5881 πέπεικε
2793 5825 3166 5897 προαιρεῖσθαι
3196 5824 3294 5895 τῆς
3329 5825 3643 5897 παρανόμου
3669 5824 3856 5896 κοίτης
3883 5824 3983 5895 τὴν
