  <div class='ocr_page' id='page_1' title='image "/cluster/home/n/w/nwhite01/storage/ocr_20150623/82/nnc1.0046979700/734.png"; bbox 0 0 4206 6456; ppageno 0'>
   <div class='ocr_carea' id='block_1_1' title="bbox 212 349 365 414">
    <p class='ocr_par' dir='ltr' id='par_1_1' title="bbox 212 349 365 414">
     <span class='ocr_line' id='line_1_1' title="bbox 212 349 365 414; baseline -0.033 0"><span class='ocrx_word' id='word_1_1' title='bbox 212 349 365 414; x_wconf 68' lang='grc' dir='ltr'><strong>1³η</strong></span> 
     </span>
    </p>
   </div>
   <div class='ocr_carea' id='block_1_2' title="bbox 1393 359 2229 421">
    <p class='ocr_par' dir='ltr' id='par_1_2' title="bbox 1393 359 2229 421">
     <span class='ocr_line' id='line_1_2' title="bbox 1393 359 2229 421; baseline -0.002 -1"><span class='ocrx_word' id='word_1_2' title='bbox 1393 359 1803 420; x_wconf 71' lang='lat' dir='ltr'><strong>RELIGIOSA</strong></span> <span class='ocrx_word' id='word_1_3' title='bbox 1846 360 2229 421; x_wconf 83' lang='lat' dir='ltr'><strong>HISTORIA.</strong></span> 
     </span>
    </p>
   </div>
   <div class='ocr_carea' id='block_1_3' title="bbox 3304 352 3438 417">
    <p class='ocr_par' dir='ltr' id='par_1_3' title="bbox 3304 352 3438 417">
     <span class='ocr_line' id='line_1_3' title="bbox 3304 352 3438 417; baseline 0.022 -2"><span class='ocrx_word' id='word_1_4' title='bbox 3304 352 3438 417; x_wconf 85' lang='lat'><strong>1378</strong></span> 
     </span>
    </p>
   </div>
   <div class='ocr_carea' id='block_1_4' title="bbox 193 466 1772 549">
    <p class='ocr_par' dir='ltr' id='par_1_4' title="bbox 193 474 1764 549">
     <span class='ocr_line' id='line_1_4' title="bbox 193 474 1764 549; baseline -0.003 -18"><span class='ocrx_word' id='word_1_5' title='bbox 193 478 444 549; x_wconf 82' lang='grc' dir='ltr'><strong>ῐννομον.</strong></span> <span class='ocrx_word' id='word_1_6' title='bbox 477 477 610 531; x_wconf 63' lang='grc' dir='ltr'><strong>Φασὶ</strong></span> <span class='ocrx_word' id='word_1_7' title='bbox 633 477 688 531; x_wconf 82' lang='grc' dir='ltr'><strong>δέ</strong></span> <span class='ocrx_word' id='word_1_8' title='bbox 721 494 849 531; x_wconf 79' lang='grc' dir='ltr'><strong>ποτε</strong></span> <span class='ocrx_word' id='word_1_9' title='bbox 879 477 973 531; x_wconf 73' lang='grc' dir='ltr'><strong>καὶ</strong></span> <span class='ocrx_word' id='word_1_10' title='bbox 997 474 1221 549; x_wconf 80' lang='grc' dir='ltr'><strong>ἀκρίδας</strong></span> <span class='ocrx_word' id='word_1_11' title='bbox 1245 474 1570 537; x_wconf 66' lang='grc' dir='ltr'><strong>ἐξαπιναίως</strong></span> <span class='ocrx_word' id='word_1_12' title='bbox 1593 489 1764 544; x_wconf 81' lang='grc' dir='ltr'><strong>προσ-</strong></span> 
     </span>
    </p>
   </div>
   <div class='ocr_carea' id='block_1_5' title="bbox 1892 466 3436 549">
    <p class='ocr_par' dir='ltr' id='par_1_5' title="bbox 1892 466 3436 542">
     <span class='ocr_line' id='line_1_5' title="bbox 1892 466 3436 542; baseline -0.002 -17"><span class='ocrx_word' id='word_1_13' title='bbox 1892 474 2114 539; x_wconf 64' lang='lat' dir='ltr'><strong>paludes,</strong></span> <span class='ocrx_word' id='word_1_14' title='bbox 2170 480 2345 542; x_wconf 83' lang='lat' dir='ltr'><strong>prata,</strong></span> <span class='ocrx_word' id='word_1_15' title='bbox 2422 478 2476 525; x_wconf 86' lang='lat' dir='ltr'><strong>et</strong></span> <span class='ocrx_word' id='word_1_16' title='bbox 2556 482 2824 533; x_wconf 84' lang='lat' dir='ltr'><strong>nemora,</strong></span> <span class='ocrx_word' id='word_1_17' title='bbox 2882 467 3096 522; x_wconf 79' lang='lat' dir='ltr'><strong>venisse</strong></span> <span class='ocrx_word' id='word_1_18' title='bbox 3165 466 3231 522; x_wconf 86' lang='lat' dir='ltr'><strong>ad</strong></span> <span class='ocrx_word' id='word_1_19' title='bbox 3281 469 3436 523; x_wconf 89' lang='lat' dir='ltr'><strong>illum</strong></span> 
     </span>
    </p>
   </div>
   <div class='ocr_carea' id='block_1_6' title="bbox 192 566 1767 640">
    <p class='ocr_par' dir='ltr' id='par_1_6' title="bbox 192 566 1767 640">
     <span class='ocr_line' id='line_1_6' title="bbox 192 566 1767 640; baseline -0.001 -20"><span class='ocrx_word' id='word_1_20' title='bbox 192 568 467 632; x_wconf 75' lang='grc' dir='ltr'><strong>ϐαλούσας</strong></span> <span class='ocrx_word' id='word_1_21' title='bbox 513 572 580 640; x_wconf 76' lang='grc' dir='ltr'><strong>τῇ</strong></span> <span class='ocrx_word' id='word_1_22' title='bbox 616 572 706 639; x_wconf 84' lang='grc' dir='ltr'><strong>γῇ,</strong></span> <span class='ocrx_word' id='word_1_23' title='bbox 771 570 865 622; x_wconf 72' lang='grc' dir='ltr'><strong>καὶ</strong></span> <span class='ocrx_word' id='word_1_24' title='bbox 918 569 1054 637; x_wconf 67' lang='grc' dir='ltr'><strong>πυρὶ</strong></span> <span class='ocrx_word' id='word_1_25' title='bbox 1104 566 1501 639; x_wconf 74' lang='grc' dir='ltr'><strong>παραπλησίως</strong></span> <span class='ocrx_word' id='word_1_26' title='bbox 1558 566 1767 619; x_wconf 74' lang='grc' dir='ltr'><strong>ἅπαντα</strong></span> 
     </span>
    </p>
   </div>
   <div class='ocr_carea' id='block_1_7' title="bbox 194 654 1768 727">
    <p class='ocr_par' dir='ltr' id='par_1_7' title="bbox 194 654 1768 727">
     <span class='ocr_line' id='line_1_7' title="bbox 194 654 1768 727; baseline -0.003 -18"><span class='ocrx_word' id='word_1_27' title='bbox 194 658 692 726; x_wconf 83' lang='grc' dir='ltr'><strong>προσδαπανώσας,</strong></span> <span class='ocrx_word' id='word_1_28' title='bbox 729 658 822 710; x_wconf 77' lang='grc' dir='ltr'><strong>καὶ</strong></span> <span class='ocrx_word' id='word_1_29' title='bbox 847 657 996 727; x_wconf 84' lang='grc' dir='ltr'><strong>λήῖα,</strong></span> <span class='ocrx_word' id='word_1_30' title='bbox 1034 657 1126 709; x_wconf 78' lang='grc' dir='ltr'><strong>καὶ</strong></span> <span class='ocrx_word' id='word_1_31' title='bbox 1165 657 1329 724; x_wconf 65' lang='grc' dir='ltr'><strong>φυτὰ,</strong></span> <span class='ocrx_word' id='word_1_32' title='bbox 1366 654 1457 707; x_wconf 76' lang='grc' dir='ltr'><strong>καὶ</strong></span> <span class='ocrx_word' id='word_1_33' title='bbox 1504 654 1620 720; x_wconf 68' lang='grc' dir='ltr'><strong>ἕλη,</strong></span> <span class='ocrx_word' id='word_1_34' title='bbox 1676 654 1768 706; x_wconf 75' lang='grc' dir='ltr'><strong>καὶ</strong></span> 
     </span>
    </p>
   </div>
   <div class='ocr_carea' id='block_1_8' title="bbox 190 742 1769 818">
    <p class='ocr_par' dir='ltr' id='par_1_8' title="bbox 190 742 1769 818">
     <span class='ocr_line' id='line_1_8' title="bbox 190 742 1769 818; baseline -0.004 -18"><span class='ocrx_word' id='word_1_35' title='bbox 190 747 363 816; x_wconf 79' lang='grc' dir='ltr'><strong>ἄλση,</strong></span> <span class='ocrx_word' id='word_1_36' title='bbox 396 748 491 801; x_wconf 74' lang='grc' dir='ltr'><strong>καὶ</strong></span> <span class='ocrx_word' id='word_1_37' title='bbox 526 748 836 818; x_wconf 80' lang='grc' dir='ltr'><strong>λειμῶνας,</strong></span> <span class='ocrx_word' id='word_1_38' title='bbox 886 742 991 818; x_wconf 77' lang='grc' dir='ltr'><strong>ἧκέ</strong></span> <span class='ocrx_word' id='word_1_39' title='bbox 1040 764 1121 809; x_wconf 83' lang='grc' dir='ltr'><strong>τις</strong></span> <span class='ocrx_word' id='word_1_40' title='bbox 1172 746 1299 816; x_wconf 82' lang='grc' dir='ltr'><strong>παρ’</strong></span> <span class='ocrx_word' id='word_1_41' title='bbox 1347 744 1509 797; x_wconf 80' lang='grc' dir='ltr'><strong>αὐτὸν</strong></span> <span class='ocrx_word' id='word_1_42' title='bbox 1541 743 1769 812; x_wconf 74' lang='grc' dir='ltr'><strong>εὐσεϐὴς</strong></span> 
     </span>
    </p>
   </div>
   <div class='ocr_carea' id='block_1_9' title="bbox 192 834 1769 908">
    <p class='ocr_par' dir='ltr' id='par_1_9' title="bbox 192 834 1769 908">
     <span class='ocr_line' id='line_1_9' title="bbox 192 834 1769 908; baseline -0.003 -19"><span class='ocrx_word' id='word_1_43' title='bbox 192 836 359 907; x_wconf 81' lang='grc' dir='ltr'><strong>ἀνὴρ,</strong></span> <span class='ocrx_word' id='word_1_44' title='bbox 392 836 683 890; x_wconf 76' lang='grc' dir='ltr'><strong>ἀντιϐολῶν</strong></span> <span class='ocrx_word' id='word_1_45' title='bbox 711 836 1005 907; x_wconf 76' lang='grc' dir='ltr'><strong>ἐπαμῦναι,</strong></span> <span class='ocrx_word' id='word_1_46' title='bbox 1036 837 1129 889; x_wconf 66' lang='grc' dir='ltr'><strong>ἕνα</strong></span> <span class='ocrx_word' id='word_1_47' title='bbox 1166 837 1265 906; x_wconf 84' lang='grc' dir='ltr'><strong>μὲν</strong></span> <span class='ocrx_word' id='word_1_48' title='bbox 1297 835 1463 908; x_wconf 80' lang='grc' dir='ltr'><strong>ἀγρὸν</strong></span> <span class='ocrx_word' id='word_1_49' title='bbox 1483 834 1677 904; x_wconf 75' lang='grc' dir='ltr'><strong>ἔχοντι,</strong></span> <span class='ocrx_word' id='word_1_50' title='bbox 1705 836 1769 886; x_wconf 77' lang='grc' dir='ltr'><strong>ἐκ</strong></span> 
     </span>
    </p>
   </div>
   <div class='ocr_carea' id='block_1_10' title="bbox 191 924 1770 996">
    <p class='ocr_par' dir='ltr' id='par_1_10' title="bbox 191 924 1770 996">
     <span class='ocr_line' id='line_1_10' title="bbox 191 924 1770 996; baseline -0.001 -18"><span class='ocrx_word' id='word_1_51' title='bbox 191 927 389 980; x_wconf 87' lang='grc' dir='ltr'><strong>τούτου</strong></span> <span class='ocrx_word' id='word_1_52' title='bbox 419 929 474 980; x_wconf 85' lang='grc' dir='ltr'><strong>δὲ</strong></span> <span class='ocrx_word' id='word_1_53' title='bbox 501 929 593 981; x_wconf 78' lang='grc' dir='ltr'><strong>καὶ</strong></span> <span class='ocrx_word' id='word_1_54' title='bbox 622 929 831 991; x_wconf 74' lang='grc' dir='ltr'><strong>ἑαυτὸν,</strong></span> <span class='ocrx_word' id='word_1_55' title='bbox 872 929 967 982; x_wconf 69' lang='grc' dir='ltr'><strong>καὶ</strong></span> <span class='ocrx_word' id='word_1_56' title='bbox 997 929 1250 996; x_wconf 78' lang='grc' dir='ltr'><strong>γυναῖκα,</strong></span> <span class='ocrx_word' id='word_1_57' title='bbox 1280 927 1373 980; x_wconf 74' lang='grc' dir='ltr'><strong>καὶ</strong></span> <span class='ocrx_word' id='word_1_58' title='bbox 1401 929 1618 989; x_wconf 79' lang='grc' dir='ltr'><strong>παῖδας,</strong></span> <span class='ocrx_word' id='word_1_59' title='bbox 1677 924 1770 977; x_wconf 72' lang='grc' dir='ltr'><strong>καὶ</strong></span> 
     </span>
    </p>
   </div>
   <div class='ocr_carea' id='block_1_11' title="bbox 193 1016 1768 1090">
    <p class='ocr_par' dir='ltr' id='par_1_11' title="bbox 193 1016 1768 1090">
     <span class='ocr_line' id='line_1_11' title="bbox 193 1016 1768 1090; baseline -0.001 -20"><span class='ocrx_word' id='word_1_60' title='bbox 193 1019 433 1082; x_wconf 82' lang='grc' dir='ltr'><strong>οίκείους</strong></span> <span class='ocrx_word' id='word_1_61' title='bbox 460 1019 731 1090; x_wconf 85' lang='grc' dir='ltr'><strong>τρέφοντι,</strong></span> <span class='ocrx_word' id='word_1_62' title='bbox 774 1022 866 1071; x_wconf 77' lang='grc' dir='ltr'><strong>καὶ</strong></span> <span class='ocrx_word' id='word_1_63' title='bbox 908 1020 1043 1089; x_wconf 73' lang='grc' dir='ltr'><strong>πρὸς</strong></span> <span class='ocrx_word' id='word_1_64' title='bbox 1097 1019 1307 1082; x_wconf 84' lang='grc' dir='ltr'><strong>τούτοις</strong></span> <span class='ocrx_word' id='word_1_65' title='bbox 1354 1017 1454 1087; x_wconf 75' lang='grc' dir='ltr'><strong>τὴν</strong></span> <span class='ocrx_word' id='word_1_66' title='bbox 1487 1016 1768 1087; x_wconf 81' lang='grc' dir='ltr'><strong>βασιλικὴν</strong></span> 
     </span>
    </p>
   </div>
   <div class='ocr_carea' id='block_1_12' title="bbox 195 1106 1765 1181">
    <p class='ocr_par' dir='ltr' id='par_1_12' title="bbox 195 1106 1765 1181">
     <span class='ocr_line' id='line_1_12' title="bbox 195 1106 1765 1181; baseline -0.002 -22"><span class='ocrx_word' id='word_1_67' title='bbox 195 1109 462 1178; x_wconf 72' lang='grc' dir='ltr'><strong>εἰσφορὰν</strong></span> <span class='ocrx_word' id='word_1_68' title='bbox 491 1109 955 1181; x_wconf 84' lang='grc' dir='ltr'><strong>εἰσπραττομένῳ.</strong></span> <span class='ocrx_word' id='word_1_69' title='bbox 993 1109 1161 1161; x_wconf 86' lang='grc' dir='ltr'><strong>Πάλιν</strong></span> <span class='ocrx_word' id='word_1_70' title='bbox 1186 1108 1363 1159; x_wconf 82' lang='grc' dir='ltr'><strong>τοίνυν</strong></span> <span class='ocrx_word' id='word_1_71' title='bbox 1387 1108 1414 1158; x_wconf 90' lang='grc' dir='ltr'><strong>ό</strong></span> <span class='ocrx_word' id='word_1_72' title='bbox 1445 1106 1540 1175; x_wconf 75' lang='grc' dir='ltr'><strong>τὴν</strong></span> <span class='ocrx_word' id='word_1_73' title='bbox 1567 1108 1765 1157; x_wconf 87' lang='grc' dir='ltr'><strong>Δεσπο-</strong></span> 
     </span>
    </p>
   </div>
   <div class='ocr_carea' id='block_1_13' title="bbox 192 1197 1769 1271">
    <p class='ocr_par' dir='ltr' id='par_1_13' title="bbox 192 1197 1769 1271">
     <span class='ocr_line' id='line_1_13' title="bbox 192 1197 1769 1271; baseline 0 -23"><span class='ocrx_word' id='word_1_74' title='bbox 192 1197 361 1265; x_wconf 75' lang='grc' dir='ltr'><strong>τικὴν</strong></span> <span class='ocrx_word' id='word_1_75' title='bbox 387 1198 802 1270; x_wconf 77' lang='grc' dir='ltr'><strong>φιλανθρωπίαν</strong></span> <span class='ocrx_word' id='word_1_76' title='bbox 838 1198 1192 1271; x_wconf 83' lang='grc' dir='ltr'><strong>μιμούμενος.</strong></span> <span class='ocrx_word' id='word_1_77' title='bbox 1233 1199 1362 1267; x_wconf 83' lang='grc' dir='ltr'><strong>χόαν</strong></span> <span class='ocrx_word' id='word_1_78' title='bbox 1403 1197 1591 1260; x_wconf 82' lang='grc' dir='ltr'><strong>ὓδατος</strong></span> <span class='ocrx_word' id='word_1_79' title='bbox 1621 1197 1769 1267; x_wconf 83' lang='grc' dir='ltr'><strong>αὐτῷ</strong></span> 
     </span>
    </p>
   </div>
   <div class='ocr_carea' id='block_1_14' title="bbox 193 1290 1767 1361">
    <p class='ocr_par' dir='ltr' id='par_1_14' title="bbox 193 1290 1767 1361">
     <span class='ocr_line' id='line_1_14' title="bbox 193 1290 1767 1361; baseline 0.003 -22"><span class='ocrx_word' id='word_1_80' title='bbox 193 1290 625 1359; x_wconf 71' lang='grc' dir='ltr'><strong>προσενεχθῆναι</strong></span> <span class='ocrx_word' id='word_1_81' title='bbox 676 1290 1025 1361; x_wconf 80' lang='grc' dir='ltr'><strong>προσέταξεν.</strong></span> <span class='ocrx_word' id='word_1_82' title='bbox 1068 1291 1155 1352; x_wconf 85' lang='grc' dir='ltr'><strong>Ὠς</strong></span> <span class='ocrx_word' id='word_1_83' title='bbox 1202 1290 1257 1342; x_wconf 74' lang='grc' dir='ltr'><strong>δὲ</strong></span> <span class='ocrx_word' id='word_1_84' title='bbox 1291 1290 1381 1341; x_wconf 75' lang='grc' dir='ltr'><strong>τὸν</strong></span> <span class='ocrx_word' id='word_1_85' title='bbox 1432 1290 1560 1359; x_wconf 90' lang='grc' dir='ltr'><strong>χόαν</strong></span> <span class='ocrx_word' id='word_1_86' title='bbox 1600 1307 1767 1361; x_wconf 85' lang='grc' dir='ltr'><strong>προσ-</strong></span> 
     </span>
    </p>
   </div>
   <div class='ocr_carea' id='block_1_15' title="bbox 195 1376 1770 1451">
    <p class='ocr_par' dir='ltr' id='par_1_15' title="bbox 195 1376 1770 1451">
     <span class='ocr_line' id='line_1_15' title="bbox 195 1376 1770 1451; baseline 0.002 -23"><span class='ocrx_word' id='word_1_87' title='bbox 195 1376 433 1447; x_wconf 83' lang='grc' dir='ltr'><strong>ήνεγκεν</strong></span> <span class='ocrx_word' id='word_1_88' title='bbox 455 1380 483 1430; x_wconf 85' lang='grc' dir='ltr'><strong>ό</strong></span> <span class='ocrx_word' id='word_1_89' title='bbox 501 1379 596 1449; x_wconf 83' lang='grc' dir='ltr'><strong>τὴν</strong></span> <span class='ocrx_word' id='word_1_90' title='bbox 625 1380 789 1450; x_wconf 81' lang='grc' dir='ltr'><strong>εὐχὴν</strong></span> <span class='ocrx_word' id='word_1_91' title='bbox 818 1379 1185 1446; x_wconf 75' lang='grc' dir='ltr'><strong>ἐπαγγέλλων,</strong></span> <span class='ocrx_word' id='word_1_92' title='bbox 1211 1378 1445 1431; x_wconf 77' lang='grc' dir='ltr'><strong>ἐπετίθει</strong></span> <span class='ocrx_word' id='word_1_93' title='bbox 1476 1378 1572 1447; x_wconf 84' lang='grc' dir='ltr'><strong>μὲν</strong></span> <span class='ocrx_word' id='word_1_94' title='bbox 1598 1378 1770 1451; x_wconf 82' lang='grc' dir='ltr'><strong>τούτῳ</strong></span> 
     </span>
    </p>
   </div>
   <div class='ocr_carea' id='block_1_16' title="bbox 197 1468 1769 1540">
    <p class='ocr_par' dir='ltr' id='par_1_16' title="bbox 197 1468 1769 1540">
     <span class='ocr_line' id='line_1_16' title="bbox 197 1468 1769 1540; baseline 0.001 -21"><span class='ocrx_word' id='word_1_95' title='bbox 197 1469 297 1537; x_wconf 79' lang='grc' dir='ltr'><strong>τὴν</strong></span> <span class='ocrx_word' id='word_1_96' title='bbox 338 1471 514 1538; x_wconf 85' lang='grc' dir='ltr'><strong>χεῖρα,</strong></span> <span class='ocrx_word' id='word_1_97' title='bbox 552 1468 759 1521; x_wconf 77' lang='grc' dir='ltr'><strong>ίκέτευε</strong></span> <span class='ocrx_word' id='word_1_98' title='bbox 786 1468 841 1521; x_wconf 86' lang='grc' dir='ltr'><strong>δὲ</strong></span> <span class='ocrx_word' id='word_1_99' title='bbox 874 1469 965 1521; x_wconf 82' lang='grc' dir='ltr'><strong>τὸν</strong></span> <span class='ocrx_word' id='word_1_100' title='bbox 992 1468 1124 1522; x_wconf 77' lang='grc' dir='ltr'><strong>Θεὸν</strong></span> <span class='ocrx_word' id='word_1_101' title='bbox 1169 1469 1450 1539; x_wconf 86' lang='grc' dir='ltr'><strong>δυνάμεως</strong></span> <span class='ocrx_word' id='word_1_102' title='bbox 1486 1469 1634 1532; x_wconf 84' lang='grc' dir='ltr'><strong>θείας</strong></span> <span class='ocrx_word' id='word_1_103' title='bbox 1668 1471 1769 1540; x_wconf 79' lang='grc' dir='ltr'><strong>ἐμ-</strong></span> 
     </span>
    </p>
   </div>
   <div class='ocr_carea' id='block_1_17' title="bbox 197 1555 1768 1629">
    <p class='ocr_par' dir='ltr' id='par_1_17' title="bbox 197 1555 1768 1629">
     <span class='ocr_line' id='line_1_17' title="bbox 197 1555 1768 1629; baseline 0.003 -20"><span class='ocrx_word' id='word_1_104' title='bbox 197 1558 505 1627; x_wconf 78' lang='grc' dir='ltr'><strong>φορηθῆναι</strong></span> <span class='ocrx_word' id='word_1_105' title='bbox 557 1561 617 1611; x_wconf 80' lang='grc' dir='ltr'><strong>τὸ</strong></span> <span class='ocrx_word' id='word_1_106' title='bbox 670 1560 836 1629; x_wconf 78' lang='grc' dir='ltr'><strong>νᾶμα.</strong></span> <span class='ocrx_word' id='word_1_107' title='bbox 888 1555 1019 1612; x_wconf 82' lang='grc' dir='ltr'><strong>Εἶτα</strong></span> <span class='ocrx_word' id='word_1_108' title='bbox 1063 1558 1159 1629; x_wconf 81' lang='grc' dir='ltr'><strong>τὴν</strong></span> <span class='ocrx_word' id='word_1_109' title='bbox 1185 1560 1349 1629; x_wconf 78' lang='grc' dir='ltr'><strong>εὐχὴν</strong></span> <span class='ocrx_word' id='word_1_110' title='bbox 1393 1560 1768 1628; x_wconf 79' lang='grc' dir='ltr'><strong>συμπεράνας,</strong></span> 
     </span>
    </p>
   </div>
   <div class='ocr_carea' id='block_1_18' title="bbox 196 1650 1771 1722">
    <p class='ocr_par' dir='ltr' id='par_1_18' title="bbox 196 1650 1771 1722">
     <span class='ocr_line' id='line_1_18' title="bbox 196 1650 1771 1722; baseline 0.003 -22"><span class='ocrx_word' id='word_1_111' title='bbox 196 1650 566 1720; x_wconf 78' lang='grc' dir='ltr'><strong>παρηγγύησε</strong></span> <span class='ocrx_word' id='word_1_112' title='bbox 623 1653 734 1713; x_wconf 86' lang='grc' dir='ltr'><strong>τοῖς</strong></span> <span class='ocrx_word' id='word_1_113' title='bbox 794 1650 886 1703; x_wconf 80' lang='grc' dir='ltr'><strong>τοῦ</strong></span> <span class='ocrx_word' id='word_1_114' title='bbox 940 1651 1139 1721; x_wconf 83' lang='grc' dir='ltr'><strong>χωρίον</strong></span> <span class='ocrx_word' id='word_1_115' title='bbox 1197 1651 1342 1721; x_wconf 82' lang='grc' dir='ltr'><strong>ὅροις</strong></span> <span class='ocrx_word' id='word_1_116' title='bbox 1373 1652 1660 1722; x_wconf 80' lang='grc' dir='ltr'><strong>ὲπιρρἆαι</strong></span> <span class='ocrx_word' id='word_1_117' title='bbox 1713 1653 1771 1705; x_wconf 89' lang='grc' dir='ltr'><strong>τὸ</strong></span> 
     </span>
    </p>
   </div>
   <div class='ocr_carea' id='block_1_19' title="bbox 198 1740 1771 1818">
    <p class='ocr_par' dir='ltr' id='par_1_19' title="bbox 198 1740 1771 1818">
     <span class='ocr_line' id='line_1_19' title="bbox 198 1740 1771 1818; baseline 0.001 -22"><span class='ocrx_word' id='word_1_118' title='bbox 198 1743 368 1814; x_wconf 74' lang='grc' dir='ltr'><strong>ὔδωρ·</strong></span> <span class='ocrx_word' id='word_1_119' title='bbox 400 1747 667 1813; x_wconf 83' lang='grc' dir='ltr'><strong>πεποίηκε</strong></span> <span class='ocrx_word' id='word_1_120' title='bbox 698 1745 753 1798; x_wconf 79' lang='grc' dir='ltr'><strong>δὲ</strong></span> <span class='ocrx_word' id='word_1_121' title='bbox 790 1748 817 1798; x_wconf 87' lang='grc' dir='ltr'>ὁ</span> <span class='ocrx_word' id='word_1_122' title='bbox 850 1746 1005 1798; x_wconf 83' lang='grc' dir='ltr'><strong>τοῦτο</strong></span> <span class='ocrx_word' id='word_1_123' title='bbox 1037 1747 1404 1816; x_wconf 79' lang='grc' dir='ltr'><strong>κομισάμενος</strong></span> <span class='ocrx_word' id='word_1_124' title='bbox 1504 1746 1771 1815; x_wconf 84' lang='grc' dir='ltr'><strong>προσετά-</strong></span> 
     </span>
    </p>
   </div>
   <div class='ocr_carea' id='block_1_20' title="bbox 1870 561 3439 634">
    <p class='ocr_par' dir='ltr' id='par_1_20' title="bbox 1870 561 3439 634">
     <span class='ocr_line' id='line_1_20' title="bbox 1870 561 3439 634; baseline 0.001 -19"><span class='ocrx_word' id='word_1_125' title='bbox 1870 565 2155 634; x_wconf 84' lang='lat' dir='ltr'><strong>quemdam</strong></span> <span class='ocrx_word' id='word_1_126' title='bbox 2190 574 2351 618; x_wconf 63' lang='lat' dir='ltr'><strong>recta</strong></span> <span class='ocrx_word' id='word_1_127' title='bbox 2378 562 2824 619; x_wconf 79' lang='lat' dir='ltr'><strong>ildeibominem.</strong></span> <span class='ocrx_word' id='word_1_128' title='bbox 2879 571 2934 616; x_wconf 87' lang='lat' dir='ltr'><strong>et</strong></span> <span class='ocrx_word' id='word_1_129' title='bbox 2990 575 3178 615; x_wconf 83' lang='lat' dir='ltr'><strong>orasse</strong></span> <span class='ocrx_word' id='word_1_130' title='bbox 3237 568 3293 614; x_wconf 87' lang='lat' dir='ltr'><strong>ut</strong></span> <span class='ocrx_word' id='word_1_131' title='bbox 3337 561 3439 630; x_wconf 83' lang='lat' dir='ltr'><strong>ipsi</strong></span> 
     </span>
    </p>
   </div>
   <div class='ocr_carea' id='block_1_21' title="bbox 1869 652 3438 725">
    <p class='ocr_par' dir='ltr' id='par_1_21' title="bbox 1869 652 3438 725">
     <span class='ocr_line' id='line_1_21' title="bbox 1869 652 3438 725; baseline -0.003 -16"><span class='ocrx_word' id='word_1_132' title='bbox 1869 671 2024 725; x_wconf 88' lang='lat' dir='ltr'><strong>opem</strong></span> <span class='ocrx_word' id='word_1_133' title='bbox 2056 655 2239 716; x_wconf 85' lang='lat' dir='ltr'><strong>ferret,</strong></span> <span class='ocrx_word' id='word_1_134' title='bbox 2274 670 2461 725; x_wconf 87' lang='lat' dir='ltr'><strong>agrum</strong></span> <span class='ocrx_word' id='word_1_135' title='bbox 2491 655 2713 708; x_wconf 85' lang='lat' dir='ltr'><strong>unicum</strong></span> <span class='ocrx_word' id='word_1_136' title='bbox 2749 654 2990 717; x_wconf 75' lang='lat' dir='ltr'><strong>habenti,</strong></span> <span class='ocrx_word' id='word_1_137' title='bbox 3016 667 3124 722; x_wconf 87' lang='lat' dir='ltr'><strong>quo</strong></span> <span class='ocrx_word' id='word_1_138' title='bbox 3154 667 3214 708; x_wconf 79' lang='lat' dir='ltr'><strong>se</strong></span> <span class='ocrx_word' id='word_1_139' title='bbox 3260 652 3438 721; x_wconf 88' lang='lat' dir='ltr'><strong>ipsmn</strong></span> 
     </span>
    </p>
   </div>
   <div class='ocr_carea' id='block_1_22' title="bbox 1874 732 3442 826">
    <p class='ocr_par' dir='ltr' id='par_1_22' title="bbox 1874 732 3442 826">
     <span class='ocr_line' id='line_1_22' title="bbox 1874 732 3442 826; baseline -0.004 -27"><span class='ocrx_word' id='word_1_140' title='bbox 1874 755 1928 800; x_wconf 75' lang='lat' dir='ltr'><strong>rt</strong></span> <span class='ocrx_word' id='word_1_141' title='bbox 1964 763 2210 806; x_wconf 77' lang='lat' dir='ltr'><strong>uxorem.</strong></span> <span class='ocrx_word' id='word_1_142' title='bbox 2243 757 2297 801; x_wconf 90' lang='lat' dir='ltr'><strong>et</strong></span> <span class='ocrx_word' id='word_1_143' title='bbox 2324 748 2548 811; x_wconf 85' lang='lat' dir='ltr'><strong>liberos,</strong></span> <span class='ocrx_word' id='word_1_144' title='bbox 2587 755 2641 800; x_wconf 92' lang='lat' dir='ltr'><strong>et</strong></span> <span class='ocrx_word' id='word_1_145' title='bbox 2672 744 2930 799; x_wconf 73' lang='lat' dir='ltr'><strong>familiam</strong></span> <span class='ocrx_word' id='word_1_146' title='bbox 2956 745 3145 806; x_wconf 89' lang='lat' dir='ltr'><strong>aleret,</strong></span> <span class='ocrx_word' id='word_1_147' title='bbox 3181 759 3246 798; x_wconf 88' lang='lat' dir='ltr'><strong>ac</strong></span> <span class='ocrx_word' id='word_1_148' title='bbox 3274 732 3442 826; x_wconf 75' lang='lat' dir='ltr'><strong>impe-</strong></span> 
     </span>
    </p>
   </div>
   <div class='ocr_carea' id='block_1_23' title="bbox 1869 836 3439 909">
    <p class='ocr_par' dir='ltr' id='par_1_23' title="bbox 1869 836 3439 909">
     <span class='ocr_line' id='line_1_23' title="bbox 1869 836 3439 909; baseline -0.004 -17"><span class='ocrx_word' id='word_1_149' title='bbox 1869 840 2127 893; x_wconf 88' lang='lat' dir='ltr'><strong>ratoriam</strong></span> <span class='ocrx_word' id='word_1_150' title='bbox 2176 846 2439 909; x_wconf 65' lang='lat' dir='ltr'><strong>praeterea</strong></span> <span class='ocrx_word' id='word_1_151' title='bbox 2494 838 2791 892; x_wconf 87' lang='lat' dir='ltr'><strong>illationem</strong></span> <span class='ocrx_word' id='word_1_152' title='bbox 2849 836 3127 906; x_wconf 91' lang='lat' dir='ltr'><strong>penderet.</strong></span> <span class='ocrx_word' id='word_1_153' title='bbox 3200 836 3439 888; x_wconf 76' lang='lat' dir='ltr'><strong>Rursum</strong></span> 
     </span>
    </p>
   </div>
   <div class='ocr_carea' id='block_1_24' title="bbox 1869 926 3441 999">
    <p class='ocr_par' dir='ltr' id='par_1_24' title="bbox 1869 926 3441 999">
     <span class='ocr_line' id='line_1_24' title="bbox 1869 926 3441 999; baseline -0.003 -17"><span class='ocrx_word' id='word_1_154' title='bbox 1869 945 2019 998; x_wconf 85' lang='lat' dir='ltr'><strong>ergo,</strong></span> <span class='ocrx_word' id='word_1_155' title='bbox 2053 931 2143 999; x_wconf 89' lang='lat' dir='ltr'><strong>qui</strong></span> <span class='ocrx_word' id='word_1_156' title='bbox 2178 929 2512 983; x_wconf 78' lang='lat' dir='ltr'><strong>Dominicam</strong></span> <span class='ocrx_word' id='word_1_157' title='bbox 2553 929 2873 983; x_wconf 76' lang='lat' dir='ltr'><strong>imitabatur</strong></span> <span class='ocrx_word' id='word_1_158' title='bbox 2905 926 3318 993; x_wconf 78' lang='lat' dir='ltr'><strong>benignitatem,</strong></span> <span class='ocrx_word' id='word_1_159' title='bbox 3348 940 3441 978; x_wconf 83' lang='lat' dir='ltr'><strong>vas</strong></span> 
     </span>
    </p>
   </div>
   <div class='ocr_carea' id='block_1_25' title="bbox 1873 1018 3440 1094">
    <p class='ocr_par' dir='ltr' id='par_1_25' title="bbox 1873 1018 3440 1094">
     <span class='ocr_line' id='line_1_25' title="bbox 1873 1018 3440 1094; baseline -0.006 -16"><span class='ocrx_word' id='word_1_160' title='bbox 1873 1039 2029 1094; x_wconf 63' lang='lat' dir='ltr'><strong>aquae</strong></span> <span class='ocrx_word' id='word_1_161' title='bbox 2102 1023 2285 1078; x_wconf 72' lang='lat' dir='ltr'><strong>aﬂerri</strong></span> <span class='ocrx_word' id='word_1_162' title='bbox 2319 1024 2385 1075; x_wconf 91' lang='lat' dir='ltr'><strong>ad</strong></span> <span class='ocrx_word' id='word_1_163' title='bbox 2419 1036 2478 1076; x_wconf 89' lang='lat' dir='ltr'><strong>se</strong></span> <span class='ocrx_word' id='word_1_164' title='bbox 2525 1020 2705 1086; x_wconf 80' lang='lat' dir='ltr'><strong>jussit.</strong></span> <span class='ocrx_word' id='word_1_165' title='bbox 2744 1020 2845 1074; x_wconf 89' lang='lat' dir='ltr'><strong>Ubi</strong></span> <span class='ocrx_word' id='word_1_166' title='bbox 2876 1034 2973 1074; x_wconf 88' lang='lat' dir='ltr'><strong>vas</strong></span> <span class='ocrx_word' id='word_1_167' title='bbox 3006 1018 3188 1071; x_wconf 89' lang='lat' dir='ltr'><strong>attulit</strong></span> <span class='ocrx_word' id='word_1_168' title='bbox 3223 1018 3313 1087; x_wconf 88' lang='lat' dir='ltr'><strong>qui</strong></span> <span class='ocrx_word' id='word_1_169' title='bbox 3347 1030 3440 1069; x_wconf 84' lang='lat' dir='ltr'><strong>ro-</strong></span> 
     </span>
    </p>
   </div>
   <div class='ocr_carea' id='block_1_26' title="bbox 1874 1108 3443 1183">
    <p class='ocr_par' dir='ltr' id='par_1_26' title="bbox 1874 1108 3443 1183">
     <span class='ocr_line' id='line_1_26' title="bbox 1874 1108 3443 1183; baseline -0.004 -18"><span class='ocrx_word' id='word_1_170' title='bbox 1874 1114 2062 1183; x_wconf 82' lang='lat' dir='ltr'><strong>gahat,</strong></span> <span class='ocrx_word' id='word_1_171' title='bbox 2095 1130 2317 1167; x_wconf 88' lang='lat' dir='ltr'><strong>manum</strong></span> <span class='ocrx_word' id='word_1_172' title='bbox 2349 1127 2503 1182; x_wconf 62' lang='lat' dir='ltr'><strong>aqua:</strong></span> <span class='ocrx_word' id='word_1_173' title='bbox 2535 1111 2817 1179; x_wconf 82' lang='lat' dir='ltr'><strong>imposuit,</strong></span> <span class='ocrx_word' id='word_1_174' title='bbox 2841 1110 3119 1179; x_wconf 83' lang='lat' dir='ltr'><strong>Deumque</strong></span> <span class='ocrx_word' id='word_1_175' title='bbox 3146 1108 3348 1170; x_wconf 85' lang='lat' dir='ltr'><strong>oravit,</strong></span> <span class='ocrx_word' id='word_1_176' title='bbox 3384 1113 3443 1159; x_wconf 91' lang='lat' dir='ltr'><strong>ut</strong></span> 
     </span>
    </p>
   </div>
   <div class='ocr_carea' id='block_1_27' title="bbox 1871 1199 3440 1275">
    <p class='ocr_par' dir='ltr' id='par_1_27' title="bbox 1871 1199 3440 1275">
     <span class='ocr_line' id='line_1_27' title="bbox 1871 1199 3440 1275; baseline -0.004 -15"><span class='ocrx_word' id='word_1_177' title='bbox 1871 1207 2055 1261; x_wconf 73' lang='lat' dir='ltr'><strong>divina</strong></span> <span class='ocrx_word' id='word_1_178' title='bbox 2099 1208 2299 1260; x_wconf 88' lang='lat' dir='ltr'><strong>virtute</strong></span> <span class='ocrx_word' id='word_1_179' title='bbox 2366 1204 2581 1275; x_wconf 75' lang='lat'><strong>1185</strong></span> <span class='ocrx_word' id='word_1_180' title='bbox 2648 1203 2911 1257; x_wconf 83' lang='lat' dir='ltr'><strong>ﬂuentum</strong></span> <span class='ocrx_word' id='word_1_181' title='bbox 2944 1203 3217 1272; x_wconf 87' lang='lat' dir='ltr'><strong>impleret.</strong></span> <span class='ocrx_word' id='word_1_182' title='bbox 3257 1199 3440 1254; x_wconf 84' lang='lat' dir='ltr'><strong>Finita</strong></span> 
     </span>
    </p>
   </div>
   <div class='ocr_carea' id='block_1_28' title="bbox 1872 1291 3440 1365">
    <p class='ocr_par' dir='ltr' id='par_1_28' title="bbox 1872 1291 3440 1365">
     <span class='ocr_line' id='line_1_28' title="bbox 1872 1291 3440 1365; baseline -0.006 -13"><span class='ocrx_word' id='word_1_183' title='bbox 1872 1306 2054 1352; x_wconf 86' lang='lat' dir='ltr'><strong>autem</strong></span> <span class='ocrx_word' id='word_1_184' title='bbox 2084 1298 2353 1359; x_wconf 72' lang='lat' dir='ltr'><strong>oratione,</strong></span> <span class='ocrx_word' id='word_1_185' title='bbox 2394 1295 2651 1365; x_wconf 72' lang='lat' dir='ltr'><strong>praecepit</strong></span> <span class='ocrx_word' id='word_1_186' title='bbox 2678 1301 2738 1348; x_wconf 91' lang='lat' dir='ltr'><strong>ut</strong></span> <span class='ocrx_word' id='word_1_187' title='bbox 2770 1308 2967 1361; x_wconf 82' lang='lat' dir='ltr'><strong>aquam</strong></span> <span class='ocrx_word' id='word_1_188' title='bbox 3017 1306 3112 1361; x_wconf 92' lang='lat' dir='ltr'><strong>per</strong></span> <span class='ocrx_word' id='word_1_189' title='bbox 3151 1291 3268 1360; x_wconf 88' lang='lat' dir='ltr'><strong>agri</strong></span> <span class='ocrx_word' id='word_1_190' title='bbox 3302 1291 3440 1343; x_wconf 83' lang='lat' dir='ltr'><strong>lines</strong></span> 
     </span>
    </p>
   </div>
   <div class='ocr_carea' id='block_1_29' title="bbox 1871 1377 3442 1454">
    <p class='ocr_par' dir='ltr' id='par_1_29' title="bbox 1871 1377 3442 1454">
     <span class='ocr_line' id='line_1_29' title="bbox 1871 1377 3442 1454; baseline -0.005 -15"><span class='ocrx_word' id='word_1_191' title='bbox 1871 1390 2203 1454; x_wconf 82' lang='lat' dir='ltr'><strong>aspergeret.</strong></span> <span class='ocrx_word' id='word_1_192' title='bbox 2254 1382 2443 1437; x_wconf 85' lang='lat' dir='ltr'><strong>Paruit</strong></span> <span class='ocrx_word' id='word_1_193' title='bbox 2486 1383 2650 1436; x_wconf 85' lang='lat' dir='ltr'><strong>homo</strong></span> <span class='ocrx_word' id='word_1_194' title='bbox 2688 1383 2992 1450; x_wconf 85' lang='lat' dir='ltr'><strong>imperatis,</strong></span> <span class='ocrx_word' id='word_1_195' title='bbox 3034 1390 3090 1435; x_wconf 89' lang='lat' dir='ltr'><strong>et</strong></span> <span class='ocrx_word' id='word_1_196' title='bbox 3142 1379 3288 1449; x_wconf 89' lang='lat' dir='ltr'><strong>agris</strong></span> <span class='ocrx_word' id='word_1_197' title='bbox 3333 1377 3442 1431; x_wconf 81' lang='lat' dir='ltr'><strong>illis</strong></span> 
     </span>
    </p>
   </div>
   <div class='ocr_carea' id='block_1_30' title="bbox 1872 1468 3433 1542">
    <p class='ocr_par' dir='ltr' id='par_1_30' title="bbox 1872 1468 3433 1542">
     <span class='ocr_line' id='line_1_30' title="bbox 1872 1468 3433 1542; baseline -0.005 -15"><span class='ocrx_word' id='word_1_198' title='bbox 1872 1473 1971 1527; x_wconf 81' lang='lat' dir='ltr'><strong>fuit</strong></span> <span class='ocrx_word' id='word_1_199' title='bbox 2010 1489 2145 1541; x_wconf 81' lang='lat' dir='ltr'><strong>aqua</strong></span> <span class='ocrx_word' id='word_1_200' title='bbox 2179 1488 2276 1542; x_wconf 90' lang='lat' dir='ltr'><strong>pro</strong></span> <span class='ocrx_word' id='word_1_201' title='bbox 2310 1473 2447 1527; x_wconf 81' lang='lat' dir='ltr'><strong>vallo</strong></span> <span class='ocrx_word' id='word_1_202' title='bbox 2516 1472 2923 1541; x_wconf 74' lang='lat' dir='ltr'><strong>inexpugnabili</strong></span> <span class='ocrx_word' id='word_1_203' title='bbox 2980 1479 3143 1540; x_wconf 89' lang='lat' dir='ltr'><strong>atque</strong></span> <span class='ocrx_word' id='word_1_204' title='bbox 3199 1468 3433 1522; x_wconf 89' lang='lat' dir='ltr'><strong>inviola-</strong></span> 
     </span>
    </p>
   </div>
   <div class='ocr_carea' id='block_1_31' title="bbox 1873 1559 3445 1633">
    <p class='ocr_par' dir='ltr' id='par_1_31' title="bbox 1873 1559 3445 1633">
     <span class='ocr_line' id='line_1_31' title="bbox 1873 1559 3445 1633; baseline -0.006 -15"><span class='ocrx_word' id='word_1_205' title='bbox 1873 1564 1988 1620; x_wconf 89' lang='lat' dir='ltr'><strong>bili.</strong></span> <span class='ocrx_word' id='word_1_206' title='bbox 2022 1565 2100 1617; x_wconf 80' lang='lat' dir='ltr'><strong>Ad</strong></span> <span class='ocrx_word' id='word_1_207' title='bbox 2127 1565 2391 1617; x_wconf 93' lang='lat' dir='ltr'><strong>terminos</strong></span> <span class='ocrx_word' id='word_1_208' title='bbox 2411 1565 2554 1617; x_wconf 93' lang='lat' dir='ltr'><strong>enim</strong></span> <span class='ocrx_word' id='word_1_209' title='bbox 2586 1562 2903 1633; x_wconf 77' lang='lat' dir='ltr'><strong>illususque</strong></span> <span class='ocrx_word' id='word_1_210' title='bbox 2920 1569 3195 1629; x_wconf 85' lang='lat' dir='ltr'><strong>reptantes</strong></span> <span class='ocrx_word' id='word_1_211' title='bbox 3211 1559 3445 1614; x_wconf 86' lang='lat' dir='ltr'><strong>circum-</strong></span> 
     </span>
    </p>
   </div>
   <div class='ocr_carea' id='block_1_32' title="bbox 1874 1651 3445 1722">
    <p class='ocr_par' dir='ltr' id='par_1_32' title="bbox 1874 1651 3445 1722">
     <span class='ocr_line' id='line_1_32' title="bbox 1874 1651 3445 1722; baseline -0.001 -18"><span class='ocrx_word' id='word_1_212' title='bbox 1874 1656 2234 1722; x_wconf 83' lang='lat' dir='ltr'><strong>volantesqne</strong></span> <span class='ocrx_word' id='word_1_213' title='bbox 2274 1654 2451 1707; x_wconf 82' lang='lat' dir='ltr'><strong>instar</strong></span> <span class='ocrx_word' id='word_1_214' title='bbox 2504 1654 2782 1708; x_wconf 80' lang='lat' dir='ltr'><strong>exercitus</strong></span> <span class='ocrx_word' id='word_1_215' title='bbox 2829 1652 3079 1712; x_wconf 74' lang='lat' dir='ltr'><strong>locustae,</strong></span> <span class='ocrx_word' id='word_1_216' title='bbox 3139 1651 3445 1705; x_wconf 81' lang='lat' dir='ltr'><strong>retrocede-</strong></span> 
     </span>
    </p>
   </div>
   <div class='ocr_carea' id='block_1_33' title="bbox 1878 1742 3445 1807">
    <p class='ocr_par' dir='ltr' id='par_1_33' title="bbox 1878 1742 3445 1807">
     <span class='ocr_line' id='line_1_33' title="bbox 1878 1742 3445 1807; baseline -0.003 -8"><span class='ocrx_word' id='word_1_217' title='bbox 1878 1746 2008 1800; x_wconf 88' lang='lat' dir='ltr'><strong>bant</strong></span> <span class='ocrx_word' id='word_1_218' title='bbox 2033 1745 2163 1798; x_wconf 90' lang='lat' dir='ltr'><strong>hinc</strong></span> <span class='ocrx_word' id='word_1_219' title='bbox 2193 1759 2409 1807; x_wconf 86' lang='lat' dir='ltr'><strong>rursus,</strong></span> <span class='ocrx_word' id='word_1_220' title='bbox 2448 1744 2678 1798; x_wconf 87' lang='lat' dir='ltr'><strong>inditam</strong></span> <span class='ocrx_word' id='word_1_221' title='bbox 2729 1744 3167 1798; x_wconf 83' lang='lat' dir='ltr'><strong>benedictionem</strong></span> <span class='ocrx_word' id='word_1_222' title='bbox 3217 1742 3445 1796; x_wconf 80' lang='lat' dir='ltr'><strong>extime-</strong></span> 
     </span>
    </p>
   </div>
   <div class='ocr_carea' id='block_1_34' title="bbox 196 1834 1772 1907">
    <p class='ocr_par' dir='ltr' id='par_1_34' title="bbox 196 1836 1770 1907">
     <span class='ocr_line' id='line_1_34' title="bbox 196 1836 1770 1907; baseline 0.001 -19"><span class='ocrx_word' id='word_1_223' title='bbox 196 1836 328 1907; x_wconf 85' lang='grc' dir='ltr'><strong>χθη,</strong></span> <span class='ocrx_word' id='word_1_224' title='bbox 378 1838 473 1888; x_wconf 73' lang='grc' dir='ltr'><strong>καὶ</strong></span> <span class='ocrx_word' id='word_1_225' title='bbox 518 1839 638 1890; x_wconf 71' lang='grc' dir='ltr'><strong>ἀντὶ</strong></span> <span class='ocrx_word' id='word_1_226' title='bbox 690 1837 886 1907; x_wconf 66' lang='grc' dir='ltr'><strong>ἕρκους</strong></span> <span class='ocrx_word' id='word_1_227' title='bbox 936 1837 1151 1907; x_wconf 82' lang='grc' dir='ltr'><strong>ἀμάχου</strong></span> <span class='ocrx_word' id='word_1_228' title='bbox 1192 1855 1250 1890; x_wconf 89' lang='grc' dir='ltr'><strong>τε</strong></span> <span class='ocrx_word' id='word_1_229' title='bbox 1297 1839 1392 1891; x_wconf 74' lang='grc' dir='ltr'><strong>καὶ</strong></span> <span class='ocrx_word' id='word_1_230' title='bbox 1431 1839 1630 1890; x_wconf 79' lang='grc' dir='ltr'><strong>ἀσύλου</strong></span> <span class='ocrx_word' id='word_1_231' title='bbox 1652 1840 1770 1901; x_wconf 85' lang='grc' dir='ltr'><strong>ταῖς</strong></span> 
     </span>
    </p>
   </div>
   <div class='ocr_carea' id='block_1_35' title="bbox 1892 1834 3446 1907">
    <p class='ocr_par' dir='ltr' id='par_1_35' title="bbox 1892 1834 3446 1907">
     <span class='ocr_line' id='line_1_35' title="bbox 1892 1834 3446 1907; baseline -0.001 -19"><span class='ocrx_word' id='word_1_232' title='bbox 1892 1846 2112 1902; x_wconf 66' lang='lat' dir='ltr'><strong>.centes,</strong></span> <span class='ocrx_word' id='word_1_233' title='bbox 2154 1845 2206 1890; x_wconf 89' lang='lat' dir='ltr'><strong>et</strong></span> <span class='ocrx_word' id='word_1_234' title='bbox 2254 1848 2511 1907; x_wconf 85' lang='lat' dir='ltr'><strong>tanquam</strong></span> <span class='ocrx_word' id='word_1_235' title='bbox 2548 1836 2701 1890; x_wconf 82' lang='lat' dir='ltr'><strong>freno</strong></span> <span class='ocrx_word' id='word_1_236' title='bbox 2734 1835 2969 1904; x_wconf 87' lang='lat' dir='ltr'><strong>quodam</strong></span> <span class='ocrx_word' id='word_1_237' title='bbox 2995 1834 3257 1896; x_wconf 59' lang='lat' dir='ltr'><strong>inhibita,</strong></span> <span class='ocrx_word' id='word_1_238' title='bbox 3285 1840 3446 1902; x_wconf 86' lang='lat' dir='ltr'><strong>atque</strong></span> 
     </span>
    </p>
   </div>
   <div class='ocr_carea' id='block_1_36' title="bbox 196 1928 1773 2002">
    <p class='ocr_par' dir='ltr' id='par_1_36' title="bbox 196 1928 1773 2002">
     <span class='ocr_line' id='line_1_36' title="bbox 196 1928 1773 2002; baseline 0.001 -20"><span class='ocrx_word' id='word_1_239' title='bbox 196 1928 467 2000; x_wconf 79' lang='grc' dir='ltr'><strong>ἀρούραις</strong></span> <span class='ocrx_word' id='word_1_240' title='bbox 511 1930 747 1993; x_wconf 69' lang='grc' dir='ltr'><strong>ἐκείναις</strong></span> <span class='ocrx_word' id='word_1_241' title='bbox 804 1931 1038 1999; x_wconf 77' lang='grc' dir='ltr'><strong>ἐγένετο.</strong></span> <span class='ocrx_word' id='word_1_242' title='bbox 1094 1932 1269 2002; x_wconf 82' lang='grc' dir='ltr'><strong>Μέχρι</strong></span> <span class='ocrx_word' id='word_1_243' title='bbox 1318 1931 1426 2002; x_wconf 90' lang='grc' dir='ltr'><strong>γάρ</strong></span> <span class='ocrx_word' id='word_1_244' title='bbox 1475 1931 1584 1983; x_wconf 83' lang='grc' dir='ltr'><strong>τῶν</strong></span> <span class='ocrx_word' id='word_1_245' title='bbox 1634 1932 1773 2001; x_wconf 88' lang='grc' dir='ltr'><strong>ὂρων</strong></span> 
     </span>
    </p>
   </div>
   <div class='ocr_carea' id='block_1_37' title="bbox 192 2020 1773 2092">
    <p class='ocr_par' dir='ltr' id='par_1_37' title="bbox 192 2020 1773 2092">
     <span class='ocr_line' id='line_1_37' title="bbox 192 2020 1773 2092; baseline 0.004 -21"><span class='ocrx_word' id='word_1_246' title='bbox 192 2020 423 2075; x_wconf 71' lang='grc' dir='ltr'><strong>ικείνων</strong></span> <span class='ocrx_word' id='word_1_247' title='bbox 481 2021 745 2092; x_wconf 76' lang='grc' dir='ltr'><strong>ἒρπουσαί</strong></span> <span class='ocrx_word' id='word_1_248' title='bbox 782 2038 841 2075; x_wconf 84' lang='grc' dir='ltr'><strong>τε</strong></span> <span class='ocrx_word' id='word_1_249' title='bbox 882 2024 973 2076; x_wconf 76' lang='grc' dir='ltr'><strong>καὶ</strong></span> <span class='ocrx_word' id='word_1_250' title='bbox 1008 2023 1432 2092; x_wconf 84' lang='grc' dir='ltr'><strong>περιπετόμεναι</strong></span> <span class='ocrx_word' id='word_1_251' title='bbox 1476 2024 1773 2092; x_wconf 86' lang='grc' dir='ltr'><strong>στρατοπέ-</strong></span> 
     </span>
    </p>
   </div>
   <div class='ocr_carea' id='block_1_38' title="bbox 192 2111 1771 2187">
    <p class='ocr_par' dir='ltr' id='par_1_38' title="bbox 192 2111 1771 2187">
     <span class='ocr_line' id='line_1_38' title="bbox 192 2111 1771 2187; baseline 0.004 -25"><span class='ocrx_word' id='word_1_252' title='bbox 192 2111 303 2162; x_wconf 82' lang='grc' dir='ltr'><strong>δων</strong></span> <span class='ocrx_word' id='word_1_253' title='bbox 335 2111 493 2182; x_wconf 88' lang='grc' dir='ltr'><strong>δίκην</strong></span> <span class='ocrx_word' id='word_1_254' title='bbox 527 2114 583 2165; x_wconf 80' lang='lat' dir='ltr'><strong>al</strong></span> <span class='ocrx_word' id='word_1_255' title='bbox 631 2112 869 2185; x_wconf 81' lang='grc' dir='ltr'><strong>ἀκρίδες,</strong></span> <span class='ocrx_word' id='word_1_256' title='bbox 917 2114 996 2176; x_wconf 90' lang='grc' dir='ltr'><strong>είς</strong></span> <span class='ocrx_word' id='word_1_257' title='bbox 1033 2113 1274 2166; x_wconf 88' lang='grc' dir='ltr'><strong>τούπίσω</strong></span> <span class='ocrx_word' id='word_1_258' title='bbox 1319 2114 1476 2167; x_wconf 83' lang='grc' dir='ltr'><strong>πάλιν</strong></span> <span class='ocrx_word' id='word_1_259' title='bbox 1511 2114 1771 2187; x_wconf 78' lang='grc' dir='ltr'><strong>ἐχώρουν,</strong></span> 
     </span>
    </p>
   </div>
   <div class='ocr_carea' id='block_1_39' title="bbox 193 2201 1773 2277">
    <p class='ocr_par' dir='ltr' id='par_1_39' title="bbox 193 2201 1773 2277">
     <span class='ocr_line' id='line_1_39' title="bbox 193 2201 1773 2277; baseline 0.003 -24"><span class='ocrx_word' id='word_1_260' title='bbox 193 2202 296 2271; x_wconf 70' lang='grc' dir='ltr'><strong>τὴν</strong></span> <span class='ocrx_word' id='word_1_261' title='bbox 326 2201 670 2256; x_wconf 78' lang='grc' dir='ltr'><strong>ἐπιτεθεῐσαν</strong></span> <span class='ocrx_word' id='word_1_262' title='bbox 724 2203 971 2271; x_wconf 83' lang='grc' dir='ltr'><strong>εὐλογίαν</strong></span> <span class='ocrx_word' id='word_1_263' title='bbox 1026 2205 1417 2274; x_wconf 83' lang='grc' dir='ltr'><strong>δειμαίνουσαι,</strong></span> <span class='ocrx_word' id='word_1_264' title='bbox 1449 2207 1541 2259; x_wconf 69' lang='grc' dir='ltr'><strong>καὶ</strong></span> <span class='ocrx_word' id='word_1_265' title='bbox 1581 2206 1773 2277; x_wconf 84' lang='grc' dir='ltr'><strong>ὥσπερ</strong></span> 
     </span>
    </p>
   </div>
   <div class='ocr_carea' id='block_1_40' title="bbox 192 2292 1776 2367">
    <p class='ocr_par' dir='ltr' id='par_1_40' title="bbox 192 2292 1776 2367">
     <span class='ocr_line' id='line_1_40' title="bbox 192 2292 1776 2367; baseline 0.003 -23"><span class='ocrx_word' id='word_1_266' title='bbox 192 2293 303 2345; x_wconf 76' lang='grc' dir='ltr'><strong>τινὶ</strong></span> <span class='ocrx_word' id='word_1_267' title='bbox 329 2292 534 2363; x_wconf 81' lang='grc' dir='ltr'><strong>χαλινῷ</strong></span> <span class='ocrx_word' id='word_1_268' title='bbox 571 2294 871 2364; x_wconf 87' lang='grc' dir='ltr'><strong>ἀγχόμεναι</strong></span> <span class='ocrx_word' id='word_1_269' title='bbox 899 2336 913 2359; x_wconf 95' lang='grc'><strong>,</strong></span> <span class='ocrx_word' id='word_1_270' title='bbox 955 2298 1049 2349; x_wconf 83' lang='grc' dir='ltr'><strong>καὶ</strong></span> <span class='ocrx_word' id='word_1_271' title='bbox 1104 2295 1196 2347; x_wconf 69' lang='grc' dir='ltr'><strong>ἐπὶ</strong></span> <span class='ocrx_word' id='word_1_272' title='bbox 1234 2295 1295 2347; x_wconf 85' lang='grc' dir='ltr'><strong>τὸ</strong></span> <span class='ocrx_word' id='word_1_273' title='bbox 1342 2299 1528 2365; x_wconf 78' lang='grc' dir='ltr'><strong>πρόσω</strong></span> <span class='ocrx_word' id='word_1_274' title='bbox 1578 2299 1776 2367; x_wconf 81' lang='grc' dir='ltr'><strong>χωρεῖν</strong></span> 
     </span>
    </p>
   </div>
   <div class='ocr_carea' id='block_1_41' title="bbox 193 2383 1775 2455">
    <p class='ocr_par' dir='ltr' id='par_1_41' title="bbox 193 2383 1775 2455">
     <span class='ocr_line' id='line_1_41' title="bbox 193 2383 1775 2455; baseline 0.003 -21"><span class='ocrx_word' id='word_1_275' title='bbox 193 2383 566 2452; x_wconf 84' lang='grc' dir='ltr'><strong>κωλυόμεναι.</strong></span> <span class='ocrx_word' id='word_1_276' title='bbox 625 2384 732 2436; x_wconf 66' lang='grc' dir='ltr'><strong>Καὶ</strong></span> <span class='ocrx_word' id='word_1_277' title='bbox 780 2383 833 2436; x_wconf 91' lang='grc' dir='ltr'><strong>τί</strong></span> <span class='ocrx_word' id='word_1_278' title='bbox 884 2383 967 2436; x_wconf 84' lang='grc' dir='ltr'><strong>δεῖ</strong></span> <span class='ocrx_word' id='word_1_279' title='bbox 1012 2385 1190 2438; x_wconf 78' lang='grc' dir='ltr'><strong>πάντα</strong></span> <span class='ocrx_word' id='word_1_280' title='bbox 1234 2386 1410 2452; x_wconf 80' lang='grc' dir='ltr'><strong>λέγειν</strong></span> <span class='ocrx_word' id='word_1_281' title='bbox 1439 2386 1507 2437; x_wconf 87' lang='grc' dir='ltr'><strong>τά</strong></span> <span class='ocrx_word' id='word_1_282' title='bbox 1549 2386 1652 2438; x_wconf 84' lang='grc' dir='ltr'><strong>ὐπὸ</strong></span> <span class='ocrx_word' id='word_1_283' title='bbox 1678 2387 1775 2455; x_wconf 84' lang='grc' dir='ltr'><strong>τῆς</strong></span> 
     </span>
    </p>
   </div>
   <div class='ocr_carea' id='block_1_42' title="bbox 190 2472 1772 2547">
    <p class='ocr_par' dir='ltr' id='par_1_42' title="bbox 190 2472 1772 2547">
     <span class='ocr_line' id='line_1_42' title="bbox 190 2472 1772 2547; baseline 0.004 -22"><span class='ocrx_word' id='word_1_284' title='bbox 190 2473 483 2542; x_wconf 68' lang='grc' dir='ltr'><strong>μακαρίας</strong></span> <span class='ocrx_word' id='word_1_285' title='bbox 518 2474 735 2542; x_wconf 72' lang='grc' dir='ltr'><strong>ἐκείνης</strong></span> <span class='ocrx_word' id='word_1_286' title='bbox 764 2472 1162 2544; x_wconf 76' lang='grc' dir='ltr'><strong>ἐξειργασμένα</strong></span> <span class='ocrx_word' id='word_1_287' title='bbox 1190 2474 1397 2547; x_wconf 53' lang='grc' dir='ltr'><strong>ψυχῆς</strong></span> <span class='ocrx_word' id='word_1_288' title='bbox 1455 2477 1633 2530; x_wconf 83' lang='grc' dir='ltr'><strong>Ἰκανά</strong></span> <span class='ocrx_word' id='word_1_289' title='bbox 1667 2478 1772 2547; x_wconf 85' lang='grc' dir='ltr'><strong>γὰρ</strong></span> 
     </span>
    </p>
   </div>
   <div class='ocr_carea' id='block_1_43' title="bbox 194 2564 1772 2639">
    <p class='ocr_par' dir='ltr' id='par_1_43' title="bbox 194 2564 1772 2639">
     <span class='ocr_line' id='line_1_43' title="bbox 194 2564 1772 2639; baseline 0.004 -23"><span class='ocrx_word' id='word_1_290' title='bbox 194 2565 294 2617; x_wconf 84' lang='grc' dir='ltr'><strong>καὶ</strong></span> <span class='ocrx_word' id='word_1_291' title='bbox 328 2564 505 2617; x_wconf 83' lang='grc' dir='ltr'><strong>ταῦτα</strong></span> <span class='ocrx_word' id='word_1_292' title='bbox 556 2564 653 2633; x_wconf 73' lang='grc' dir='ltr'><strong>τῆς</strong></span> <span class='ocrx_word' id='word_1_293' title='bbox 681 2565 998 2635; x_wconf 84' lang='grc' dir='ltr'><strong>ὲνοικούσης</strong></span> <span class='ocrx_word' id='word_1_294' title='bbox 1033 2567 1182 2637; x_wconf 88' lang='grc' dir='ltr'><strong>αὐτῷ</strong></span> <span class='ocrx_word' id='word_1_295' title='bbox 1239 2569 1457 2639; x_wconf 78' lang='grc' dir='ltr'><strong>χάριτος</strong></span> <span class='ocrx_word' id='word_1_296' title='bbox 1509 2569 1772 2635; x_wconf 77' lang='grc' dir='ltr'><strong>ἐπιδεῖξαι</strong></span> 
     </span>
    </p>
   </div>
   <div class='ocr_carea' id='block_1_44' title="bbox 197 2655 1774 2731">
    <p class='ocr_par' dir='ltr' id='par_1_44' title="bbox 197 2655 1774 2731">
     <span class='ocr_line' id='line_1_44' title="bbox 197 2655 1774 2731; baseline 0.005 -27"><span class='ocrx_word' id='word_1_297' title='bbox 197 2657 295 2725; x_wconf 76' lang='grc' dir='ltr'><strong>τὴν</strong></span> <span class='ocrx_word' id='word_1_298' title='bbox 331 2656 548 2724; x_wconf 73' lang='grc' dir='ltr'><strong>αἴγλην.</strong></span> <span class='ocrx_word' id='word_1_299' title='bbox 583 2656 784 2710; x_wconf 82' lang='grc' dir='ltr'><strong>Τούτου</strong></span> <span class='ocrx_word' id='word_1_300' title='bbox 814 2655 970 2725; x_wconf 88' lang='grc' dir='ltr'><strong>κάγὼ</strong></span> <span class='ocrx_word' id='word_1_301' title='bbox 1005 2658 1203 2729; x_wconf 76' lang='grc' dir='ltr'><strong>θεατὴς</strong></span> <span class='ocrx_word' id='word_1_302' title='bbox 1234 2660 1520 2731; x_wconf 79' lang='grc' dir='ltr'><strong>ἐγενόμην,</strong></span> <span class='ocrx_word' id='word_1_303' title='bbox 1552 2660 1645 2713; x_wconf 75' lang='grc' dir='ltr'><strong>καὶ</strong></span> <span class='ocrx_word' id='word_1_304' title='bbox 1676 2661 1774 2730; x_wconf 84' lang='grc' dir='ltr'><strong>τῆς</strong></span> 
     </span>
    </p>
   </div>
   <div class='ocr_carea' id='block_1_45' title="bbox 196 2745 1773 2819">
    <p class='ocr_par' dir='ltr' id='par_1_45' title="bbox 196 2745 1773 2819">
     <span class='ocr_line' id='line_1_45' title="bbox 196 2745 1773 2819; baseline 0.003 -22"><span class='ocrx_word' id='word_1_305' title='bbox 196 2746 362 2811; x_wconf 78' lang='grc' dir='ltr'><strong>ἁγίας</strong></span> <span class='ocrx_word' id='word_1_306' title='bbox 394 2746 607 2816; x_wconf 81' lang='grc' dir='ltr'><strong>ἐκείνης</strong></span> <span class='ocrx_word' id='word_1_307' title='bbox 639 2745 816 2810; x_wconf 79' lang='grc' dir='ltr'><strong>δεξιᾶς</strong></span> <span class='ocrx_word' id='word_1_308' title='bbox 848 2747 946 2818; x_wconf 81' lang='grc' dir='ltr'><strong>τὴν</strong></span> <span class='ocrx_word' id='word_1_309' title='bbox 968 2747 1217 2814; x_wconf 83' lang='grc' dir='ltr'><strong>εὐλογίαν</strong></span> <span class='ocrx_word' id='word_1_310' title='bbox 1253 2748 1546 2819; x_wconf 82' lang='grc' dir='ltr'><strong>ὲτρύγησα,</strong></span> <span class='ocrx_word' id='word_1_311' title='bbox 1579 2749 1773 2818; x_wconf 81' lang='grc' dir='ltr'><strong>μειρά-</strong></span> 
     </span>
    </p>
   </div>
   <div class='ocr_carea' id='block_1_46' title="bbox 195 2835 1771 2909">
    <p class='ocr_par' dir='ltr' id='par_1_46' title="bbox 195 2835 1771 2909">
     <span class='ocr_line' id='line_1_46' title="bbox 195 2835 1771 2909; baseline 0.004 -24"><span class='ocrx_word' id='word_1_312' title='bbox 195 2852 316 2887; x_wconf 84' lang='grc' dir='ltr'><strong>κιον</strong></span> <span class='ocrx_word' id='word_1_313' title='bbox 342 2836 442 2903; x_wconf 88' lang='grc' dir='ltr'><strong>μὲν</strong></span> <span class='ocrx_word' id='word_1_314' title='bbox 462 2835 537 2888; x_wconf 79' lang='grc' dir='ltr'><strong>ὼν</strong></span> <span class='ocrx_word' id='word_1_315' title='bbox 571 2836 668 2896; x_wconf 77' lang='grc' dir='ltr'><strong>ἔτι,</strong></span> <span class='ocrx_word' id='word_1_316' title='bbox 709 2840 773 2908; x_wconf 78' lang='grc' dir='ltr'><strong>τῇ</strong></span> <span class='ocrx_word' id='word_1_317' title='bbox 797 2837 854 2889; x_wconf 82' lang='grc' dir='ltr'><strong>δὲ</strong></span> <span class='ocrx_word' id='word_1_318' title='bbox 892 2839 1062 2908; x_wconf 76' lang='grc' dir='ltr'><strong>μητρὶ</strong></span> <span class='ocrx_word' id='word_1_319' title='bbox 1114 2840 1445 2907; x_wconf 79' lang='grc' dir='ltr'><strong>κοινωνήσας</strong></span> <span class='ocrx_word' id='word_1_320' title='bbox 1489 2839 1584 2907; x_wconf 80' lang='grc' dir='ltr'><strong>τῆς</strong></span> <span class='ocrx_word' id='word_1_321' title='bbox 1634 2839 1771 2909; x_wconf 80' lang='grc' dir='ltr'><strong>πρὸς</strong></span> 
     </span>
    </p>
   </div>
   <div class='ocr_carea' id='block_1_47' title="bbox 193 2926 1773 3000">
    <p class='ocr_par' dir='ltr' id='par_1_47' title="bbox 193 2926 1773 3000">
     <span class='ocr_line' id='line_1_47' title="bbox 193 2926 1773 3000; baseline 0.004 -25"><span class='ocrx_word' id='word_1_322' title='bbox 193 2926 285 2978; x_wconf 80' lang='grc' dir='ltr'><strong>τὸν</strong></span> <span class='ocrx_word' id='word_1_323' title='bbox 316 2928 487 2996; x_wconf 76' lang='grc' dir='ltr'><strong>ἄνδρα</strong></span> <span class='ocrx_word' id='word_1_324' title='bbox 538 2928 783 2998; x_wconf 86' lang='grc' dir='ltr'><strong>πορείας.</strong></span> <span class='ocrx_word' id='word_1_325' title='bbox 824 2930 927 2981; x_wconf 74' lang='grc' dir='ltr'><strong>Καὶ</strong></span> <span class='ocrx_word' id='word_1_326' title='bbox 968 2929 1136 3000; x_wconf 79' lang='grc' dir='ltr'><strong>αὐτὴν</strong></span> <span class='ocrx_word' id='word_1_327' title='bbox 1180 2930 1279 2999; x_wconf 85' lang='grc' dir='ltr'><strong>μὲν</strong></span> <span class='ocrx_word' id='word_1_328' title='bbox 1328 2930 1466 2983; x_wconf 86' lang='grc' dir='ltr'><strong>κατά</strong></span> <span class='ocrx_word' id='word_1_329' title='bbox 1499 2929 1558 2981; x_wconf 84' lang='grc' dir='ltr'><strong>τὸ</strong></span> <span class='ocrx_word' id='word_1_330' title='bbox 1586 2929 1773 2993; x_wconf 80' lang='grc' dir='ltr'><strong>είωθὸς</strong></span> 
     </span>
    </p>
   </div>
   <div class='ocr_carea' id='block_1_48' title="bbox 195 3018 1774 3091">
    <p class='ocr_par' dir='ltr' id='par_1_48' title="bbox 195 3018 1774 3091">
     <span class='ocr_line' id='line_1_48' title="bbox 195 3018 1774 3091; baseline 0.004 -22"><span class='ocrx_word' id='word_1_331' title='bbox 195 3018 495 3084; x_wconf 77' lang='grc' dir='ltr'><strong>ὐπανοίξας</strong></span> <span class='ocrx_word' id='word_1_332' title='bbox 546 3021 644 3083; x_wconf 81' lang='grc' dir='ltr'><strong>τὴν</strong></span> <span class='ocrx_word' id='word_1_333' title='bbox 696 3021 865 3091; x_wconf 83' lang='grc' dir='ltr'><strong>θύραν</strong></span> <span class='ocrx_word' id='word_1_334' title='bbox 922 3022 1207 3088; x_wconf 76' lang='grc' dir='ltr'><strong>διαλέξεώς</strong></span> <span class='ocrx_word' id='word_1_335' title='bbox 1257 3039 1316 3074; x_wconf 88' lang='grc' dir='ltr'><strong>τε</strong></span> <span class='ocrx_word' id='word_1_336' title='bbox 1376 3023 1468 3075; x_wconf 83' lang='grc' dir='ltr'><strong>καὶ</strong></span> <span class='ocrx_word' id='word_1_337' title='bbox 1523 3024 1774 3090; x_wconf 85' lang='grc' dir='ltr'><strong>εὐλογίας</strong></span> 
     </span>
    </p>
   </div>
   <div class='ocr_carea' id='block_1_49' title="bbox 196 3110 1772 3191">
    <p class='ocr_par' dir='ltr' id='par_1_49' title="bbox 196 3110 1772 3191">
     <span class='ocr_line' id='line_1_49' title="bbox 196 3110 1772 3191; baseline 0.005 -32"><span class='ocrx_word' id='word_1_338' title='bbox 196 3110 430 3177; x_wconf 65' lang='grc' dir='ltr'><strong>⁴ᾑξίωσεν</strong></span> <span class='ocrx_word' id='word_1_339' title='bbox 456 3126 469 3139; x_wconf 91' lang='grc'><strong>·</strong></span> <span class='ocrx_word' id='word_1_340' title='bbox 503 3112 602 3180; x_wconf 79' lang='grc' dir='ltr'><strong>ἐμὲ</strong></span> <span class='ocrx_word' id='word_1_341' title='bbox 625 3112 679 3163; x_wconf 86' lang='grc' dir='ltr'><strong>δὲ</strong></span> <span class='ocrx_word' id='word_1_342' title='bbox 702 3112 1079 3182; x_wconf 74' lang='grc' dir='ltr'><strong>εἰσδεξάμενος</strong></span> <span class='ocrx_word' id='word_1_343' title='bbox 1104 3112 1272 3191; x_wconf 74' lang='grc' dir='ltr'><strong>ἔνδον,</strong></span> <span class='ocrx_word' id='word_1_344' title='bbox 1301 3112 1394 3166; x_wconf 82' lang='grc' dir='ltr'><strong>τοῦ</strong></span> <span class='ocrx_word' id='word_1_345' title='bbox 1417 3114 1517 3182; x_wconf 79' lang='grc' dir='ltr'><strong>τῆς</strong></span> <span class='ocrx_word' id='word_1_346' title='bbox 1543 3132 1772 3185; x_wconf 83' lang='grc' dir='ltr'><strong>προσευ-</strong></span> 
     </span>
    </p>
   </div>
   <div class='ocr_carea' id='block_1_50' title="bbox 1880 1927 3444 1997">
    <p class='ocr_par' dir='ltr' id='par_1_50' title="bbox 1880 1927 3444 1997">
     <span class='ocr_line' id='line_1_50' title="bbox 1880 1927 3444 1997; baseline -0.002 -16"><span class='ocrx_word' id='word_1_347' title='bbox 1880 1928 2111 1983; x_wconf 89' lang='lat' dir='ltr'><strong>ulterius</strong></span> <span class='ocrx_word' id='word_1_348' title='bbox 2150 1930 2404 1997; x_wconf 84' lang='lat' dir='ltr'><strong>progredi</strong></span> <span class='ocrx_word' id='word_1_349' title='bbox 2438 1928 2635 1983; x_wconf 74' lang='lat' dir='ltr'><strong>vetitae.</strong></span> <span class='ocrx_word' id='word_1_350' title='bbox 2670 1927 2812 1993; x_wconf 86' lang='lat' dir='ltr'><strong>Quid</strong></span> <span class='ocrx_word' id='word_1_351' title='bbox 2841 1941 3008 1997; x_wconf 90' lang='lat' dir='ltr'><strong>porro</strong></span> <span class='ocrx_word' id='word_1_352' title='bbox 3036 1928 3230 1981; x_wconf 89' lang='lat' dir='ltr'><strong>attinet</strong></span> <span class='ocrx_word' id='word_1_353' title='bbox 3259 1927 3444 1980; x_wconf 85' lang='lat' dir='ltr'><strong>omnia</strong></span> 
     </span>
    </p>
   </div>
   <div class='ocr_carea' id='block_1_51' title="bbox 1876 2018 3444 2088">
    <p class='ocr_par' dir='ltr' id='par_1_51' title="bbox 1876 2018 3444 2088">
     <span class='ocr_line' id='line_1_51' title="bbox 1876 2018 3444 2088; baseline -0.003 -16"><span class='ocrx_word' id='word_1_354' title='bbox 1876 2034 1995 2088; x_wconf 69' lang='lat' dir='ltr'><strong>quae</strong></span> <span class='ocrx_word' id='word_1_355' title='bbox 2024 2034 2053 2072; x_wconf 90' lang='lat' dir='ltr'><strong>a</strong></span> <span class='ocrx_word' id='word_1_356' title='bbox 2091 2020 2244 2073; x_wconf 88' lang='lat' dir='ltr'><strong>beata</strong></span> <span class='ocrx_word' id='word_1_357' title='bbox 2302 2020 2393 2071; x_wconf 88' lang='lat' dir='ltr'><strong>illa</strong></span> <span class='ocrx_word' id='word_1_358' title='bbox 2447 2020 2631 2072; x_wconf 87' lang='lat' dir='ltr'><strong>anima</strong></span> <span class='ocrx_word' id='word_1_359' title='bbox 2680 2025 2831 2088; x_wconf 85' lang='lat' dir='ltr'><strong>gesta</strong></span> <span class='ocrx_word' id='word_1_360' title='bbox 2880 2027 3006 2072; x_wconf 90' lang='lat' dir='ltr'><strong>sunt</strong></span> <span class='ocrx_word' id='word_1_361' title='bbox 3053 2018 3258 2082; x_wconf 82' lang='lat' dir='ltr'><strong>dicere,</strong></span> <span class='ocrx_word' id='word_1_362' title='bbox 3319 2030 3444 2069; x_wconf 91' lang='lat' dir='ltr'><strong>cum</strong></span> 
     </span>
    </p>
   </div>
   <div class='ocr_carea' id='block_1_52' title="bbox 1879 2108 3447 2179">
    <p class='ocr_par' dir='ltr' id='par_1_52' title="bbox 1879 2108 3447 2179">
     <span class='ocr_line' id='line_1_52' title="bbox 1879 2108 3447 2179; baseline -0.001 -16"><span class='ocrx_word' id='word_1_363' title='bbox 1879 2108 2151 2163; x_wconf 79' lang='lat' dir='ltr'><strong>suﬂiciant</strong></span> <span class='ocrx_word' id='word_1_364' title='bbox 2186 2110 2309 2171; x_wconf 88' lang='lat' dir='ltr'><strong>ista,</strong></span> <span class='ocrx_word' id='word_1_365' title='bbox 2347 2117 2403 2163; x_wconf 90' lang='lat' dir='ltr'><strong>ut</strong></span> <span class='ocrx_word' id='word_1_366' title='bbox 2436 2109 2769 2163; x_wconf 81' lang='lat' dir='ltr'><strong>habitantem</strong></span> <span class='ocrx_word' id='word_1_367' title='bbox 2802 2110 2854 2163; x_wconf 90' lang='lat' dir='ltr'><strong>in</strong></span> <span class='ocrx_word' id='word_1_368' title='bbox 2888 2125 2951 2164; x_wconf 92' lang='lat' dir='ltr'><strong>eo</strong></span> <span class='ocrx_word' id='word_1_369' title='bbox 2989 2111 3176 2179; x_wconf 70' lang='lat' dir='ltr'><strong>gratia:</strong></span> <span class='ocrx_word' id='word_1_370' title='bbox 3196 2108 3447 2178; x_wconf 83' lang='lat' dir='ltr'><strong>splendo-</strong></span> 
     </span>
    </p>
   </div>
   <div class='ocr_carea' id='block_1_53' title="bbox 1877 2200 3447 2269">
    <p class='ocr_par' dir='ltr' id='par_1_53' title="bbox 1877 2200 3447 2269">
     <span class='ocr_line' id='line_1_53' title="bbox 1877 2200 3447 2269; baseline -0.002 -14"><span class='ocrx_word' id='word_1_371' title='bbox 1877 2216 1992 2255; x_wconf 88' lang='lat' dir='ltr'><strong>rem</strong></span> <span class='ocrx_word' id='word_1_372' title='bbox 2017 2201 2395 2255; x_wconf 85' lang='lat' dir='ltr'><strong>demonstrent</strong></span> <span class='ocrx_word' id='word_1_373' title='bbox 2419 2201 2441 2253; x_wconf 87' lang='lat'><strong>?</strong></span> <span class='ocrx_word' id='word_1_374' title='bbox 2464 2200 2651 2256; x_wconf 89' lang='lat' dir='ltr'><strong>Oculis</strong></span> <span class='ocrx_word' id='word_1_375' title='bbox 2682 2201 2833 2254; x_wconf 91' lang='lat' dir='ltr'><strong>illum</strong></span> <span class='ocrx_word' id='word_1_376' title='bbox 2877 2202 2991 2269; x_wconf 90' lang='lat' dir='ltr'><strong>ipse</strong></span> <span class='ocrx_word' id='word_1_377' title='bbox 3008 2202 3290 2269; x_wconf 77' lang='lat' dir='ltr'><strong>conspexi,</strong></span> <span class='ocrx_word' id='word_1_378' title='bbox 3319 2213 3447 2252; x_wconf 84' lang='lat' dir='ltr'><strong>san-</strong></span> 
     </span>
    </p>
   </div>
   <div class='ocr_carea' id='block_1_54' title="bbox 1876 2291 3443 2375">
    <p class='ocr_par' dir='ltr' id='par_1_54' title="bbox 1876 2291 3443 2375">
     <span class='ocr_line' id='line_1_54' title="bbox 1876 2291 3443 2375; baseline 0.001 -29"><span class='ocrx_word' id='word_1_379' title='bbox 1876 2300 2086 2361; x_wconf 64' lang='lat' dir='ltr'><strong>ctreqne</strong></span> <span class='ocrx_word' id='word_1_380' title='bbox 2126 2291 2275 2345; x_wconf 84' lang='lat' dir='ltr'><strong>illius</strong></span> <span class='ocrx_word' id='word_1_381' title='bbox 2310 2291 2547 2347; x_wconf 71' lang='lat' dir='ltr'><strong>dextera:</strong></span> <span class='ocrx_word' id='word_1_382' title='bbox 2579 2294 3017 2348; x_wconf 85' lang='lat' dir='ltr'><strong>benedictionem</strong></span> <span class='ocrx_word' id='word_1_383' title='bbox 3050 2295 3289 2364; x_wconf 71' lang='lat' dir='ltr'><strong>percepi,</strong></span> <span class='ocrx_word' id='word_1_384' title='bbox 3316 2308 3443 2375; x_wconf 76' lang='lat' dir='ltr'><strong>eum</strong></span> 
     </span>
    </p>
   </div>
   <div class='ocr_carea' id='block_1_55' title="bbox 1879 2368 3446 2456">
    <p class='ocr_par' dir='ltr' id='par_1_55' title="bbox 1879 2368 3446 2456">
     <span class='ocr_line' id='line_1_55' title="bbox 1879 2368 3446 2456; baseline 0.003 -20"><span class='ocrx_word' id='word_1_385' title='bbox 1879 2383 2328 2438; x_wconf 87' lang='lat' dir='ltr'><strong>adolescentulus</strong></span> <span class='ocrx_word' id='word_1_386' title='bbox 2363 2383 2543 2438; x_wconf 91' lang='lat' dir='ltr'><strong>adhuc</strong></span> <span class='ocrx_word' id='word_1_387' title='bbox 2579 2393 2807 2439; x_wconf 83' lang='lat' dir='ltr'><strong>matrem</strong></span> <span class='ocrx_word' id='word_1_388' title='bbox 2866 2384 3084 2439; x_wconf 87' lang='lat' dir='ltr'><strong>adeum</strong></span> <span class='ocrx_word' id='word_1_389' title='bbox 3143 2368 3446 2456; x_wconf 69' lang='lat' dir='ltr'><strong>profectam</strong></span> 
     </span>
    </p>
   </div>
   <div class='ocr_carea' id='block_1_56' title="bbox 1870 2474 3448 2545">
    <p class='ocr_par' dir='ltr' id='par_1_56' title="bbox 1870 2474 3448 2545">
     <span class='ocr_line' id='line_1_56' title="bbox 1870 2474 3448 2545; baseline 0.002 -17"><span class='ocrx_word' id='word_1_390' title='bbox 1870 2486 2053 2528; x_wconf 80' lang='lat' dir='ltr'><strong>essem</strong></span> <span class='ocrx_word' id='word_1_391' title='bbox 2111 2474 2427 2528; x_wconf 87' lang='lat' dir='ltr'><strong>comitatus.</strong></span> <span class='ocrx_word' id='word_1_392' title='bbox 2493 2474 2672 2543; x_wconf 86' lang='lat' dir='ltr'><strong>Atque</strong></span> <span class='ocrx_word' id='word_1_393' title='bbox 2729 2474 2875 2529; x_wconf 85' lang='lat' dir='ltr'><strong>illam</strong></span> <span class='ocrx_word' id='word_1_394' title='bbox 2916 2475 3133 2545; x_wconf 89' lang='lat' dir='ltr'><strong>quidem</strong></span> <span class='ocrx_word' id='word_1_395' title='bbox 3185 2474 3253 2529; x_wconf 89' lang='lat' dir='ltr'><strong>de</strong></span> <span class='ocrx_word' id='word_1_396' title='bbox 3294 2490 3448 2531; x_wconf 86' lang='lat' dir='ltr'><strong>more</strong></span> 
     </span>
    </p>
   </div>
   <div class='ocr_carea' id='block_1_57' title="bbox 1877 2564 3445 2639">
    <p class='ocr_par' dir='ltr' id='par_1_57' title="bbox 1877 2564 3445 2639">
     <span class='ocr_line' id='line_1_57' title="bbox 1877 2564 3445 2639; baseline 0.003 -21"><span class='ocrx_word' id='word_1_397' title='bbox 1877 2573 2066 2633; x_wconf 87' lang='lat' dir='ltr'><strong>aperta</strong></span> <span class='ocrx_word' id='word_1_398' title='bbox 2122 2564 2291 2632; x_wconf 89' lang='lat' dir='ltr'><strong>janua</strong></span> <span class='ocrx_word' id='word_1_399' title='bbox 2329 2565 2606 2635; x_wconf 88' lang='lat' dir='ltr'><strong>colloquio</strong></span> <span class='ocrx_word' id='word_1_400' title='bbox 2652 2574 2704 2620; x_wconf 89' lang='lat' dir='ltr'><strong>et</strong></span> <span class='ocrx_word' id='word_1_401' title='bbox 2738 2565 3127 2621; x_wconf 84' lang='lat' dir='ltr'><strong>benedictione</strong></span> <span class='ocrx_word' id='word_1_402' title='bbox 3187 2566 3445 2639; x_wconf 79' lang='lat' dir='ltr'><strong>dignatus</strong></span> 
     </span>
    </p>
   </div>
   <div class='ocr_carea' id='block_1_58' title="bbox 1875 2658 3446 2731">
    <p class='ocr_par' dir='ltr' id='par_1_58' title="bbox 1875 2658 3446 2731">
     <span class='ocr_line' id='line_1_58' title="bbox 1875 2658 3446 2731; baseline 0.003 -19"><span class='ocrx_word' id='word_1_403' title='bbox 1875 2668 1958 2712; x_wconf 91' lang='lat' dir='ltr'><strong>est</strong></span> <span class='ocrx_word' id='word_1_404' title='bbox 1991 2676 2004 2711; x_wconf 94' lang='lat'><strong>:</strong></span> <span class='ocrx_word' id='word_1_405' title='bbox 2036 2672 2120 2711; x_wconf 89' lang='lat' dir='ltr'><strong>me</strong></span> <span class='ocrx_word' id='word_1_406' title='bbox 2158 2672 2285 2712; x_wconf 89' lang='lat' dir='ltr'><strong>vero</strong></span> <span class='ocrx_word' id='word_1_407' title='bbox 2315 2658 2698 2714; x_wconf 88' lang='lat' dir='ltr'><strong>intromissum</strong></span> <span class='ocrx_word' id='word_1_408' title='bbox 2738 2674 2970 2728; x_wconf 88' lang='lat' dir='ltr'><strong>precum</strong></span> <span class='ocrx_word' id='word_1_409' title='bbox 2995 2674 3223 2714; x_wconf 90' lang='lat' dir='ltr'><strong>suarum</strong></span> <span class='ocrx_word' id='word_1_410' title='bbox 3247 2661 3446 2731; x_wconf 80' lang='lat' dir='ltr'><strong>Opibus</strong></span> 
     </span>
    </p>
   </div>
   <div class='ocr_carea' id='block_1_59' title="bbox 1876 2747 3446 2821">
    <p class='ocr_par' dir='ltr' id='par_1_59' title="bbox 1876 2747 3446 2821">
     <span class='ocr_line' id='line_1_59' title="bbox 1876 2747 3446 2821; baseline 0.001 -19"><span class='ocrx_word' id='word_1_411' title='bbox 1876 2748 2156 2818; x_wconf 82' lang='lat' dir='ltr'><strong>impertiit.</strong></span> <span class='ocrx_word' id='word_1_412' title='bbox 2204 2747 2416 2814; x_wconf 86' lang='lat' dir='ltr'><strong>Quibus</strong></span> <span class='ocrx_word' id='word_1_413' title='bbox 2461 2751 2667 2803; x_wconf 83' lang='lat' dir='ltr'><strong>utinam</strong></span> <span class='ocrx_word' id='word_1_414' title='bbox 2710 2765 2854 2804; x_wconf 91' lang='lat' dir='ltr'><strong>nunc</strong></span> <span class='ocrx_word' id='word_1_415' title='bbox 2884 2764 3100 2821; x_wconf 89' lang='lat' dir='ltr'><strong>quoque</strong></span> <span class='ocrx_word' id='word_1_416' title='bbox 3127 2748 3299 2817; x_wconf 79' lang='lat' dir='ltr'><strong>fruar,</strong></span> <span class='ocrx_word' id='word_1_417' title='bbox 3349 2749 3446 2820; x_wconf 86' lang='lat' dir='ltr'><strong>qui</strong></span> 
     </span>
    </p>
   </div>
   <div class='ocr_carea' id='block_1_60' title="bbox 1875 2839 3446 2911">
    <p class='ocr_par' dir='ltr' id='par_1_60' title="bbox 1875 2839 3446 2911">
     <span class='ocr_line' id='line_1_60' title="bbox 1875 2839 3446 2911; baseline 0.004 -18"><span class='ocrx_word' id='word_1_418' title='bbox 1875 2839 2054 2893; x_wconf 78' lang='lat' dir='ltr'><strong>vivere</strong></span> <span class='ocrx_word' id='word_1_419' title='bbox 2087 2841 2264 2909; x_wconf 92' lang='lat' dir='ltr'><strong>ipsum</strong></span> <span class='ocrx_word' id='word_1_420' title='bbox 2306 2840 2491 2906; x_wconf 90' lang='lat' dir='ltr'><strong>credo,</strong></span> <span class='ocrx_word' id='word_1_421' title='bbox 2518 2849 2571 2895; x_wconf 91' lang='lat' dir='ltr'><strong>et</strong></span> <span class='ocrx_word' id='word_1_422' title='bbox 2596 2842 2916 2911; x_wconf 79' lang='lat' dir='ltr'><strong>angelorum</strong></span> <span class='ocrx_word' id='word_1_423' title='bbox 2942 2842 3126 2897; x_wconf 88' lang='lat' dir='ltr'><strong>choris</strong></span> <span class='ocrx_word' id='word_1_424' title='bbox 3178 2845 3446 2899; x_wconf 84' lang='lat' dir='ltr'><strong>interesse</strong></span> 
     </span>
    </p>
   </div>
   <div class='ocr_carea' id='block_1_61' title="bbox 1875 2932 3447 3003">
    <p class='ocr_par' dir='ltr' id='par_1_61' title="bbox 1875 2932 3447 3003">
     <span class='ocr_line' id='line_1_61' title="bbox 1875 2932 3447 3003; baseline 0.003 -18"><span class='ocrx_word' id='word_1_425' title='bbox 1875 2932 2180 3001; x_wconf 87' lang='lat' dir='ltr'><strong>majoriqne</strong></span> <span class='ocrx_word' id='word_1_426' title='bbox 2202 2947 2362 3001; x_wconf 89' lang='lat' dir='ltr'><strong>quam</strong></span> <span class='ocrx_word' id='word_1_427' title='bbox 2398 2933 2527 2985; x_wconf 91' lang='lat' dir='ltr'><strong>olim</strong></span> <span class='ocrx_word' id='word_1_428' title='bbox 2560 2933 2702 3003; x_wconf 89' lang='lat' dir='ltr'><strong>apud</strong></span> <span class='ocrx_word' id='word_1_429' title='bbox 2725 2932 2893 2988; x_wconf 86' lang='lat' dir='ltr'><strong>Deum</strong></span> <span class='ocrx_word' id='word_1_430' title='bbox 2926 2934 3129 2989; x_wconf 80' lang='lat' dir='ltr'><strong>ﬁducia</strong></span> <span class='ocrx_word' id='word_1_431' title='bbox 3155 2938 3254 2990; x_wconf 91' lang='lat' dir='ltr'><strong>uti.</strong></span> <span class='ocrx_word' id='word_1_432' title='bbox 3292 2936 3447 2991; x_wconf 80' lang='lat' dir='ltr'><strong>Tunc</strong></span> 
     </span>
    </p>
   </div>
   <div class='ocr_carea' id='block_1_62' title="bbox 1874 3008 3447 3095">
    <p class='ocr_par' dir='ltr' id='par_1_62' title="bbox 1874 3008 3447 3095">
     <span class='ocr_line' id='line_1_62' title="bbox 1874 3008 3447 3095; baseline 0.005 -20"><span class='ocrx_word' id='word_1_433' title='bbox 1874 3022 2091 3093; x_wconf 91' lang='lat' dir='ltr'><strong>quidem</strong></span> <span class='ocrx_word' id='word_1_434' title='bbox 2127 3024 2361 3079; x_wconf 84' lang='lat' dir='ltr'><strong>mortale</strong></span> <span class='ocrx_word' id='word_1_435' title='bbox 2403 3024 2551 3077; x_wconf 90' lang='lat' dir='ltr'><strong>illam</strong></span> <span class='ocrx_word' id='word_1_436' title='bbox 2585 3040 2786 3095; x_wconf 90' lang='lat' dir='ltr'><strong>corpus</strong></span> <span class='ocrx_word' id='word_1_437' title='bbox 2817 3026 3163 3091; x_wconf 82' lang='lat' dir='ltr'><strong>metiebatur,</strong></span> <span class='ocrx_word' id='word_1_438' title='bbox 3195 3008 3447 3083; x_wconf 63' lang='lat' dir='ltr'><strong>rte-arro-</strong></span> 
     </span>
    </p>
   </div>
   <div class='ocr_carea' id='block_1_63' title="bbox 1875 3116 3442 3189">
    <p class='ocr_par' dir='ltr' id='par_1_63' title="bbox 1875 3116 3442 3189">
     <span class='ocr_line' id='line_1_63' title="bbox 1875 3116 3442 3189; baseline 0.005 -24"><span class='ocrx_word' id='word_1_439' title='bbox 1875 3116 2067 3183; x_wconf 74' lang='lat' dir='ltr'><strong>gantim</strong></span> <span class='ocrx_word' id='word_1_440' title='bbox 2126 3116 2472 3169; x_wconf 89' lang='lat' dir='ltr'><strong>occasionem</strong></span> <span class='ocrx_word' id='word_1_441' title='bbox 2537 3116 2854 3173; x_wconf 83' lang='lat' dir='ltr'><strong>redundans</strong></span> <span class='ocrx_word' id='word_1_442' title='bbox 2908 3118 3104 3173; x_wconf 80' lang='lat' dir='ltr'><strong>ﬁducia</strong></span> <span class='ocrx_word' id='word_1_443' title='bbox 3157 3120 3442 3189; x_wconf 66' lang='lat' dir='ltr'><strong>praeberet.</strong></span> 
     </span>
    </p>
   </div>
   <div class='ocr_carea' id='block_1_64' title="bbox 195 3202 1772 3280">
    <p class='ocr_par' dir='ltr' id='par_1_64' title="bbox 195 3202 1767 3271">
     <span class='ocr_line' id='line_1_64' title="bbox 195 3202 1767 3271; baseline 0.003 -19"><span class='ocrx_word' id='word_1_444' title='bbox 195 3203 293 3270; x_wconf 76' lang='grc' dir='ltr'><strong>χῆς</strong></span> <span class='ocrx_word' id='word_1_445' title='bbox 328 3218 418 3271; x_wconf 82' lang='grc' dir='ltr'><strong>μοι</strong></span> <span class='ocrx_word' id='word_1_446' title='bbox 450 3202 721 3270; x_wconf 80' lang='grc' dir='ltr'><strong>μετέδωκε</strong></span> <span class='ocrx_word' id='word_1_447' title='bbox 751 3204 999 3256; x_wconf 83' lang='grc' dir='ltr'><strong>πλούτου.</strong></span> <span class='ocrx_word' id='word_1_448' title='bbox 1030 3203 1246 3270; x_wconf 86' lang='grc' dir='ltr'><strong>Ταύτης</strong></span> <span class='ocrx_word' id='word_1_449' title='bbox 1279 3206 1372 3257; x_wconf 79' lang='grc' dir='ltr'><strong>καὶ</strong></span> <span class='ocrx_word' id='word_1_450' title='bbox 1410 3205 1502 3257; x_wconf 82' lang='grc' dir='ltr'><strong>νῦν</strong></span> <span class='ocrx_word' id='word_1_451' title='bbox 1535 3205 1767 3258; x_wconf 86' lang='grc' dir='ltr'><strong>ἀπολαύ-</strong></span> 
     </span>
    </p>
   </div>
   <div class='ocr_carea' id='block_1_65' title="bbox 1892 3202 3442 3280">
    <p class='ocr_par' dir='ltr' id='par_1_65' title="bbox 1892 3205 3442 3280">
     <span class='ocr_line' id='line_1_65' title="bbox 1892 3205 3442 3280; baseline 0.007 -24"><span class='ocrx_word' id='word_1_452' title='bbox 1892 3205 2033 3260; x_wconf 54' lang='lat' dir='ltr'><strong>iuno</strong></span> <span class='ocrx_word' id='word_1_453' title='bbox 2090 3221 2242 3272; x_wconf 88' lang='lat' dir='ltr'><strong>vero,</strong></span> <span class='ocrx_word' id='word_1_454' title='bbox 2301 3208 2776 3276; x_wconf 87' lang='lat' dir='ltr'><strong>perturbationum</strong></span> <span class='ocrx_word' id='word_1_455' title='bbox 2835 3226 3000 3266; x_wconf 89' lang='lat' dir='ltr'><strong>onere</strong></span> <span class='ocrx_word' id='word_1_456' title='bbox 3048 3211 3326 3280; x_wconf 89' lang='lat' dir='ltr'><strong>deposito,</strong></span> <span class='ocrx_word' id='word_1_457' title='bbox 3382 3221 3442 3267; x_wconf 89' lang='lat' dir='ltr'><strong>ut</strong></span> 
     </span>
    </p>
   </div>
   <div class='ocr_carea' id='block_1_66' title="bbox 197 3293 1767 3364">
    <p class='ocr_par' dir='ltr' id='par_1_66' title="bbox 197 3293 1767 3364">
     <span class='ocr_line' id='line_1_66' title="bbox 197 3293 1767 3364; baseline 0.004 -22"><span class='ocrx_word' id='word_1_458' title='bbox 197 3308 378 3359; x_wconf 85' lang='grc' dir='ltr'><strong>σαιμι,</strong></span> <span class='ocrx_word' id='word_1_459' title='bbox 412 3293 509 3362; x_wconf 75' lang='grc' dir='ltr'><strong>ζῇν</strong></span> <span class='ocrx_word' id='word_1_460' title='bbox 544 3294 703 3345; x_wconf 63' lang='grc' dir='ltr'><strong>αὑτζν</strong></span> <span class='ocrx_word' id='word_1_461' title='bbox 728 3294 996 3346; x_wconf 80' lang='grc' dir='ltr'><strong>πιστεύων</strong></span> <span class='ocrx_word' id='word_1_462' title='bbox 1021 3334 1034 3357; x_wconf 97' lang='grc'><strong>,</strong></span> <span class='ocrx_word' id='word_1_463' title='bbox 1079 3296 1172 3347; x_wconf 75' lang='grc' dir='ltr'><strong>καὶ</strong></span> <span class='ocrx_word' id='word_1_464' title='bbox 1201 3296 1314 3357; x_wconf 85' lang='grc' dir='ltr'><strong>τοῖς</strong></span> <span class='ocrx_word' id='word_1_465' title='bbox 1355 3295 1603 3363; x_wconf 80' lang='grc' dir='ltr'><strong>ἀγγέλοις</strong></span> <span class='ocrx_word' id='word_1_466' title='bbox 1639 3313 1767 3364; x_wconf 85' lang='grc' dir='ltr'><strong>συγ-</strong></span> 
     </span>
    </p>
   </div>
   <div class='ocr_carea' id='block_1_67' title="bbox 194 3384 1762 3459">
    <p class='ocr_par' dir='ltr' id='par_1_67' title="bbox 194 3384 1762 3459">
     <span class='ocr_line' id='line_1_67' title="bbox 194 3384 1762 3459; baseline 0.005 -26"><span class='ocrx_word' id='word_1_467' title='bbox 194 3384 460 3453; x_wconf 72' lang='grc' dir='ltr'><strong>χορεύειν,</strong></span> <span class='ocrx_word' id='word_1_468' title='bbox 496 3386 589 3437; x_wconf 75' lang='grc' dir='ltr'><strong>καὶ</strong></span> <span class='ocrx_word' id='word_1_469' title='bbox 616 3387 817 3438; x_wconf 80' lang='grc' dir='ltr'><strong>πλείονι</strong></span> <span class='ocrx_word' id='word_1_470' title='bbox 846 3387 879 3457; x_wconf 78' lang='grc' dir='ltr'>ἢ</span> <span class='ocrx_word' id='word_1_471' title='bbox 910 3388 1075 3440; x_wconf 78' lang='grc' dir='ltr'><strong>πάλαι</strong></span> <span class='ocrx_word' id='word_1_472' title='bbox 1106 3389 1239 3458; x_wconf 74' lang='grc' dir='ltr'><strong>πρὸς</strong></span> <span class='ocrx_word' id='word_1_473' title='bbox 1271 3390 1357 3441; x_wconf 84' lang='grc' dir='ltr'><strong>τὸν</strong></span> <span class='ocrx_word' id='word_1_474' title='bbox 1380 3389 1512 3442; x_wconf 86' lang='grc' dir='ltr'><strong>Θεὸν</strong></span> <span class='ocrx_word' id='word_1_475' title='bbox 1548 3390 1762 3459; x_wconf 73' lang='grc' dir='ltr'><strong>παρρη-</strong></span> 
     </span>
    </p>
   </div>
   <div class='ocr_carea' id='block_1_68' title="bbox 1874 3296 3439 3368">
    <p class='ocr_par' dir='ltr' id='par_1_68' title="bbox 1874 3296 3439 3368">
     <span class='ocr_line' id='line_1_68' title="bbox 1874 3296 3439 3368; baseline 0.006 -21"><span class='ocrx_word' id='word_1_476' title='bbox 1874 3296 2078 3349; x_wconf 86' lang='lat' dir='ltr'><strong>athleta</strong></span> <span class='ocrx_word' id='word_1_477' title='bbox 2138 3297 2310 3347; x_wconf 88' lang='lat' dir='ltr'><strong>victor</strong></span> <span class='ocrx_word' id='word_1_478' title='bbox 2347 3297 2488 3365; x_wconf 86' lang='lat' dir='ltr'><strong>apud</strong></span> <span class='ocrx_word' id='word_1_479' title='bbox 2539 3301 2923 3368; x_wconf 88' lang='lat' dir='ltr'><strong>agonothetam</strong></span> <span class='ocrx_word' id='word_1_480' title='bbox 2976 3302 3149 3354; x_wconf 89' lang='lat' dir='ltr'><strong>utitur</strong></span> <span class='ocrx_word' id='word_1_481' title='bbox 3214 3301 3439 3367; x_wconf 85' lang='lat' dir='ltr'><strong>ﬁducia,</strong></span> 
     </span>
    </p>
   </div>
   <div class='ocr_carea' id='block_1_69' title="bbox 1870 3386 3447 3465">
    <p class='ocr_par' dir='ltr' id='par_1_69' title="bbox 1870 3386 3447 3465">
     <span class='ocr_line' id='line_1_69' title="bbox 1870 3386 3447 3465; baseline 0.006 -24"><span class='ocrx_word' id='word_1_482' title='bbox 1870 3386 2051 3453; x_wconf 86' lang='lat' dir='ltr'><strong>Quare</strong></span> <span class='ocrx_word' id='word_1_483' title='bbox 2064 3387 2181 3456; x_wconf 89' lang='lat' dir='ltr'><strong>ejus</strong></span> <span class='ocrx_word' id='word_1_484' title='bbox 2201 3403 2417 3459; x_wconf 90' lang='lat' dir='ltr'><strong>quoque</strong></span> <span class='ocrx_word' id='word_1_485' title='bbox 2442 3390 2886 3447; x_wconf 87' lang='lat' dir='ltr'><strong>intercessionem</strong></span> <span class='ocrx_word' id='word_1_486' title='bbox 2920 3402 2976 3448; x_wconf 91' lang='lat' dir='ltr'><strong>ut</strong></span> <span class='ocrx_word' id='word_1_487' title='bbox 2996 3410 3300 3465; x_wconf 75' lang='lat' dir='ltr'><strong>consequar</strong></span> <span class='ocrx_word' id='word_1_488' title='bbox 3323 3410 3447 3451; x_wconf 79' lang='lat' dir='ltr'><strong>ore.</strong></span> 
     </span>
    </p>
   </div>
   <div class='ocr_carea' id='block_1_70' title="bbox 196 3475 3443 3557">
    <p class='ocr_par' dir='ltr' id='par_1_70' title="bbox 196 3475 3443 3557">
     <span class='ocr_line' id='line_1_70' title="bbox 196 3475 3443 3557; baseline 0.005 -34"><span class='ocrx_word' id='word_1_489' title='bbox 196 3475 287 3543; x_wconf 72' lang='grc' dir='ltr'><strong>σία</strong></span> <span class='ocrx_word' id='word_1_490' title='bbox 352 3475 676 3545; x_wconf 84' lang='grc' dir='ltr'><strong>κεχρῆσθαι.</strong></span> <span class='ocrx_word' id='word_1_491' title='bbox 732 3478 868 3529; x_wconf 86' lang='grc' dir='ltr'><strong>Τότε</strong></span> <span class='ocrx_word' id='word_1_492' title='bbox 917 3479 1016 3549; x_wconf 80' lang='grc' dir='ltr'><strong>μὲν</strong></span> <span class='ocrx_word' id='word_1_493' title='bbox 1063 3480 1170 3550; x_wconf 69' lang='grc' dir='ltr'><strong>γὰρ</strong></span> <span class='ocrx_word' id='word_1_494' title='bbox 1216 3479 1352 3551; x_wconf 78' lang='grc' dir='ltr'><strong>αὕτη</strong></span> <span class='ocrx_word' id='word_1_495' title='bbox 1411 3481 1488 3549; x_wconf 81' lang='grc' dir='ltr'><strong>τῷ</strong></span> <span class='ocrx_word' id='word_1_496' title='bbox 1534 3479 1711 3549; x_wconf 87' lang='grc' dir='ltr'><strong>θνητῴ</strong></span> <span class='ocrx_word' id='word_1_497' title='bbox 1742 3478 1833 3531; x_wconf 83' lang='grc' dir='ltr'><strong>τοῦ</strong></span> <span class='ocrx_word' id='word_1_498' title='bbox 1862 3479 2109 3549; x_wconf 84' lang='grc' dir='ltr'><strong>σώματος</strong></span> <span class='ocrx_word' id='word_1_499' title='bbox 2160 3475 2473 3550; x_wconf 79' lang='grc' dir='ltr'><strong>ὲμετρείτο,</strong></span> <span class='ocrx_word' id='word_1_500' title='bbox 2536 3483 2620 3534; x_wconf 86' lang='grc' dir='ltr'><strong>ἴνα</strong></span> <span class='ocrx_word' id='word_1_501' title='bbox 2652 3484 2726 3555; x_wconf 86' lang='grc' dir='ltr'><strong>μὴ</strong></span> <span class='ocrx_word' id='word_1_502' title='bbox 2777 3486 3047 3556; x_wconf 86' lang='grc' dir='ltr'><strong>πρόφασις</strong></span> <span class='ocrx_word' id='word_1_503' title='bbox 3102 3487 3357 3550; x_wconf 84' lang='grc' dir='ltr'><strong>ἀπονοίας</strong></span> <span class='ocrx_word' id='word_1_504' title='bbox 3409 3488 3443 3557; x_wconf 72' lang='grc' dir='ltr'><strong>ἡ</strong></span> 
     </span>
    </p>
   </div>
   <div class='ocr_carea' id='block_1_71' title="bbox 197 3566 3443 3649">
    <p class='ocr_par' dir='ltr' id='par_1_71' title="bbox 197 3566 3443 3649">
     <span class='ocr_line' id='line_1_71' title="bbox 197 3566 3443 3649; baseline 0.005 -33"><span class='ocrx_word' id='word_1_505' title='bbox 197 3566 394 3617; x_wconf 84' lang='grc' dir='ltr'><strong>πλείων</strong></span> <span class='ocrx_word' id='word_1_506' title='bbox 420 3568 641 3636; x_wconf 76' lang='grc' dir='ltr'><strong>γένηται.</strong></span> <span class='ocrx_word' id='word_1_507' title='bbox 674 3570 972 3639; x_wconf 66' lang='grc' dir='ltr'><strong>παρρησία.</strong></span> <span class='ocrx_word' id='word_1_508' title='bbox 1006 3570 1117 3622; x_wconf 84' lang='grc' dir='ltr'><strong>Νῦν</strong></span> <span class='ocrx_word' id='word_1_509' title='bbox 1151 3572 1206 3624; x_wconf 81' lang='grc' dir='ltr'><strong>δὲ</strong></span> <span class='ocrx_word' id='word_1_510' title='bbox 1234 3571 1339 3623; x_wconf 85' lang='grc' dir='ltr'><strong>τῶν</strong></span> <span class='ocrx_word' id='word_1_511' title='bbox 1408 3570 1592 3623; x_wconf 86' lang='grc' dir='ltr'><strong>παθῶν</strong></span> <span class='ocrx_word' id='word_1_512' title='bbox 1664 3569 1996 3638; x_wconf 81' lang='grc' dir='ltr'><strong>ἀποθέμενος</strong></span> <span class='ocrx_word' id='word_1_513' title='bbox 2035 3569 2095 3622; x_wconf 77' lang='grc' dir='ltr'><strong>τὸ</strong></span> <span class='ocrx_word' id='word_1_514' title='bbox 2139 3570 2377 3639; x_wconf 74' lang='grc' dir='ltr'><strong>φορτίον,</strong></span> <span class='ocrx_word' id='word_1_515' title='bbox 2413 3573 2487 3635; x_wconf 86' lang='grc' dir='ltr'><strong>ὡς</strong></span> <span class='ocrx_word' id='word_1_516' title='bbox 2532 3575 2826 3645; x_wconf 83' lang='grc' dir='ltr'><strong>νικηφόρος</strong></span> <span class='ocrx_word' id='word_1_517' title='bbox 2877 3576 3111 3647; x_wconf 84' lang='grc' dir='ltr'><strong>ἀθλητὴς</strong></span> <span class='ocrx_word' id='word_1_518' title='bbox 3172 3578 3306 3649; x_wconf 76' lang='grc' dir='ltr'><strong>πρὸς</strong></span> <span class='ocrx_word' id='word_1_519' title='bbox 3352 3578 3443 3632; x_wconf 72' lang='grc' dir='ltr'><strong>τὸν</strong></span> 
     </span>
    </p>
   </div>
   <div class='ocr_carea' id='block_1_72' title="bbox 193 3653 2759 3735">
    <p class='ocr_par' dir='ltr' id='par_1_72' title="bbox 193 3653 2759 3735">
     <span class='ocr_line' id='line_1_72' title="bbox 193 3653 2759 3735; baseline 0.004 -26"><span class='ocrx_word' id='word_1_520' title='bbox 193 3655 535 3725; x_wconf 77' lang='grc' dir='ltr'><strong>ἀγωνοθέτην</strong></span> <span class='ocrx_word' id='word_1_521' title='bbox 573 3657 1023 3727; x_wconf 77' lang='grc' dir='ltr'><strong>παρρησιάζεται.</strong></span> <span class='ocrx_word' id='word_1_522' title='bbox 1060 3653 1133 3709; x_wconf 77' lang='grc' dir='ltr'><strong>Οὖ</strong></span> <span class='ocrx_word' id='word_1_523' title='bbox 1175 3660 1331 3730; x_wconf 88' lang='grc' dir='ltr'><strong>χάριν</strong></span> <span class='ocrx_word' id='word_1_524' title='bbox 1371 3662 1460 3712; x_wconf 73' lang='grc' dir='ltr'><strong>καὶ</strong></span> <span class='ocrx_word' id='word_1_525' title='bbox 1491 3660 1590 3729; x_wconf 80' lang='grc' dir='ltr'><strong>τῆς</strong></span> <span class='ocrx_word' id='word_1_526' title='bbox 1628 3661 1757 3731; x_wconf 83' lang='grc' dir='ltr'><strong>παρ’</strong></span> <span class='ocrx_word' id='word_1_527' title='bbox 1796 3659 1959 3713; x_wconf 82' lang='grc' dir='ltr'><strong>αὐτοῦ</strong></span> <span class='ocrx_word' id='word_1_528' title='bbox 1988 3659 2279 3730; x_wconf 77' lang='grc' dir='ltr'><strong>πρεσϐείας</strong></span> <span class='ocrx_word' id='word_1_529' title='bbox 2314 3662 2537 3717; x_wconf 76' lang='grc' dir='ltr'><strong>ἱκετεύω</strong></span> <span class='ocrx_word' id='word_1_530' title='bbox 2560 3668 2759 3735; x_wconf 86' lang='grc' dir='ltr'><strong>τυχεῖν.</strong></span> 
     </span>
    </p>
   </div>
   <div class='ocr_carea' id='block_1_73' title="bbox 736 3746 1211 3803">
    <p class='ocr_par' dir='ltr' id='par_1_73' title="bbox 736 3746 1211 3803">
     <span class='ocr_line' id='line_1_73' title="bbox 736 3746 1211 3803; baseline 0.004 -3"><span class='ocrx_word' id='word_1_531' title='bbox 736 3746 809 3801; x_wconf 79' lang='grc' dir='ltr'><strong>ϐ’.</strong></span> <span class='ocrx_word' id='word_1_532' title='bbox 835 3778 904 3786; x_wconf 94' lang='lat'><strong>——</strong></span> <span class='ocrx_word' id='word_1_533' title='bbox 922 3747 1211 3803; x_wconf 83' lang='grc' dir='ltr'><strong>ΠΕΤΡΟΣ.</strong></span> 
     </span>
    </p>
   </div>
   <div class='ocr_carea' id='block_1_74' title="bbox 263 3838 1767 3914">
    <p class='ocr_par' dir='ltr' id='par_1_74' title="bbox 263 3838 1767 3914">
     <span class='ocr_line' id='line_1_74' title="bbox 263 3838 1767 3914; baseline 0.005 -25"><span class='ocrx_word' id='word_1_534' title='bbox 263 3838 513 3901; x_wconf 74' lang='grc' dir='ltr'><strong>Γαλάτας</strong></span> <span class='ocrx_word' id='word_1_535' title='bbox 539 3838 807 3909; x_wconf 88' lang='grc' dir='ltr'><strong>ἀκούομεν</strong></span> <span class='ocrx_word' id='word_1_536' title='bbox 838 3841 963 3902; x_wconf 83' lang='grc' dir='ltr'><strong>τούς</strong></span> <span class='ocrx_word' id='word_1_537' title='bbox 1002 3842 1058 3893; x_wconf 85' lang='grc' dir='ltr'><strong>ὲν</strong></span> <span class='ocrx_word' id='word_1_538' title='bbox 1087 3845 1151 3912; x_wconf 77' lang='grc' dir='ltr'><strong>τῇ</strong></span> <span class='ocrx_word' id='word_1_539' title='bbox 1187 3842 1418 3914; x_wconf 73' lang='grc' dir='ltr'><strong>Εὐρώπη</strong></span> <span class='ocrx_word' id='word_1_540' title='bbox 1452 3846 1577 3905; x_wconf 78' lang='grc' dir='ltr'><strong>τοὺς</strong></span> <span class='ocrx_word' id='word_1_541' title='bbox 1605 3846 1767 3897; x_wconf 79' lang='grc' dir='ltr'><strong>ἐσπε-</strong></span> 
     </span>
    </p>
   </div>
   <div class='ocr_carea' id='block_1_75' title="bbox 194 3930 1768 4005">
    <p class='ocr_par' dir='ltr' id='par_1_75' title="bbox 194 3930 1768 4005">
     <span class='ocr_line' id='line_1_75' title="bbox 194 3930 1768 4005; baseline 0.005 -24"><span class='ocrx_word' id='word_1_542' title='bbox 194 3930 347 3999; x_wconf 81' lang='grc' dir='ltr'><strong>ρίους</strong></span> <span class='ocrx_word' id='word_1_543' title='bbox 377 3944 391 3957; x_wconf 83' lang='grc'><em>’</em></span> <span class='ocrx_word' id='word_1_544' title='bbox 432 3930 591 3998; x_wconf 73' lang='grc' dir='ltr'><strong>ἴσμεν</strong></span> <span class='ocrx_word' id='word_1_545' title='bbox 624 3931 679 3982; x_wconf 78' lang='grc' dir='ltr'><strong>δὲ</strong></span> <span class='ocrx_word' id='word_1_546' title='bbox 706 3932 829 3993; x_wconf 69' lang='grc' dir='ltr'><strong>τοὺς</strong></span> <span class='ocrx_word' id='word_1_547' title='bbox 878 3935 933 3984; x_wconf 87' lang='grc' dir='ltr'><strong>ὲν</strong></span> <span class='ocrx_word' id='word_1_548' title='bbox 964 3936 1028 4002; x_wconf 77' lang='grc' dir='ltr'><strong>τῇ</strong></span> <span class='ocrx_word' id='word_1_549' title='bbox 1063 3933 1236 4005; x_wconf 78' lang='grc' dir='ltr'><strong>Ἀσίᾳ,</strong></span> <span class='ocrx_word' id='word_1_550' title='bbox 1270 3938 1393 3998; x_wconf 77' lang='grc' dir='ltr'><strong>τοὺς</strong></span> <span class='ocrx_word' id='word_1_551' title='bbox 1425 3936 1649 3988; x_wconf 80' lang='grc' dir='ltr'><strong>ἐκείνων</strong></span> <span class='ocrx_word' id='word_1_552' title='bbox 1679 3939 1768 3990; x_wconf 78' lang='grc' dir='ltr'><strong>ἐκ·</strong></span> 
     </span>
    </p>
   </div>
   <div class='ocr_carea' id='block_1_76' title="bbox 198 4019 1767 4096">
    <p class='ocr_par' dir='ltr' id='par_1_76' title="bbox 198 4019 1767 4096">
     <span class='ocr_line' id='line_1_76' title="bbox 198 4019 1767 4096; baseline 0.006 -26"><span class='ocrx_word' id='word_1_553' title='bbox 198 4020 413 4085; x_wconf 79' lang='grc' dir='ltr'><strong>γόνους,</strong></span> <span class='ocrx_word' id='word_1_554' title='bbox 440 4019 490 4071; x_wconf 82' lang='grc' dir='ltr'><strong>οἳ</strong></span> <span class='ocrx_word' id='word_1_555' title='bbox 519 4020 676 4089; x_wconf 79' lang='grc' dir='ltr'><strong>παρὰ</strong></span> <span class='ocrx_word' id='word_1_556' title='bbox 708 4022 799 4072; x_wconf 78' lang='grc' dir='ltr'><strong>τὸν</strong></span> <span class='ocrx_word' id='word_1_557' title='bbox 831 4020 1078 4085; x_wconf 78' lang='grc' dir='ltr'><strong>Εῠξεινον</strong></span> <span class='ocrx_word' id='word_1_558' title='bbox 1106 4024 1523 4096; x_wconf 75' lang='grc' dir='ltr'><strong>κατῳκίσθησαν</strong></span> <span class='ocrx_word' id='word_1_559' title='bbox 1550 4026 1767 4079; x_wconf 84' lang='grc' dir='ltr'><strong>Πόντον.</strong></span> 
     </span>
    </p>
   </div>
   <div class='ocr_carea' id='block_1_77' title="bbox 209 4110 1767 4183">
    <p class='ocr_par' dir='ltr' id='par_1_77' title="bbox 209 4110 1767 4183">
     <span class='ocr_line' id='line_1_77' title="bbox 209 4110 1767 4183; baseline 0.004 -21"><span class='ocrx_word' id='word_1_560' title='bbox 209 4110 301 4163; x_wconf 84' lang='grc' dir='ltr'><strong>Ἐκ</strong></span> <span class='ocrx_word' id='word_1_561' title='bbox 332 4110 536 4162; x_wconf 87' lang='grc' dir='ltr'><strong>τούτων</strong></span> <span class='ocrx_word' id='word_1_562' title='bbox 559 4115 586 4165; x_wconf 86' lang='grc' dir='ltr'><strong>ό</strong></span> <span class='ocrx_word' id='word_1_563' title='bbox 620 4112 884 4181; x_wconf 81' lang='grc' dir='ltr'><strong>μακάριος</strong></span> <span class='ocrx_word' id='word_1_564' title='bbox 925 4113 1014 4165; x_wconf 72' lang='grc' dir='ltr'><strong>καὶ</strong></span> <span class='ocrx_word' id='word_1_565' title='bbox 1050 4115 1167 4183; x_wconf 71' lang='grc' dir='ltr'><strong>τρὶς</strong></span> <span class='ocrx_word' id='word_1_566' title='bbox 1191 4115 1348 4168; x_wconf 75' lang='grc' dir='ltr'><strong>τοῦτο</strong></span> <span class='ocrx_word' id='word_1_567' title='bbox 1392 4116 1486 4169; x_wconf 78' lang='grc' dir='ltr'><strong>καὶ</strong></span> <span class='ocrx_word' id='word_1_568' title='bbox 1515 4117 1767 4180; x_wconf 72' lang='grc' dir='ltr'><strong>πολλάκις</strong></span> 
     </span>
    </p>
   </div>
   <div class='ocr_carea' id='block_1_78' title="bbox 197 4201 1763 4281">
    <p class='ocr_par' dir='ltr' id='par_1_78' title="bbox 197 4201 1763 4281">
     <span class='ocr_line' id='line_1_78' title="bbox 197 4201 1763 4281; baseline 0.004 -27"><span class='ocrx_word' id='word_1_569' title='bbox 197 4201 495 4270; x_wconf 70' lang='grc' dir='ltr'><strong>ἐϐλάστησε</strong></span> <span class='ocrx_word' id='word_1_570' title='bbox 520 4202 743 4273; x_wconf 80' lang='grc' dir='ltr'><strong>Πέτρος.</strong></span> <span class='ocrx_word' id='word_1_571' title='bbox 775 4203 945 4256; x_wconf 81' lang='grc' dir='ltr'><strong>Ἐπτά</strong></span> <span class='ocrx_word' id='word_1_572' title='bbox 971 4205 1047 4270; x_wconf 78' lang='grc' dir='ltr'><strong>δὲ,</strong></span> <span class='ocrx_word' id='word_1_573' title='bbox 1067 4204 1141 4267; x_wconf 79' lang='grc' dir='ltr'><strong>ὣς</strong></span> <span class='ocrx_word' id='word_1_574' title='bbox 1168 4224 1350 4274; x_wconf 81' lang='grc' dir='ltr'><strong>φασιν,</strong></span> <span class='ocrx_word' id='word_1_575' title='bbox 1374 4208 1650 4271; x_wconf 77' lang='grc' dir='ltr'><strong>ὲξώδίνων</strong></span> <span class='ocrx_word' id='word_1_576' title='bbox 1670 4210 1763 4281; x_wconf 81' lang='grc' dir='ltr'><strong>ἔτη</strong></span> 
     </span>
    </p>
   </div>
   <div class='ocr_carea' id='block_1_79' title="bbox 198 4292 1761 4369">
    <p class='ocr_par' dir='ltr' id='par_1_79' title="bbox 198 4292 1761 4369">
     <span class='ocr_line' id='line_1_79' title="bbox 198 4292 1761 4369; baseline 0.004 -25"><span class='ocrx_word' id='word_1_577' title='bbox 198 4295 346 4363; x_wconf 85' lang='grc' dir='ltr'><strong>παρά</strong></span> <span class='ocrx_word' id='word_1_578' title='bbox 376 4296 487 4355; x_wconf 78' lang='grc' dir='ltr'><strong>τοῖς</strong></span> <span class='ocrx_word' id='word_1_579' title='bbox 526 4292 745 4360; x_wconf 81' lang='grc' dir='ltr'><strong>γονεῦσι</strong></span> <span class='ocrx_word' id='word_1_580' title='bbox 777 4296 1027 4365; x_wconf 76' lang='grc' dir='ltr'><strong>τραφεὶς,</strong></span> <span class='ocrx_word' id='word_1_581' title='bbox 1060 4296 1151 4349; x_wconf 70' lang='grc' dir='ltr'><strong>τὸν</strong></span> <span class='ocrx_word' id='word_1_582' title='bbox 1197 4296 1380 4349; x_wconf 78' lang='grc' dir='ltr'><strong>λοιπὸν</strong></span> <span class='ocrx_word' id='word_1_583' title='bbox 1414 4299 1625 4351; x_wconf 76' lang='grc' dir='ltr'><strong>ἅπαντα</strong></span> <span class='ocrx_word' id='word_1_584' title='bbox 1650 4299 1761 4369; x_wconf 83' lang='grc' dir='ltr'><strong>βίον</strong></span> 
     </span>
    </p>
   </div>
   <div class='ocr_carea' id='block_1_80' title="bbox 199 4386 1762 4458">
    <p class='ocr_par' dir='ltr' id='par_1_80' title="bbox 199 4386 1762 4458">
     <span class='ocr_line' id='line_1_80' title="bbox 199 4386 1762 4458; baseline 0.003 -19"><span class='ocrx_word' id='word_1_585' title='bbox 199 4388 252 4439; x_wconf 72' lang='grc' dir='ltr'><strong>ἐν</strong></span> <span class='ocrx_word' id='word_1_586' title='bbox 282 4390 398 4448; x_wconf 79' lang='grc' dir='ltr'><strong>τοῖς</strong></span> <span class='ocrx_word' id='word_1_587' title='bbox 426 4388 524 4454; x_wconf 76' lang='grc' dir='ltr'><strong>τῆς</strong></span> <span class='ocrx_word' id='word_1_588' title='bbox 541 4386 858 4454; x_wconf 65' lang='grc' dir='ltr'><strong>φιλοσοφίας</strong></span> <span class='ocrx_word' id='word_1_589' title='bbox 874 4389 1171 4441; x_wconf 76' lang='grc' dir='ltr'><strong>διετέλεσεν</strong></span> <span class='ocrx_word' id='word_1_590' title='bbox 1194 4389 1371 4453; x_wconf 80' lang='grc' dir='ltr'><strong>ἄθλοις</strong></span> <span class='ocrx_word' id='word_1_591' title='bbox 1404 4407 1416 4420; x_wconf 75' lang='grc' dir='ltr'><strong>ο</strong></span> <span class='ocrx_word' id='word_1_592' title='bbox 1442 4390 1762 4458; x_wconf 76' lang='grc' dir='ltr'><strong>τελευτῆσαι</strong></span> 
     </span>
    </p>
   </div>
   <div class='ocr_carea' id='block_1_81' title="bbox 2396 3754 2902 3812">
    <p class='ocr_par' dir='ltr' id='par_1_81' title="bbox 2396 3754 2902 3812">
     <span class='ocr_line' id='line_1_81' title="bbox 2396 3754 2902 3812; baseline 0.008 -6"><span class='ocrx_word' id='word_1_593' title='bbox 2396 3754 2485 3811; x_wconf 78' lang='lat' dir='ltr'><strong>IX.</strong></span> <span class='ocrx_word' id='word_1_594' title='bbox 2515 3786 2584 3796; x_wconf 91' lang='lat'><strong>—</strong></span> <span class='ocrx_word' id='word_1_595' title='bbox 2608 3756 2902 3812; x_wconf 80' lang='lat' dir='ltr'><strong>PETRUS.</strong></span> 
     </span>
    </p>
   </div>
   <div class='ocr_carea' id='block_1_82' title="bbox 1938 3840 3529 3921">
    <p class='ocr_par' dir='ltr' id='par_1_82' title="bbox 1938 3840 3529 3921">
     <span class='ocr_line' id='line_1_82' title="bbox 1938 3840 3529 3921; baseline 0.006 -22"><span class='ocrx_word' id='word_1_596' title='bbox 1938 3845 2123 3904; x_wconf 85' lang='lat' dir='ltr'><strong>Gallos</strong></span> <span class='ocrx_word' id='word_1_597' title='bbox 2147 3850 2399 3907; x_wconf 82' lang='lat' dir='ltr'><strong>audimus</strong></span> <span class='ocrx_word' id='word_1_598' title='bbox 2432 3867 2528 3906; x_wconf 91' lang='lat' dir='ltr'><strong>eos</strong></span> <span class='ocrx_word' id='word_1_599' title='bbox 2554 3852 2645 3921; x_wconf 93' lang='lat' dir='ltr'><strong>qui</strong></span> <span class='ocrx_word' id='word_1_600' title='bbox 2684 3851 2737 3904; x_wconf 91' lang='lat' dir='ltr'><strong>in</strong></span> <span class='ocrx_word' id='word_1_601' title='bbox 2764 3850 2979 3921; x_wconf 86' lang='lat' dir='ltr'><strong>Europa</strong></span> <span class='ocrx_word' id='word_1_602' title='bbox 3015 3861 3144 3905; x_wconf 88' lang='lat' dir='ltr'><strong>sunt</strong></span> <span class='ocrx_word' id='word_1_603' title='bbox 3184 3851 3440 3907; x_wconf 81' lang='lat' dir='ltr'><strong>occidcu-</strong></span> <span class='ocrx_word' id='word_1_604' title='bbox 3525 3840 3529 3845; x_wconf 48' lang='grc'><strong>’</strong></span> 
     </span>
    </p>
   </div>
   <div class='ocr_carea' id='block_1_83' title="bbox 1870 3939 3437 4013">
    <p class='ocr_par' dir='ltr' id='par_1_83' title="bbox 1870 3939 3437 4013">
     <span class='ocr_line' id='line_1_83' title="bbox 1870 3939 3437 4013; baseline 0.006 -22"><span class='ocrx_word' id='word_1_605' title='bbox 1870 3939 2006 3994; x_wconf 87' lang='lat' dir='ltr'><strong>tales</strong></span> <span class='ocrx_word' id='word_1_606' title='bbox 2038 3958 2050 3993; x_wconf 91' lang='lat'><strong>:</strong></span> <span class='ocrx_word' id='word_1_607' title='bbox 2094 3944 2345 3998; x_wconf 86' lang='lat' dir='ltr'><strong>novimus</strong></span> <span class='ocrx_word' id='word_1_608' title='bbox 2391 3954 2449 3999; x_wconf 91' lang='lat' dir='ltr'><strong>et</strong></span> <span class='ocrx_word' id='word_1_609' title='bbox 2495 3960 2592 3999; x_wconf 90' lang='lat' dir='ltr'><strong>eos</strong></span> <span class='ocrx_word' id='word_1_610' title='bbox 2638 3944 2730 4013; x_wconf 91' lang='lat' dir='ltr'><strong>qui</strong></span> <span class='ocrx_word' id='word_1_611' title='bbox 2784 3953 2912 3998; x_wconf 90' lang='lat' dir='ltr'><strong>sunt</strong></span> <span class='ocrx_word' id='word_1_612' title='bbox 2946 3946 2998 3998; x_wconf 92' lang='lat' dir='ltr'><strong>in</strong></span> <span class='ocrx_word' id='word_1_613' title='bbox 3031 3946 3194 4012; x_wconf 79' lang='lat' dir='ltr'><strong>Asia,</strong></span> <span class='ocrx_word' id='word_1_614' title='bbox 3230 3946 3299 4001; x_wconf 85' lang='lat' dir='ltr'><strong>ab</strong></span> <span class='ocrx_word' id='word_1_615' title='bbox 3328 3947 3437 4002; x_wconf 85' lang='lat' dir='ltr'><strong>illis</strong></span> 
     </span>
    </p>
   </div>
   <div class='ocr_carea' id='block_1_84' title="bbox 1872 4030 3438 4103">
    <p class='ocr_par' dir='ltr' id='par_1_84' title="bbox 1872 4030 3438 4103">
     <span class='ocr_line' id='line_1_84' title="bbox 1872 4030 3438 4103; baseline 0.007 -20"><span class='ocrx_word' id='word_1_616' title='bbox 1872 4030 2157 4098; x_wconf 86' lang='lat' dir='ltr'><strong>oriundos,</strong></span> <span class='ocrx_word' id='word_1_617' title='bbox 2180 4036 2351 4103; x_wconf 87' lang='lat' dir='ltr'><strong>quiad</strong></span> <span class='ocrx_word' id='word_1_618' title='bbox 2375 4034 2605 4090; x_wconf 83' lang='lat' dir='ltr'><strong>Pontum</strong></span> <span class='ocrx_word' id='word_1_619' title='bbox 2625 4036 2891 4089; x_wconf 81' lang='lat' dir='ltr'><strong>Euxinum</strong></span> <span class='ocrx_word' id='word_1_620' title='bbox 2913 4036 3067 4091; x_wconf 86' lang='lat' dir='ltr'><strong>sedes</strong></span> <span class='ocrx_word' id='word_1_621' title='bbox 3086 4037 3338 4093; x_wconf 74' lang='lat' dir='ltr'><strong>ﬁxerunt.</strong></span> <span class='ocrx_word' id='word_1_622' title='bbox 3359 4038 3438 4094; x_wconf 77' lang='lat' dir='ltr'><strong>Ex</strong></span> 
     </span>
    </p>
   </div>
   <div class='ocr_carea' id='block_1_85' title="bbox 1872 4122 3439 4199">
    <p class='ocr_par' dir='ltr' id='par_1_85' title="bbox 1872 4122 3439 4199">
     <span class='ocr_line' id='line_1_85' title="bbox 1872 4122 3439 4199; baseline 0.008 -24"><span class='ocrx_word' id='word_1_623' title='bbox 1872 4122 1958 4177; x_wconf 88' lang='lat' dir='ltr'><strong>his</strong></span> <span class='ocrx_word' id='word_1_624' title='bbox 1980 4125 2169 4180; x_wconf 85' lang='lat' dir='ltr'><strong>beatus</strong></span> <span class='ocrx_word' id='word_1_625' title='bbox 2190 4141 2253 4181; x_wconf 91' lang='lat' dir='ltr'><strong>ac</strong></span> <span class='ocrx_word' id='word_1_626' title='bbox 2274 4135 2356 4180; x_wconf 79' lang='lat' dir='ltr'><strong>ter</strong></span> <span class='ocrx_word' id='word_1_627' title='bbox 2390 4128 2604 4199; x_wconf 76' lang='lat'><strong>1186</strong></span> <span class='ocrx_word' id='word_1_628' title='bbox 2631 4131 2938 4197; x_wconf 70' lang='lat' dir='ltr'><strong>saepiusque</strong></span> <span class='ocrx_word' id='word_1_629' title='bbox 2960 4130 3151 4184; x_wconf 86' lang='lat' dir='ltr'><strong>beatus</strong></span> <span class='ocrx_word' id='word_1_630' title='bbox 3174 4143 3328 4187; x_wconf 87' lang='lat' dir='ltr'><strong>ortus</strong></span> <span class='ocrx_word' id='word_1_631' title='bbox 3356 4139 3439 4187; x_wconf 90' lang='lat' dir='ltr'><strong>est</strong></span> 
     </span>
    </p>
   </div>
   <div class='ocr_carea' id='block_1_86' title="bbox 1868 4214 3439 4292">
    <p class='ocr_par' dir='ltr' id='par_1_86' title="bbox 1868 4214 3439 4292">
     <span class='ocr_line' id='line_1_86' title="bbox 1868 4214 3439 4292; baseline 0.007 -24"><span class='ocrx_word' id='word_1_632' title='bbox 1868 4214 2081 4271; x_wconf 82' lang='lat' dir='ltr'><strong>Petrus.</strong></span> <span class='ocrx_word' id='word_1_633' title='bbox 2105 4221 2121 4239; x_wconf 86' lang='grc'><strong>⁹</strong></span> <span class='ocrx_word' id='word_1_634' title='bbox 2151 4217 2254 4283; x_wconf 86' lang='lat' dir='ltr'><strong>Qui</strong></span> <span class='ocrx_word' id='word_1_635' title='bbox 2276 4229 2504 4287; x_wconf 82' lang='lat' dir='ltr'><strong>septem,</strong></span> <span class='ocrx_word' id='word_1_636' title='bbox 2527 4228 2584 4272; x_wconf 89' lang='lat' dir='ltr'><strong>ut</strong></span> <span class='ocrx_word' id='word_1_637' title='bbox 2606 4219 2809 4287; x_wconf 78' lang='lat' dir='ltr'><strong>ferunt,</strong></span> <span class='ocrx_word' id='word_1_638' title='bbox 2831 4221 2989 4275; x_wconf 90' lang='lat' dir='ltr'><strong>annis</strong></span> <span class='ocrx_word' id='word_1_639' title='bbox 3019 4223 3157 4291; x_wconf 92' lang='lat' dir='ltr'><strong>apud</strong></span> <span class='ocrx_word' id='word_1_640' title='bbox 3185 4234 3439 4292; x_wconf 84' lang='lat' dir='ltr'><strong>parentes</strong></span> 
     </span>
    </p>
   </div>
   <div class='ocr_carea' id='block_1_87' title="bbox 1867 4305 3442 4384">
    <p class='ocr_par' dir='ltr' id='par_1_87' title="bbox 1867 4305 3442 4384">
     <span class='ocr_line' id='line_1_87' title="bbox 1867 4305 3442 4384; baseline 0.006 -24"><span class='ocrx_word' id='word_1_641' title='bbox 1867 4305 2153 4371; x_wconf 86' lang='lat' dir='ltr'><strong>educatus,</strong></span> <span class='ocrx_word' id='word_1_642' title='bbox 2178 4309 2443 4379; x_wconf 88' lang='lat' dir='ltr'><strong>reliquam</strong></span> <span class='ocrx_word' id='word_1_643' title='bbox 2469 4319 2637 4365; x_wconf 86' lang='lat' dir='ltr'><strong>totam</strong></span> <span class='ocrx_word' id='word_1_644' title='bbox 2663 4312 2826 4365; x_wconf 88' lang='lat' dir='ltr'><strong>vitam</strong></span> <span class='ocrx_word' id='word_1_645' title='bbox 2859 4313 2911 4365; x_wconf 92' lang='lat' dir='ltr'><strong>in</strong></span> <span class='ocrx_word' id='word_1_646' title='bbox 2944 4312 3299 4384; x_wconf 71' lang='lat' dir='ltr'><strong>philosophiae</strong></span> <span class='ocrx_word' id='word_1_647' title='bbox 3322 4330 3442 4370; x_wconf 83' lang='lat' dir='ltr'><strong>cer-</strong></span> 
     </span>
    </p>
   </div>
   <div class='ocr_carea' id='block_1_88' title="bbox 1870 4400 3438 4471">
    <p class='ocr_par' dir='ltr' id='par_1_88' title="bbox 1870 4400 3438 4471">
     <span class='ocr_line' id='line_1_88' title="bbox 1870 4400 3438 4471; baseline 0.006 -21"><span class='ocrx_word' id='word_1_648' title='bbox 1870 4400 2168 4457; x_wconf 84' lang='lat' dir='ltr'><strong>taminibus</strong></span> <span class='ocrx_word' id='word_1_649' title='bbox 2193 4404 2531 4471; x_wconf 88' lang='lat' dir='ltr'><strong>consumpsit</strong></span> <span class='ocrx_word' id='word_1_650' title='bbox 2561 4424 2571 4457; x_wconf 92' lang='lat'><strong>:</strong></span> <span class='ocrx_word' id='word_1_651' title='bbox 2617 4405 2820 4459; x_wconf 86' lang='lat' dir='ltr'><strong>ohiisse</strong></span> <span class='ocrx_word' id='word_1_652' title='bbox 2848 4414 3028 4460; x_wconf 88' lang='lat' dir='ltr'><strong>autem</strong></span> <span class='ocrx_word' id='word_1_653' title='bbox 3059 4406 3281 4470; x_wconf 87' lang='lat' dir='ltr'><strong>dicitur,</strong></span> <span class='ocrx_word' id='word_1_654' title='bbox 3314 4422 3438 4461; x_wconf 90' lang='lat' dir='ltr'><strong>cum</strong></span> 
     </span>
    </p>
   </div>
   <div class='ocr_carea' id='block_1_89' title="bbox 195 4477 1772 4569">
    <p class='ocr_par' dir='ltr' id='par_1_89' title="bbox 195 4477 1763 4550">
     <span class='ocr_line' id='line_1_89' title="bbox 195 4477 1763 4550; baseline 0.003 -21"><span class='ocrx_word' id='word_1_655' title='bbox 195 4478 249 4531; x_wconf 72' lang='grc' dir='ltr'><strong>δὲ</strong></span> <span class='ocrx_word' id='word_1_656' title='bbox 305 4478 524 4544; x_wconf 77' lang='grc' dir='ltr'><strong>λέγεται</strong></span> <span class='ocrx_word' id='word_1_657' title='bbox 561 4478 654 4547; x_wconf 77' lang='grc' dir='ltr'><strong>ἐτη</strong></span> <span class='ocrx_word' id='word_1_658' title='bbox 701 4477 904 4547; x_wconf 85' lang='grc' dir='ltr'><strong>βιώσας</strong></span> <span class='ocrx_word' id='word_1_659' title='bbox 938 4480 1090 4531; x_wconf 81' lang='grc' dir='ltr'><strong>ὲννέα</strong></span> <span class='ocrx_word' id='word_1_660' title='bbox 1121 4480 1214 4532; x_wconf 70' lang='grc' dir='ltr'><strong>καὶ</strong></span> <span class='ocrx_word' id='word_1_661' title='bbox 1244 4479 1613 4550; x_wconf 78' lang='grc' dir='ltr'><strong>ἐννενήκοντα.</strong></span> <span class='ocrx_word' id='word_1_662' title='bbox 1661 4482 1763 4534; x_wconf 84' lang='grc' dir='ltr'><strong>Τὸν</strong></span> 
     </span>
    </p>
   </div>
   <div class='ocr_carea' id='block_1_90' title="bbox 1892 4477 3438 4569">
    <p class='ocr_par' dir='ltr' id='par_1_90' title="bbox 1892 4489 3438 4569">
     <span class='ocr_line' id='line_1_90' title="bbox 1892 4489 3438 4569; baseline 0.007 -28"><span class='ocrx_word' id='word_1_663' title='bbox 1892 4489 2093 4545; x_wconf 70' lang='grc' dir='ltr'><strong>νίκίεεοι</strong></span> <span class='ocrx_word' id='word_1_664' title='bbox 2146 4507 2321 4547; x_wconf 87' lang='lat' dir='ltr'><strong>annos</strong></span> <span class='ocrx_word' id='word_1_665' title='bbox 2347 4509 2542 4548; x_wconf 84' lang='lat' dir='ltr'><strong>novem</strong></span> <span class='ocrx_word' id='word_1_666' title='bbox 2574 4504 2629 4548; x_wconf 90' lang='lat' dir='ltr'><strong>et</strong></span> <span class='ocrx_word' id='word_1_667' title='bbox 2659 4498 2973 4565; x_wconf 87' lang='lat' dir='ltr'><strong>nonaginta.</strong></span> <span class='ocrx_word' id='word_1_668' title='bbox 3016 4497 3149 4550; x_wconf 86' lang='lat' dir='ltr'><strong>Eum</strong></span> <span class='ocrx_word' id='word_1_669' title='bbox 3183 4513 3315 4568; x_wconf 87' lang='lat' dir='ltr'><strong>ergo</strong></span> <span class='ocrx_word' id='word_1_670' title='bbox 3348 4502 3438 4569; x_wconf 86' lang='lat' dir='ltr'><strong>qui</strong></span> 
     </span>
    </p>
   </div>
   <div class='ocr_carea' id='block_1_91' title="bbox 195 4569 1767 4642">
    <p class='ocr_par' dir='ltr' id='par_1_91' title="bbox 195 4569 1767 4642">
     <span class='ocr_line' id='line_1_91' title="bbox 195 4569 1767 4642; baseline 0.003 -22"><span class='ocrx_word' id='word_1_671' title='bbox 195 4570 374 4621; x_wconf 82' lang='grc' dir='ltr'><strong>τοίνυν</strong></span> <span class='ocrx_word' id='word_1_672' title='bbox 425 4569 518 4620; x_wconf 90' lang='grc' dir='ltr'><strong>δύο</strong></span> <span class='ocrx_word' id='word_1_673' title='bbox 554 4571 645 4621; x_wconf 77' lang='grc' dir='ltr'><strong>καὶ</strong></span> <span class='ocrx_word' id='word_1_674' title='bbox 677 4571 1032 4641; x_wconf 81' lang='grc' dir='ltr'><strong>ἐννενήκοντα</strong></span> <span class='ocrx_word' id='word_1_675' title='bbox 1066 4571 1471 4642; x_wconf 79' lang='grc' dir='ltr'><strong>ἀγωνισάμενον</strong></span> <span class='ocrx_word' id='word_1_676' title='bbox 1519 4572 1633 4641; x_wconf 77' lang='grc' dir='ltr'><strong>ἔτη,</strong></span> <span class='ocrx_word' id='word_1_677' title='bbox 1675 4574 1767 4624; x_wconf 68' lang='grc' dir='ltr'><strong>καὶ</strong></span> 
     </span>
    </p>
   </div>
   <div class='ocr_carea' id='block_1_92' title="bbox 196 4658 1766 4731">
    <p class='ocr_par' dir='ltr' id='par_1_92' title="bbox 196 4658 1766 4731">
     <span class='ocr_line' id='line_1_92' title="bbox 196 4658 1766 4731; baseline 0.003 -22"><span class='ocrx_word' id='word_1_678' title='bbox 196 4658 281 4709; x_wconf 67' lang='grc' dir='ltr'><strong>διὰ</strong></span> <span class='ocrx_word' id='word_1_679' title='bbox 344 4658 526 4726; x_wconf 76' lang='grc' dir='ltr'><strong>πάσης</strong></span> <span class='ocrx_word' id='word_1_680' title='bbox 568 4658 777 4731; x_wconf 74' lang='grc' dir='ltr'><strong>ἡμέρας</strong></span> <span class='ocrx_word' id='word_1_681' title='bbox 831 4677 890 4711; x_wconf 89' lang='grc' dir='ltr'><strong>τε</strong></span> <span class='ocrx_word' id='word_1_682' title='bbox 944 4660 1036 4711; x_wconf 71' lang='grc' dir='ltr'><strong>καὶ</strong></span> <span class='ocrx_word' id='word_1_683' title='bbox 1068 4660 1256 4723; x_wconf 71' lang='grc' dir='ltr'><strong>νυκτὸς</strong></span> <span class='ocrx_word' id='word_1_684' title='bbox 1303 4662 1592 4731; x_wconf 63' lang='grc' dir='ltr'><strong>νικηφόρον</strong></span> <span class='ocrx_word' id='word_1_685' title='bbox 1624 4662 1766 4714; x_wconf 82' lang='grc' dir='ltr'><strong>ὁδεύ-</strong></span> 
     </span>
    </p>
   </div>
   <div class='ocr_carea' id='block_1_93' title="bbox 200 4749 1767 4823">
    <p class='ocr_par' dir='ltr' id='par_1_93' title="bbox 200 4749 1767 4823">
     <span class='ocr_line' id='line_1_93' title="bbox 200 4749 1767 4823; baseline 0.002 -21"><span class='ocrx_word' id='word_1_686' title='bbox 200 4766 391 4812; x_wconf 85' lang='grc' dir='ltr'><strong>σαντα,</strong></span> <span class='ocrx_word' id='word_1_687' title='bbox 427 4750 511 4811; x_wconf 83' lang='grc' dir='ltr'><strong>τίς</strong></span> <span class='ocrx_word' id='word_1_688' title='bbox 542 4749 607 4802; x_wconf 84' lang='grc' dir='ltr'><strong>ἂν</strong></span> <span class='ocrx_word' id='word_1_689' title='bbox 631 4751 793 4816; x_wconf 79' lang='grc' dir='ltr'><strong>ἀξίως</strong></span> <span class='ocrx_word' id='word_1_690' title='bbox 829 4751 1129 4822; x_wconf 82' lang='grc' dir='ltr'><strong>θαυμάσειε</strong></span> <span class='ocrx_word' id='word_1_691' title='bbox 1158 4767 1171 4815; x_wconf 92' lang='grc'>;</span> <span class='ocrx_word' id='word_1_692' title='bbox 1209 4753 1337 4804; x_wconf 87' lang='grc' dir='ltr'><strong>ποία</strong></span> <span class='ocrx_word' id='word_1_693' title='bbox 1360 4753 1401 4803; x_wconf 76' lang='grc' dir='ltr'><strong>δ’</strong></span> <span class='ocrx_word' id='word_1_694' title='bbox 1425 4752 1487 4804; x_wconf 87' lang='grc' dir='ltr'><strong>ἂν</strong></span> <span class='ocrx_word' id='word_1_695' title='bbox 1516 4754 1767 4823; x_wconf 84' lang='grc' dir='ltr'><strong>ἀρκέσειε</strong></span> 
     </span>
    </p>
   </div>
   <div class='ocr_carea' id='block_1_94' title="bbox 197 4842 1766 4916">
    <p class='ocr_par' dir='ltr' id='par_1_94' title="bbox 197 4842 1766 4916">
     <span class='ocr_line' id='line_1_94' title="bbox 197 4842 1766 4916; baseline 0.004 -25"><span class='ocrx_word' id='word_1_696' title='bbox 197 4843 332 4913; x_wconf 78' lang='grc' dir='ltr'><strong>πρὸς</strong></span> <span class='ocrx_word' id='word_1_697' title='bbox 366 4842 616 4911; x_wconf 81' lang='grc' dir='ltr'><strong>διήγησιν</strong></span> <span class='ocrx_word' id='word_1_698' title='bbox 643 4842 875 4910; x_wconf 83' lang='grc' dir='ltr'><strong>γλῶττα,</strong></span> <span class='ocrx_word' id='word_1_699' title='bbox 899 4845 1008 4897; x_wconf 84' lang='grc' dir='ltr'><strong>τῶν</strong></span> <span class='ocrx_word' id='word_1_700' title='bbox 1041 4845 1098 4895; x_wconf 80' lang='grc' dir='ltr'><strong>ἐν</strong></span> <span class='ocrx_word' id='word_1_701' title='bbox 1130 4846 1399 4914; x_wconf 74' lang='grc' dir='ltr'><strong>μειρακίῳ</strong></span> <span class='ocrx_word' id='word_1_702' title='bbox 1430 4846 1519 4897; x_wconf 76' lang='grc' dir='ltr'><strong>καὶ</strong></span> <span class='ocrx_word' id='word_1_703' title='bbox 1550 4846 1766 4916; x_wconf 82' lang='grc' dir='ltr'><strong>παιδίῳ,</strong></span> 
     </span>
    </p>
   </div>
   <div class='ocr_carea' id='block_1_95' title="bbox 197 4928 1767 5005">
    <p class='ocr_par' dir='ltr' id='par_1_95' title="bbox 197 4928 1767 5005">
     <span class='ocr_line' id='line_1_95' title="bbox 197 4928 1767 5005; baseline 0.004 -25"><span class='ocrx_word' id='word_1_704' title='bbox 197 4930 291 4981; x_wconf 72' lang='grc' dir='ltr'><strong>καὶ</strong></span> <span class='ocrx_word' id='word_1_705' title='bbox 324 4928 480 4998; x_wconf 71' lang='grc' dir='ltr'><strong>ἀνδρὶ</strong></span> <span class='ocrx_word' id='word_1_706' title='bbox 516 4928 726 4999; x_wconf 85' lang='grc' dir='ltr'><strong>τελείῳ,</strong></span> <span class='ocrx_word' id='word_1_707' title='bbox 756 4930 849 4981; x_wconf 76' lang='grc' dir='ltr'><strong>καὶ</strong></span> <span class='ocrx_word' id='word_1_708' title='bbox 885 4930 1186 5000; x_wconf 73' lang='grc' dir='ltr'><strong>πρεσϐύτῃ,</strong></span> <span class='ocrx_word' id='word_1_709' title='bbox 1216 4932 1310 4985; x_wconf 79' lang='grc' dir='ltr'><strong>καὶ</strong></span> <span class='ocrx_word' id='word_1_710' title='bbox 1344 4934 1558 5003; x_wconf 84' lang='grc' dir='ltr'><strong>γέροντι</strong></span> <span class='ocrx_word' id='word_1_711' title='bbox 1599 4952 1767 5005; x_wconf 79' lang='grc' dir='ltr'><strong>πονη-</strong></span> 
     </span>
    </p>
   </div>
   <div class='ocr_carea' id='block_1_96' title="bbox 198 5018 1768 5095">
    <p class='ocr_par' dir='ltr' id='par_1_96' title="bbox 198 5018 1768 5095">
     <span class='ocr_line' id='line_1_96' title="bbox 198 5018 1768 5095; baseline 0.005 -24"><span class='ocrx_word' id='word_1_712' title='bbox 198 5019 398 5071; x_wconf 81' lang='grc' dir='ltr'><strong>θέντων</strong></span> <span class='ocrx_word' id='word_1_713' title='bbox 454 5018 896 5090; x_wconf 82' lang='grc' dir='ltr'><strong>κατορθωμάτων</strong></span> <span class='ocrx_word' id='word_1_714' title='bbox 925 5037 938 5085; x_wconf 86' lang='grc'><strong>;</strong></span> <span class='ocrx_word' id='word_1_715' title='bbox 966 5022 1058 5083; x_wconf 86' lang='grc' dir='ltr'><strong>Τίς</strong></span> <span class='ocrx_word' id='word_1_716' title='bbox 1102 5022 1167 5073; x_wconf 78' lang='grc' dir='ltr'><strong>ἂν</strong></span> <span class='ocrx_word' id='word_1_717' title='bbox 1199 5024 1406 5075; x_wconf 80' lang='grc' dir='ltr'><strong>ἐκείνου</strong></span> <span class='ocrx_word' id='word_1_718' title='bbox 1450 5026 1539 5077; x_wconf 77' lang='grc' dir='ltr'><strong>τὸν</strong></span> <span class='ocrx_word' id='word_1_719' title='bbox 1574 5026 1768 5095; x_wconf 78' lang='grc' dir='ltr'><strong>ἱδρῶτα</strong></span> 
     </span>
    </p>
   </div>
   <div class='ocr_carea' id='block_1_97' title="bbox 204 5108 1769 5186">
    <p class='ocr_par' dir='ltr' id='par_1_97' title="bbox 204 5108 1769 5186">
     <span class='ocr_line' id='line_1_97' title="bbox 204 5108 1769 5186; baseline 0.008 -29"><span class='ocrx_word' id='word_1_720' title='bbox 204 5109 490 5177; x_wconf 73' lang='grc' dir='ltr'><strong>μετρήσειε</strong></span> <span class='ocrx_word' id='word_1_721' title='bbox 518 5124 531 5170; x_wconf 87' lang='lat'><strong>;</strong></span> <span class='ocrx_word' id='word_1_722' title='bbox 565 5108 647 5170; x_wconf 89' lang='grc' dir='ltr'><strong>τίς</strong></span> <span class='ocrx_word' id='word_1_723' title='bbox 678 5109 722 5161; x_wconf 84' lang='grc' dir='ltr'><strong>δ’</strong></span> <span class='ocrx_word' id='word_1_724' title='bbox 751 5110 816 5162; x_wconf 84' lang='grc' dir='ltr'><strong>ἂν</strong></span> <span class='ocrx_word' id='word_1_725' title='bbox 837 5109 931 5172; x_wconf 76' lang='grc' dir='ltr'><strong>τὰς</strong></span> <span class='ocrx_word' id='word_1_726' title='bbox 953 5112 1009 5161; x_wconf 81' lang='grc' dir='ltr'><strong>ἐν</strong></span> <span class='ocrx_word' id='word_1_727' title='bbox 1030 5112 1265 5181; x_wconf 70' lang='grc' dir='ltr'><strong>τοσούτῳ</strong></span> <span class='ocrx_word' id='word_1_728' title='bbox 1288 5114 1461 5183; x_wconf 78' lang='grc' dir='ltr'><strong>χρόνῳ</strong></span> <span class='ocrx_word' id='word_1_729' title='bbox 1474 5116 1769 5186; x_wconf 76' lang='grc' dir='ltr'><strong>γενομένας</strong></span> 
     </span>
    </p>
   </div>
   <div class='ocr_carea' id='block_1_98' title="bbox 199 5198 1768 5276">
    <p class='ocr_par' dir='ltr' id='par_1_98' title="bbox 199 5198 1768 5276">
     <span class='ocr_line' id='line_1_98' title="bbox 199 5198 1768 5276; baseline 0.007 -27"><span class='ocrx_word' id='word_1_730' title='bbox 199 5198 521 5266; x_wconf 71' lang='grc' dir='ltr'><strong>ἀριθμήσειε</strong></span> <span class='ocrx_word' id='word_1_731' title='bbox 552 5199 727 5261; x_wconf 85' lang='grc' dir='ltr'><strong>πάλας</strong></span> <span class='ocrx_word' id='word_1_732' title='bbox 758 5217 772 5262; x_wconf 90' lang='grc'><strong>;</strong></span> <span class='ocrx_word' id='word_1_733' title='bbox 798 5203 946 5263; x_wconf 83' lang='grc' dir='ltr'><strong>ποῖος</strong></span> <span class='ocrx_word' id='word_1_734' title='bbox 977 5202 1020 5255; x_wconf 84' lang='grc' dir='ltr'><strong>δ’</strong></span> <span class='ocrx_word' id='word_1_735' title='bbox 1051 5203 1114 5254; x_wconf 81' lang='grc' dir='ltr'><strong>ἂν</strong></span> <span class='ocrx_word' id='word_1_736' title='bbox 1144 5203 1382 5270; x_wconf 76' lang='grc' dir='ltr'><strong>ἐφίκοιτο</strong></span> <span class='ocrx_word' id='word_1_737' title='bbox 1403 5206 1577 5273; x_wconf 82' lang='grc' dir='ltr'><strong>λόγος,</strong></span> <span class='ocrx_word' id='word_1_738' title='bbox 1609 5207 1768 5276; x_wconf 75' lang='grc' dir='ltr'><strong>ἡτῶν</strong></span> 
     </span>
    </p>
   </div>
   <div class='ocr_carea' id='block_1_99' title="bbox 197 5289 1766 5366">
    <p class='ocr_par' dir='ltr' id='par_1_99' title="bbox 197 5289 1766 5366">
     <span class='ocr_line' id='line_1_99' title="bbox 197 5289 1766 5366; baseline 0.008 -27"><span class='ocrx_word' id='word_1_739' title='bbox 197 5289 289 5339; x_wconf 85' lang='grc' dir='ltr'><strong>ὐπ’</strong></span> <span class='ocrx_word' id='word_1_740' title='bbox 336 5290 501 5342; x_wconf 84' lang='grc' dir='ltr'><strong>αὐτοῦ</strong></span> <span class='ocrx_word' id='word_1_741' title='bbox 537 5290 985 5361; x_wconf 76' lang='grc' dir='ltr'><strong>καταϐληθέντων</strong></span> <span class='ocrx_word' id='word_1_742' title='bbox 1035 5295 1381 5363; x_wconf 76' lang='grc' dir='ltr'><strong>σπερμάτων,</strong></span> <span class='ocrx_word' id='word_1_743' title='bbox 1428 5297 1459 5366; x_wconf 78' lang='grc' dir='ltr'>ἢ</span> <span class='ocrx_word' id='word_1_744' title='bbox 1506 5298 1611 5350; x_wconf 82' lang='grc' dir='ltr'><strong>τῶν</strong></span> <span class='ocrx_word' id='word_1_745' title='bbox 1642 5298 1766 5350; x_wconf 78' lang='grc' dir='ltr'><strong>συλ-</strong></span> 
     </span>
    </p>
   </div>
   <div class='ocr_carea' id='block_1_100' title="bbox 196 5380 1769 5457">
    <p class='ocr_par' dir='ltr' id='par_1_100' title="bbox 196 5380 1769 5457">
     <span class='ocr_line' id='line_1_100' title="bbox 196 5380 1769 5457; baseline 0.02 -26"><span class='ocrx_word' id='word_1_746' title='bbox 196 5380 461 5447; x_wconf 65' lang='grc' dir='ltr'><strong>λεγέντων</strong></span> <span class='ocrx_word' id='word_1_747' title='bbox 505 5382 875 5453; x_wconf 82' lang='grc' dir='ltr'><strong>δραγμάτων;</strong></span> <span class='ocrx_word' id='word_1_748' title='bbox 916 5384 1012 5446; x_wconf 83' lang='grc' dir='ltr'><strong>Τίς</strong></span> <span class='ocrx_word' id='word_1_749' title='bbox 1060 5382 1231 5447; x_wconf 64' lang='grc' dir='ltr'>οὕτως</span> <span class='ocrx_word' id='word_1_750' title='bbox 1286 5386 1483 5455; x_wconf 57' lang='grc' dir='ltr'><strong>ὑψηλὸς</strong></span> <span class='ocrx_word' id='word_1_751' title='bbox 1520 5389 1615 5457; x_wconf 71' lang='grc' dir='ltr'><strong>τὴν</strong></span> <span class='ocrx_word' id='word_1_752' title='bbox 1651 5389 1769 5443; x_wconf 73' lang='grc' dir='ltr'><strong>δίά“</strong></span> 
     </span>
    </p>
   </div>
   <div class='ocr_carea' id='block_1_101' title="bbox 197 5471 1769 5551">
    <p class='ocr_par' dir='ltr' id='par_1_101' title="bbox 197 5471 1769 5551">
     <span class='ocr_line' id='line_1_101' title="bbox 197 5471 1769 5551; baseline 0.006 -29"><span class='ocrx_word' id='word_1_753' title='bbox 197 5489 363 5533; x_wconf 88' lang='grc' dir='ltr'><strong>νοιαν,</strong></span> <span class='ocrx_word' id='word_1_754' title='bbox 409 5471 484 5533; x_wconf 82' lang='grc' dir='ltr'><strong>ὡς</strong></span> <span class='ocrx_word' id='word_1_755' title='bbox 528 5472 761 5525; x_wconf 86' lang='grc' dir='ltr'><strong>κατιδεῖν</strong></span> <span class='ocrx_word' id='word_1_756' title='bbox 801 5473 1045 5543; x_wconf 74' lang='grc' dir='ltr'><strong>ἀκριϐῶς</strong></span> <span class='ocrx_word' id='word_1_757' title='bbox 1090 5475 1186 5544; x_wconf 74' lang='grc' dir='ltr'><strong>τὴν</strong></span> <span class='ocrx_word' id='word_1_758' title='bbox 1217 5476 1281 5527; x_wconf 83' lang='grc' dir='ltr'><strong>ἐκ</strong></span> <span class='ocrx_word' id='word_1_759' title='bbox 1312 5477 1408 5543; x_wconf 76' lang='grc' dir='ltr'><strong>τῆς</strong></span> <span class='ocrx_word' id='word_1_760' title='bbox 1451 5479 1619 5548; x_wconf 80' lang='grc' dir='ltr'><strong>καλῆς</strong></span> <span class='ocrx_word' id='word_1_761' title='bbox 1672 5482 1769 5551; x_wconf 80' lang='grc' dir='ltr'><strong>ἑμ-</strong></span> 
     </span>
    </p>
   </div>
   <div class='ocr_carea' id='block_1_102' title="bbox 200 5563 1770 5636">
    <p class='ocr_par' dir='ltr' id='par_1_102' title="bbox 200 5563 1770 5636">
     <span class='ocr_line' id='line_1_102' title="bbox 200 5563 1770 5636; baseline 0.006 -20"><span class='ocrx_word' id='word_1_762' title='bbox 200 5565 392 5634; x_wconf 70' lang='grc' dir='ltr'><strong>πσιρίας</strong></span> <span class='ocrx_word' id='word_1_763' title='bbox 424 5565 900 5633; x_wconf 86' lang='grc' dir='ltr'><strong>συναθροισθεῖσαν</strong></span> <span class='ocrx_word' id='word_1_764' title='bbox 929 5569 1245 5636; x_wconf 82' lang='grc' dir='ltr'><strong>περιουσίαν</strong></span> <span class='ocrx_word' id='word_1_765' title='bbox 1272 5584 1284 5629; x_wconf 89' lang='grc'>;</span> <span class='ocrx_word' id='word_1_766' title='bbox 1318 5563 1450 5622; x_wconf 79' lang='grc' dir='ltr'><strong>Οἶδα</strong></span> <span class='ocrx_word' id='word_1_767' title='bbox 1482 5571 1589 5621; x_wconf 81' lang='grc' dir='ltr'><strong>τῶν</strong></span> <span class='ocrx_word' id='word_1_768' title='bbox 1627 5574 1770 5624; x_wconf 78' lang='grc' dir='ltr'><strong>ἐκεί-</strong></span> 
     </span>
    </p>
   </div>
   <div class='ocr_carea' id='block_1_103' title="bbox 198 5656 1768 5729">
    <p class='ocr_par' dir='ltr' id='par_1_103' title="bbox 198 5656 1768 5729">
     <span class='ocr_line' id='line_1_103' title="bbox 198 5656 1768 5729; baseline 0.007 -23"><span class='ocrx_word' id='word_1_769' title='bbox 198 5674 288 5707; x_wconf 51' lang='grc' dir='ltr'><strong>νου</strong></span> <span class='ocrx_word' id='word_1_770' title='bbox 307 5656 749 5729; x_wconf 51' lang='grc' dir='ltr'><strong>κατορθωμάτων</strong></span> <span class='ocrx_word' id='word_1_771' title='bbox 763 5657 824 5709; x_wconf 84' lang='grc' dir='ltr'><strong>τὸ</strong></span> <span class='ocrx_word' id='word_1_772' title='bbox 850 5657 1108 5725; x_wconf 73' lang='grc' dir='ltr'><strong>πέλαγος,</strong></span> <span class='ocrx_word' id='word_1_773' title='bbox 1130 5658 1220 5711; x_wconf 71' lang='grc' dir='ltr'><strong>καὶ</strong></span> <span class='ocrx_word' id='word_1_774' title='bbox 1237 5659 1321 5711; x_wconf 74' lang='grc' dir='ltr'><strong>διὰ</strong></span> <span class='ocrx_word' id='word_1_775' title='bbox 1340 5660 1494 5715; x_wconf 70' lang='grc' dir='ltr'><strong>τοῦτο</strong></span> <span class='ocrx_word' id='word_1_776' title='bbox 1518 5662 1768 5727; x_wconf 75' lang='grc' dir='ltr'><strong>πελάζειν</strong></span> 
     </span>
    </p>
   </div>
   <div class='ocr_carea' id='block_1_104' title="bbox 195 5747 1768 5822">
    <p class='ocr_par' dir='ltr' id='par_1_104' title="bbox 195 5747 1768 5822">
     <span class='ocr_line' id='line_1_104' title="bbox 195 5747 1768 5822; baseline 0.013 -26"><span class='ocrx_word' id='word_1_777' title='bbox 195 5750 258 5814; x_wconf 69' lang='grc' dir='ltr'><strong>τῇ</strong></span> <span class='ocrx_word' id='word_1_778' title='bbox 294 5747 391 5817; x_wconf 77' lang='grc' dir='ltr'><strong>τῆς</strong></span> <span class='ocrx_word' id='word_1_779' title='bbox 422 5747 725 5816; x_wconf 70' lang='grc' dir='ltr'><strong>διηγήσεως</strong></span> <span class='ocrx_word' id='word_1_780' title='bbox 763 5748 970 5821; x_wconf 72' lang='grc' dir='ltr'><strong>ἱστορία</strong></span> <span class='ocrx_word' id='word_1_781' title='bbox 1008 5749 1283 5819; x_wconf 59' lang='grc' dir='ltr'><strong>δειμαίνω,</strong></span> <span class='ocrx_word' id='word_1_782' title='bbox 1332 5751 1415 5802; x_wconf 75' lang='grc' dir='ltr'><strong>ἵνα</strong></span> <span class='ocrx_word' id='word_1_783' title='bbox 1552 5753 1578 5802; x_wconf 73' lang='grc' dir='ltr'>ὁ</span> <span class='ocrx_word' id='word_1_784' title='bbox 1613 5752 1768 5821; x_wconf 70' lang='grc' dir='ltr'><strong>λόγος</strong></span> 
     </span>
    </p>
   </div>
   <div class='ocr_carea' id='block_1_105' title="bbox 1872 4582 3441 4659">
    <p class='ocr_par' dir='ltr' id='par_1_105' title="bbox 1872 4582 3441 4659">
     <span class='ocr_line' id='line_1_105' title="bbox 1872 4582 3441 4659; baseline 0.008 -28"><span class='ocrx_word' id='word_1_785' title='bbox 1872 4582 2165 4651; x_wconf 78' lang='lat' dir='ltr'><strong>nonaginta</strong></span> <span class='ocrx_word' id='word_1_786' title='bbox 2188 4590 2241 4636; x_wconf 92' lang='lat' dir='ltr'><strong>et</strong></span> <span class='ocrx_word' id='word_1_787' title='bbox 2259 4584 2397 4638; x_wconf 90' lang='lat' dir='ltr'><strong>duos</strong></span> <span class='ocrx_word' id='word_1_788' title='bbox 2417 4600 2591 4640; x_wconf 90' lang='lat' dir='ltr'><strong>annos</strong></span> <span class='ocrx_word' id='word_1_789' title='bbox 2609 4585 2928 4653; x_wconf 82' lang='lat' dir='ltr'><strong>dcccrtavit,</strong></span> <span class='ocrx_word' id='word_1_790' title='bbox 2944 4588 3121 4642; x_wconf 89' lang='lat' dir='ltr'><strong>etdies</strong></span> <span class='ocrx_word' id='word_1_791' title='bbox 3145 4598 3441 4659; x_wconf 87' lang='lat' dir='ltr'><strong>noctesque</strong></span> 
     </span>
    </p>
   </div>
   <div class='ocr_carea' id='block_1_106' title="bbox 1872 4675 3442 4751">
    <p class='ocr_par' dir='ltr' id='par_1_106' title="bbox 1872 4675 3442 4751">
     <span class='ocr_line' id='line_1_106' title="bbox 1872 4675 3442 4751; baseline 0.007 -26"><span class='ocrx_word' id='word_1_792' title='bbox 1872 4686 2086 4741; x_wconf 85' lang='lat' dir='ltr'><strong>semper</strong></span> <span class='ocrx_word' id='word_1_793' title='bbox 2106 4675 2282 4727; x_wconf 89' lang='lat' dir='ltr'><strong>victor</strong></span> <span class='ocrx_word' id='word_1_794' title='bbox 2315 4677 2569 4751; x_wconf 84' lang='lat' dir='ltr'><strong>incessit,</strong></span> <span class='ocrx_word' id='word_1_795' title='bbox 2604 4693 2703 4747; x_wconf 90' lang='lat' dir='ltr'><strong>pro</strong></span> <span class='ocrx_word' id='word_1_796' title='bbox 2726 4679 2989 4749; x_wconf 80' lang='lat' dir='ltr'><strong>dignitate</strong></span> <span class='ocrx_word' id='word_1_797' title='bbox 3017 4680 3141 4749; x_wconf 87' lang='lat' dir='ltr'><strong>quis</strong></span> <span class='ocrx_word' id='word_1_798' title='bbox 3162 4680 3442 4736; x_wconf 77' lang='lat' dir='ltr'><strong>laudabit?</strong></span> 
     </span>
    </p>
   </div>
   <div class='ocr_carea' id='block_1_107' title="bbox 1870 4752 3439 4842">
    <p class='ocr_par' dir='ltr' id='par_1_107' title="bbox 1870 4752 3439 4842">
     <span class='ocr_line' id='line_1_107' title="bbox 1870 4752 3439 4842; baseline 0.008 -27"><span class='ocrx_word' id='word_1_799' title='bbox 1870 4771 1965 4815; x_wconf 88' lang='lat' dir='ltr'><strong>aut</strong></span> <span class='ocrx_word' id='word_1_800' title='bbox 1987 4780 2107 4833; x_wconf 72' lang='lat' dir='ltr'><strong>qua:</strong></span> <span class='ocrx_word' id='word_1_801' title='bbox 2146 4766 2327 4836; x_wconf 89' lang='lat' dir='ltr'><strong>lingua</strong></span> <span class='ocrx_word' id='word_1_802' title='bbox 2360 4769 2636 4835; x_wconf 50' lang='lat' dir='ltr'><strong>praeclaris</strong></span> <span class='ocrx_word' id='word_1_803' title='bbox 2668 4752 3034 4835; x_wconf 57' lang='lat' dir='ltr'><strong>facinoribus,</strong></span> <span class='ocrx_word' id='word_1_804' title='bbox 3067 4786 3188 4840; x_wconf 69' lang='lat' dir='ltr'><strong>quae</strong></span> <span class='ocrx_word' id='word_1_805' title='bbox 3219 4787 3354 4842; x_wconf 91' lang='lat' dir='ltr'><strong>puer</strong></span> <span class='ocrx_word' id='word_1_806' title='bbox 3384 4783 3439 4828; x_wconf 92' lang='lat' dir='ltr'><strong>et</strong></span> 
     </span>
    </p>
   </div>
   <div class='ocr_carea' id='block_1_108' title="bbox 1872 4848 3438 4933">
    <p class='ocr_par' dir='ltr' id='par_1_108' title="bbox 1872 4848 3438 4933">
     <span class='ocr_line' id='line_1_108' title="bbox 1872 4848 3438 4933; baseline 0.008 -26"><span class='ocrx_word' id='word_1_807' title='bbox 1872 4854 2206 4919; x_wconf 83' lang='lat' dir='ltr'><strong>adolescens,</strong></span> <span class='ocrx_word' id='word_1_808' title='bbox 2233 4861 2528 4928; x_wconf 70' lang='lat' dir='ltr'><strong>quaequein</strong></span> <span class='ocrx_word' id='word_1_809' title='bbox 2548 4861 2692 4915; x_wconf 87' lang='lat' dir='ltr'><strong>virili</strong></span> <span class='ocrx_word' id='word_1_810' title='bbox 2717 4864 2796 4917; x_wconf 87' lang='lat' dir='ltr'><strong>vel</strong></span> <span class='ocrx_word' id='word_1_811' title='bbox 2813 4848 3129 4933; x_wconf 71' lang='lat' dir='ltr'><strong>aﬂeiztajam</strong></span> <span class='ocrx_word' id='word_1_812' title='bbox 3147 4872 3326 4927; x_wconf 66' lang='lat' dir='ltr'><strong>aetate,</strong></span> <span class='ocrx_word' id='word_1_813' title='bbox 3343 4875 3438 4920; x_wconf 88' lang='lat' dir='ltr'><strong>aut</strong></span> 
     </span>
    </p>
   </div>
   <div class='ocr_carea' id='block_1_109' title="bbox 1873 4945 3437 5020">
    <p class='ocr_par' dir='ltr' id='par_1_109' title="bbox 1873 4945 3437 5020">
     <span class='ocr_line' id='line_1_109' title="bbox 1873 4945 3437 5020; baseline 0.008 -24"><span class='ocrx_word' id='word_1_814' title='bbox 1873 4945 1925 4996; x_wconf 93' lang='lat' dir='ltr'><strong>in</strong></span> <span class='ocrx_word' id='word_1_815' title='bbox 1946 4945 2133 4998; x_wconf 90' lang='lat' dir='ltr'><strong>ultima</strong></span> <span class='ocrx_word' id='word_1_816' title='bbox 2150 4949 2256 5017; x_wconf 82' lang='lat' dir='ltr'><strong>egit</strong></span> <span class='ocrx_word' id='word_1_817' title='bbox 2276 4958 2579 5015; x_wconf 88' lang='lat' dir='ltr'><strong>senectute,</strong></span> <span class='ocrx_word' id='word_1_818' title='bbox 2596 4951 3092 5007; x_wconf 89' lang='lat' dir='ltr'><strong>commemorandis</strong></span> <span class='ocrx_word' id='word_1_819' title='bbox 3109 4966 3207 5020; x_wconf 90' lang='lat' dir='ltr'><strong>par</strong></span> <span class='ocrx_word' id='word_1_820' title='bbox 3233 4951 3437 5010; x_wconf 77' lang='lat' dir='ltr'><strong>fuerit?</strong></span> 
     </span>
    </p>
   </div>
   <div class='ocr_carea' id='block_1_110' title="bbox 1877 5036 3435 5108">
    <p class='ocr_par' dir='ltr' id='par_1_110' title="bbox 1877 5036 3435 5108">
     <span class='ocr_line' id='line_1_110' title="bbox 1877 5036 3435 5108; baseline 0.008 -22"><span class='ocrx_word' id='word_1_821' title='bbox 1877 5036 2013 5100; x_wconf 85' lang='lat' dir='ltr'><strong>Quis</strong></span> <span class='ocrx_word' id='word_1_822' title='bbox 2039 5038 2268 5093; x_wconf 89' lang='lat' dir='ltr'><strong>sudores</strong></span> <span class='ocrx_word' id='word_1_823' title='bbox 2287 5040 2405 5108; x_wconf 83' lang='lat' dir='ltr'><strong>ejus</strong></span> <span class='ocrx_word' id='word_1_824' title='bbox 2424 5040 2772 5095; x_wconf 88' lang='lat' dir='ltr'><strong>dimetiatur?</strong></span> <span class='ocrx_word' id='word_1_825' title='bbox 2793 5041 2917 5108; x_wconf 90' lang='lat' dir='ltr'><strong>quis</strong></span> <span class='ocrx_word' id='word_1_826' title='bbox 2935 5044 3262 5102; x_wconf 87' lang='lat' dir='ltr'><strong>commissas</strong></span> <span class='ocrx_word' id='word_1_827' title='bbox 3284 5055 3435 5100; x_wconf 90' lang='lat' dir='ltr'><strong>tanto</strong></span> 
     </span>
    </p>
   </div>
   <div class='ocr_carea' id='block_1_111' title="bbox 1874 5128 3436 5203">
    <p class='ocr_par' dir='ltr' id='par_1_111' title="bbox 1874 5128 3436 5203">
     <span class='ocr_line' id='line_1_111' title="bbox 1874 5128 3436 5203; baseline 0.01 -28"><span class='ocrx_word' id='word_1_828' title='bbox 1874 5131 2115 5193; x_wconf 85' lang='lat' dir='ltr'><strong>tempore</strong></span> <span class='ocrx_word' id='word_1_829' title='bbox 2138 5128 2311 5182; x_wconf 80' lang='lat' dir='ltr'><strong>luctas</strong></span> <span class='ocrx_word' id='word_1_830' title='bbox 2328 5130 2640 5183; x_wconf 82' lang='lat' dir='ltr'><strong>enumeret?</strong></span> <span class='ocrx_word' id='word_1_831' title='bbox 2656 5145 2776 5196; x_wconf 73' lang='lat' dir='ltr'><strong>qua:</strong></span> <span class='ocrx_word' id='word_1_832' title='bbox 2798 5132 2973 5185; x_wconf 90' lang='lat' dir='ltr'><strong>oratio</strong></span> <span class='ocrx_word' id='word_1_833' title='bbox 2990 5133 3072 5186; x_wconf 87' lang='lat' dir='ltr'><strong>vel</strong></span> <span class='ocrx_word' id='word_1_834' title='bbox 3087 5148 3275 5203; x_wconf 89' lang='lat' dir='ltr'><strong>sparsa</strong></span> <span class='ocrx_word' id='word_1_835' title='bbox 3290 5136 3356 5190; x_wconf 88' lang='lat' dir='ltr'><strong>ah</strong></span> <span class='ocrx_word' id='word_1_836' title='bbox 3372 5151 3436 5191; x_wconf 91' lang='lat' dir='ltr'><strong>eo</strong></span> 
     </span>
    </p>
   </div>
   <div class='ocr_carea' id='block_1_112' title="bbox 1872 5218 3436 5294">
    <p class='ocr_par' dir='ltr' id='par_1_112' title="bbox 1872 5218 3436 5294">
     <span class='ocr_line' id='line_1_112' title="bbox 1872 5218 3436 5294; baseline 0.009 -25"><span class='ocrx_word' id='word_1_837' title='bbox 1872 5218 2095 5278; x_wconf 84' lang='lat' dir='ltr'><strong>semina,</strong></span> <span class='ocrx_word' id='word_1_838' title='bbox 2155 5219 2232 5271; x_wconf 75' lang='lat' dir='ltr'><strong>vel</strong></span> <span class='ocrx_word' id='word_1_839' title='bbox 2270 5223 2528 5275; x_wconf 77' lang='lat' dir='ltr'><strong>collectos</strong></span> <span class='ocrx_word' id='word_1_840' title='bbox 2563 5223 2871 5291; x_wconf 89' lang='lat' dir='ltr'><strong>manipulos</strong></span> <span class='ocrx_word' id='word_1_841' title='bbox 2908 5226 3264 5292; x_wconf 82' lang='lat' dir='ltr'><strong>percenseat?</strong></span> <span class='ocrx_word' id='word_1_842' title='bbox 3300 5227 3436 5294; x_wconf 83' lang='lat' dir='ltr'><strong>Quis</strong></span> 
     </span>
    </p>
   </div>
   <div class='ocr_carea' id='block_1_113' title="bbox 1872 5308 3434 5381">
    <p class='ocr_par' dir='ltr' id='par_1_113' title="bbox 1872 5308 3434 5381">
     <span class='ocr_line' id='line_1_113' title="bbox 1872 5308 3434 5381; baseline 0.006 -25"><span class='ocrx_word' id='word_1_843' title='bbox 1872 5308 2096 5358; x_wconf 83' lang='lat' dir='ltr'><strong>tamaita</strong></span> <span class='ocrx_word' id='word_1_844' title='bbox 2125 5315 2303 5361; x_wconf 86' lang='lat' dir='ltr'><strong>mente</strong></span> <span class='ocrx_word' id='word_1_845' title='bbox 2333 5310 2609 5377; x_wconf 58' lang='lat' dir='ltr'><strong>praeditus,</strong></span> <span class='ocrx_word' id='word_1_846' title='bbox 2630 5318 2688 5363; x_wconf 92' lang='lat' dir='ltr'><strong>ut</strong></span> <span class='ocrx_word' id='word_1_847' title='bbox 2709 5322 2995 5381; x_wconf 86' lang='lat' dir='ltr'><strong>congestas</strong></span> <span class='ocrx_word' id='word_1_848' title='bbox 3009 5327 3074 5366; x_wconf 81' lang='lat' dir='ltr'><strong>ex</strong></span> <span class='ocrx_word' id='word_1_849' title='bbox 3097 5313 3265 5368; x_wconf 86' lang='lat' dir='ltr'><strong>nobili</strong></span> <span class='ocrx_word' id='word_1_850' title='bbox 3289 5329 3434 5369; x_wconf 82' lang='lat' dir='ltr'><strong>nter-</strong></span> 
     </span>
    </p>
   </div>
   <div class='ocr_carea' id='block_1_114' title="bbox 1872 5399 3436 5471">
    <p class='ocr_par' dir='ltr' id='par_1_114' title="bbox 1872 5399 3436 5471">
     <span class='ocr_line' id='line_1_114' title="bbox 1872 5399 3436 5471; baseline 0.003 -21"><span class='ocrx_word' id='word_1_851' title='bbox 1872 5406 2056 5450; x_wconf 84' lang='lat' dir='ltr'><strong>catura</strong></span> <span class='ocrx_word' id='word_1_852' title='bbox 2080 5399 2366 5453; x_wconf 77' lang='lat' dir='ltr'><strong>facultates</strong></span> <span class='ocrx_word' id='word_1_853' title='bbox 2391 5400 2598 5469; x_wconf 89' lang='lat' dir='ltr'><strong>liquido</strong></span> <span class='ocrx_word' id='word_1_854' title='bbox 2620 5401 2943 5471; x_wconf 86' lang='lat' dir='ltr'><strong>perspiciat?</strong></span> <span class='ocrx_word' id='word_1_855' title='bbox 2966 5400 3151 5457; x_wconf 86' lang='lat' dir='ltr'><strong>Sentio</strong></span> <span class='ocrx_word' id='word_1_856' title='bbox 3168 5419 3355 5458; x_wconf 84' lang='lat' dir='ltr'><strong>rerum</strong></span> <span class='ocrx_word' id='word_1_857' title='bbox 3367 5406 3436 5457; x_wconf 88' lang='lat' dir='ltr'><strong>ah</strong></span> 
     </span>
    </p>
   </div>
   <div class='ocr_carea' id='block_1_115' title="bbox 1870 5492 3433 5566">
    <p class='ocr_par' dir='ltr' id='par_1_115' title="bbox 1870 5492 3433 5566">
     <span class='ocr_line' id='line_1_115' title="bbox 1870 5492 3433 5566; baseline 0.006 -26"><span class='ocrx_word' id='word_1_858' title='bbox 1870 5502 1934 5540; x_wconf 89' lang='lat' dir='ltr'><strong>eo</strong></span> <span class='ocrx_word' id='word_1_859' title='bbox 1953 5497 2223 5555; x_wconf 79' lang='lat' dir='ltr'><strong>gestarum</strong></span> <span class='ocrx_word' id='word_1_860' title='bbox 2245 5492 2469 5560; x_wconf 83' lang='lat' dir='ltr'><strong>pelagus</strong></span> <span class='ocrx_word' id='word_1_861' title='bbox 2493 5492 2855 5548; x_wconf 89' lang='lat' dir='ltr'><strong>immensum:</strong></span> <span class='ocrx_word' id='word_1_862' title='bbox 2890 5494 3121 5564; x_wconf 90' lang='lat' dir='ltr'><strong>ideoque</strong></span> <span class='ocrx_word' id='word_1_863' title='bbox 3156 5496 3220 5549; x_wconf 87' lang='lat' dir='ltr'><strong>ad</strong></span> <span class='ocrx_word' id='word_1_864' title='bbox 3246 5510 3433 5566; x_wconf 76' lang='lat' dir='ltr'><strong>earum</strong></span> 
     </span>
    </p>
   </div>
   <div class='ocr_carea' id='block_1_116' title="bbox 1870 5579 3435 5655">
    <p class='ocr_par' dir='ltr' id='par_1_116' title="bbox 1870 5579 3435 5655">
     <span class='ocr_line' id='line_1_116' title="bbox 1870 5579 3435 5655; baseline 0.005 -25"><span class='ocrx_word' id='word_1_865' title='bbox 1870 5579 2243 5647; x_wconf 76' lang='lat' dir='ltr'><strong>explicandam</strong></span> <span class='ocrx_word' id='word_1_866' title='bbox 2272 5582 2553 5636; x_wconf 85' lang='lat' dir='ltr'><strong>historiam</strong></span> <span class='ocrx_word' id='word_1_867' title='bbox 2583 5584 2841 5639; x_wconf 88' lang='lat' dir='ltr'><strong>accedere</strong></span> <span class='ocrx_word' id='word_1_868' title='bbox 2872 5584 3216 5655; x_wconf 86' lang='lat' dir='ltr'><strong>pertimesco,</strong></span> <span class='ocrx_word' id='word_1_869' title='bbox 3248 5601 3315 5641; x_wconf 89' lang='lat' dir='ltr'><strong>ne</strong></span> <span class='ocrx_word' id='word_1_870' title='bbox 3336 5602 3435 5639; x_wconf 88' lang='lat' dir='ltr'><strong>un-</strong></span> 
     </span>
    </p>
   </div>
   <div class='ocr_carea' id='block_1_117' title="bbox 1871 5667 3433 5743">
    <p class='ocr_par' dir='ltr' id='par_1_117' title="bbox 1871 5667 3433 5743">
     <span class='ocr_line' id='line_1_117' title="bbox 1871 5667 3433 5743; baseline 0.007 -24"><span class='ocrx_word' id='word_1_871' title='bbox 1871 5667 1956 5721; x_wconf 92' lang='lat' dir='ltr'><strong>dis</strong></span> <span class='ocrx_word' id='word_1_872' title='bbox 1988 5670 2254 5723; x_wconf 86' lang='lat' dir='ltr'><strong>obruatur</strong></span> <span class='ocrx_word' id='word_1_873' title='bbox 2284 5674 2479 5725; x_wconf 86' lang='lat' dir='ltr'><strong>oratio.</strong></span> <span class='ocrx_word' id='word_1_874' title='bbox 2517 5670 2698 5736; x_wconf 86' lang='lat' dir='ltr'><strong>Quare</strong></span> <span class='ocrx_word' id='word_1_875' title='bbox 2726 5682 2947 5743; x_wconf 89' lang='lat' dir='ltr'><strong>pr0pter</strong></span> <span class='ocrx_word' id='word_1_876' title='bbox 2993 5674 3147 5729; x_wconf 93' lang='lat' dir='ltr'><strong>littus</strong></span> <span class='ocrx_word' id='word_1_877' title='bbox 3185 5674 3433 5730; x_wconf 88' lang='lat' dir='ltr'><strong>incedam</strong></span> 
     </span>
    </p>
   </div>
   <div class='ocr_carea' id='block_1_118' title="bbox 1872 5761 3437 5836">
    <p class='ocr_par' dir='ltr' id='par_1_118' title="bbox 1872 5761 3437 5836">
     <span class='ocr_line' id='line_1_118' title="bbox 1872 5761 3437 5836; baseline 0.006 -24"><span class='ocrx_word' id='word_1_878' title='bbox 1872 5767 1923 5812; x_wconf 89' lang='lat' dir='ltr'><strong>et</strong></span> <span class='ocrx_word' id='word_1_879' title='bbox 1956 5761 2123 5816; x_wconf 87' lang='lat' dir='ltr'><strong>maris</strong></span> <span class='ocrx_word' id='word_1_880' title='bbox 2158 5779 2279 5832; x_wconf 78' lang='lat' dir='ltr'><strong>qme</strong></span> <span class='ocrx_word' id='word_1_881' title='bbox 2335 5764 2638 5820; x_wconf 78' lang='lat' dir='ltr'><strong>continenti</strong></span> <span class='ocrx_word' id='word_1_882' title='bbox 2680 5766 2926 5836; x_wconf 78' lang='lat' dir='ltr'><strong>proxima</strong></span> <span class='ocrx_word' id='word_1_883' title='bbox 2963 5773 3092 5821; x_wconf 81' lang='lat' dir='ltr'><strong>sunt</strong></span> <span class='ocrx_word' id='word_1_884' title='bbox 3126 5764 3437 5823; x_wconf 81' lang='lat' dir='ltr'><strong>admirabor</strong></span> 
     </span>
    </p>
   </div>
  </div>
