4206 6456
716 352 850 417 13ῖ9

1693 340 2178 404 THEODORETI
2219 337 2557 400 EPISCOPI
2586 339 2948 399 CYRENSIS

3825 338 3960 403 1380

713 472 768 517 et
795 476 1062 532 exponam
1104 478 1115 513 :
1151 456 1482 528 profundum
1522 462 1705 507 autem
1741 454 1818 506 illi
1850 452 2161 528 relinquam
2193 448 2284 518 qui

2420 447 2719 519 ποϐρῦχιος
2772 447 3018 517 γένηται.
3075 438 3148 499 Οῦ
3206 446 3393 499 ἓνεκεν
3446 446 3593 516 παρὰ
3656 446 3749 517 τὴν
3810 448 3964 516 qua

714 555 873 624 juxta
911 553 1122 606 divinas
1158 548 1394 603 Litteras
1421 556 1445 584 ι
1479 545 1748 618 profunda
1780 550 2079 603 scrutatur,
2113 549 2163 593 et
2196 554 2289 593 oc-

716 646 861 700 culta
886 640 1191 711 cognoscit.

802 898 902 952 llic
948 898 1112 967 igitur
1148 896 1339 963 primis
1374 894 1531 946 annis
1565 892 1616 944 in
1642 891 1851 945 Galatia
1888 888 2138 944 cenavit.
2172 887 2297 941 Inde

719 991 928 1046 visendi
961 990 1144 1045 studio
1172 990 1305 1041 abiit
1330 989 1379 1039 in
1399 984 1773 1045 Palaestinam,
1794 990 1853 1035 ut
1876 982 2186 1049 conspectis
2218 981 2295 1032 lo-

720 1084 800 1137 cis
832 1084 885 1137 in
920 1083 1117 1151 quibus
1148 1079 1406 1134 salutaris
1460 1076 1645 1147 passio
1671 1080 1926 1144 suscepta
1966 1082 2075 1136 est,
2104 1070 2297 1125 Serva-

722 1185 897 1230 tori-m
951 1173 1118 1227 Deum
1170 1173 1226 1227 in
1272 1171 1381 1225 illis
1449 1169 1726 1228 adoraret,
1783 1180 1893 1219 non
1956 1164 2116 1234 quasi
2178 1164 2297 1216 loco

722 1264 1207 1334 circumscriptum
1292 1256 1895 1327 (incircumscriptam
1977 1256 2123 1310 enim
2180 1253 2299 1321 ejus

722 1367 974 1411 naturam
1016 1369 1122 1407 non
1150 1353 1442 1423 ignorabat
1468 1360 1506 1415 ),
1540 1349 1633 1404 sed
1665 1356 1723 1401 ut
1753 1348 1943 1401 oculos
1965 1347 2126 1400 etiam
2152 1345 2299 1413 ipsos

720 1452 797 1503 rei
839 1450 1103 1500 adamata:
1166 1441 1625 1511 contemplatione
1689 1445 1974 1507 pasceret,
2037 1452 2135 1490 nee
2184 1436 2298 1489 sola

724 1543 923 1596 mentis
955 1542 1100 1594 acies
1126 1541 1243 1592 sine
1281 1536 1400 1588 visu
1443 1532 1826 1601 spiritualibus
1882 1544 1979 1599 per
2012 1528 2169 1582 [idem
2208 1527 2301 1582 de-

722 1636 866 1690 liciis
893 1633 1105 1703 1187
1126 1630 1421 1683 frueretur.
1459 1624 1653 1678 Solem
1680 1638 1916 1690 namque
1947 1622 2037 1691 qui
2066 1621 2302 1689 aliquem

724 1741 912 1779 amore
945 1727 1382 1794 prosequuntur,
1411 1734 1518 1771 non
1553 1732 1617 1770 ex
1654 1715 1807 1768 illius
1838 1722 2047 1767 tantum
2080 1719 2301 1781 aspectu

2396 538 2706 609 βαδιοῦμαι,
2754 538 2847 592 καὶ
2890 539 2960 592 τὰ
3011 536 3162 608 παρά
3189 537 3288 607 τὴν
3320 538 3544 608 ἧπειρον
3574 538 3666 592 τοῦ
3695 538 3969 607 πελάγους

2396 630 2745 701 θαυμάσομαί
2765 648 2823 684 τε
2870 630 2963 684 καὶ
2997 628 3328 699 διηγήσομαι
3354 647 3367 661 ο
3396 629 3488 682 τὸν
3512 629 3569 682 δὲ
3600 628 3760 699 βυθὸν
3794 647 3963 684 κατα-

2395 724 2565 793 λείψω
2590 724 2667 793 τῷ
2700 722 2838 777 κατὰ
2870 721 2966 791 τὴν
2985 721 3132 774 θείαν
3151 721 3372 792 Γραφὴν
3393 720 3463 774 τὰ
3488 720 3626 791 βάθη
3650 720 3971 791 ἐρευνῶν-τι,

2397 818 2493 870 καὶ⁸
2549 816 2619 869 τὰ
2655 815 2948 887 ἀπόκρυφα
3000 814 3342 883 γινώσκοντι.

2519 902 2641 970 bro;
2664 906 2842 959 τοίνυν
2868 908 2923 958 ὲν
2941 906 3180 976 Γαλατίᾳ
3202 905 3293 958 τὸν
3312 904 3524 974 πρῶτον
3537 904 3739 974 ᾕθλησε
3759 904 3975 976 χρόνον.

2411 996 2653 1049 Ἐκεῖθεν
2707 995 2950 1066 ίστορίας
3003 996 3185 1049 εἵνεκα
3211 993 3309 1065 τὴν
3337 994 3703 1065 Παλαιστίνην
3734 995 3973 1049 κατέλασ

2399 1089 2514 1154 ϐεν,
2547 1089 2634 1141 ἴνα
2677 1088 2803 1150 τοὺς
2841 1086 2907 1140 τά
2940 1088 3183 1156 σωτήρια
3215 1085 3362 1155 πάθη
3409 1085 3738 1157 δεξαμένους
3778 1085 3971 1139 θεασάι

2404 1195 2561 1248 μενος
2584 1179 2807 1241 τόπους,
2851 1180 2906 1230 ὲν
2952 1179 3131 1242 αὐτοῖς
3172 1178 3265 1231 τὸν
3313 1178 3589 1231 σεσωκότα
3619 1180 3982 1251 προσκυνήσῃ

2399 1269 2532 1323 Θεόν
2564 1286 2574 1297 ·
2602 1271 2699 1338 οὐχ
2737 1269 2811 1333 ὡς
2840 1270 2988 1339 τόπῳ
3040 1270 3515 1339 περιγραφόμενον
3546 1270 3840 1340 (ἠπίστατο
3872 1270 3981 1339 γὰρ

2401 1360 2567 1413 αὐτοῦ
2606 1361 2666 1413 τὸ
2702 1362 2802 1430 τῆς
2844 1361 3059 1429 φύσεως
3110 1358 3537 1430 ἀπερίγραφον),
3578 1360 3693 1413 ἀλλ’
3733 1362 3824 1414 ἵνα
3887 1365 3983 1416 καὶ

2400 1455 2528 1516 τοὺς
2558 1453 2870 1524 ὀφθαλμοὺς
2901 1454 3128 1524 ἑστιάσῃ
3152 1456 3217 1523 τῇ
3237 1452 3441 1524 θεωρίᾳ
3462 1452 3569 1505 τῶν
3598 1454 3979 1524 ποθουμένων,

2404 1542 2497 1593 καὶ
2540 1542 2614 1611 μὴ
2642 1543 2800 1611 μόνον
2826 1543 2884 1594 τὸ
2914 1543 3007 1613 τῆς
3030 1540 3473 1611 ψυχῆςόπτικδν,
3500 1542 3623 1613 δίχα
3650 1544 3749 1613 τῆς
3773 1544 3978 1613 ἇᾷεως,

2404 1631 2503 1702 τῆς
2556 1632 2933 1701 πνευματικῆς
2958 1633 3043 1685 διὰ
3066 1635 3163 1702 τῆς
3190 1631 3426 1696 πίστεως
3454 1634 3704 1706 ἀπολαύῃ
3741 1636 3985 1705 τρυφῆς.

2407 1720 2690 1789 Πεφύκασι
2737 1723 2844 1793 γάρ
2884 1740 2999 1786 πως
3024 1726 3072 1775 οἱ
3111 1724 3481 1795 φιλοστόργως
3530 1727 3654 1794 περί
3698 1742 3817 1778 τινα
3869 1727 3989 1781 δια-

735 1818 875 1869 al‘liei
941 1814 1148 1875 laetitia,
1182 1812 1276 1866 sed
1305 1820 1357 1864 et
1388 1811 1632 1873 domum,
1661 1815 1715 1861 et
1746 1813 1949 1870 vestes,
2006 1812 2060 1858 et
2087 1804 2302 1856 calcea-

2420 1786 2669 1887 κείμενοι,
2726 1786 2825 1870 οὐκ
2854 1818 2961 1870 ἀπὸ
2997 1819 3095 1888 τῆς
3123 1786 3255 1881 θέας
3288 1786 3472 1872 αῦτοῦή
3499 1786 3666 1888 μόνης
3710 1819 3987 1889 θυμηδίαν

724 1919 905 1961 menta
948 1922 1162 1963 summa
1191 1920 1314 1959 cum
1357 1904 1636 1972 voluptate
1687 1897 2070 1968 contemplari.
2112 1895 2298 1949 Talem

722 2016 850 2071 erga
883 2003 1155 2071 Sponsum
1184 2013 1427 2053 amorem
1465 2009 1659 2065 gerens
1694 1994 1747 2047 in
1774 1991 2004 2047 Cantico
2037 1988 2303 2045 cantico—

726 2110 845 2147 rum
888 2099 1185 2146 memorata
1227 2089 1437 2158 Sponsa
1498 2087 1749 2139 elan‘tans
1792 2083 1971 2137 aiebat
2026 2100 2038 2134 :
2102 2098 2121 2129 ι
2153 2078 2304 2133 Sient

730 2186 905 2239 malus
950 2184 1091 2237 inter
1116 2183 1259 2251 ligna
1292 2181 1577 2243 silvarum,
1604 2177 1685 2231 sic
1713 2175 1946 2229 dilectus
1975 2188 2130 2227 meus
2166 2173 2305 2226 inter

730 2278 890 2331 tilias.
929 2276 1039 2329 Sub
1074 2274 1268 2328 umbra
1328 2272 1475 2325 illius
1502 2285 1660 2341 quem
1696 2268 2131 2323 dcsideraveram
2164 2264 2303 2330 sedi,

725 2379 776 2421 et
816 2368 1027 2421 fructus
1058 2367 1182 2435 ejus
1220 2364 1400 2418 dulcis
1424 2362 1628 2433 gutturi
1689 2376 1809 2413 meo
1829 2371 1877 2410 α.
1923 2378 1940 2409 ι
1979 2357 2124 2411 Nihil
2173 2369 2305 2423 ergo

730 2459 954 2514 absurdi
988 2458 1095 2529 egit
1129 2457 1211 2510 vir
1248 2456 1334 2509 hic
1367 2456 1611 2515 divinus,
1642 2453 1731 2521 qui
1760 2449 1949 2504 eodem
1978 2463 2107 2518 erga
2130 2446 2306 2516 Spon-

734 2570 854 2607 sum
896 2564 1082 2603 amore
1136 2555 1350 2615 captus,
1402 2543 1593 2599 iisdem
1639 2542 1842 2611 quibus
1873 2537 2089 2609 Sponsa
2125 2534 2308 2590 verbis

740 2642 900 2704 0.in,
938 2659 955 2690 ι
996 2638 1294 2691 Vulnerata
1324 2649 1512 2687 amore
1546 2648 1664 2685 sum
1686 2631 1735 2695 ι),
1762 2650 1779 2681 ι
1821 2643 1886 2682 ac
1914 2627 2078 2683 veluti
2108 2626 2294 2696 sponsi

738 2735 987 2787 umbram
1039 2731 1277 2798 aliquam
1323 2726 1504 2779 videre
1534 2725 1871 2784 desiderans,
1917 2721 2035 2775 loca
2068 2718 2310 2791 inquire-

736 2826 847 2887 bat,
896 2838 959 2876 ex
1022 2821 1226 2888 quibus
1293 2818 1564 2872 salutares
1618 2814 1877 2869 omnibus
1920 2814 1937 2833 ’
1996 2798 2311 2867 hominibus

739 2917 918 2968 fontes
973 2913 1368 2981 proﬂuxerunt.
1404 2906 1619 2976 Optatis
1664 2907 1847 2975 itaque
1878 2905 2087 2974 potitus
2121 2902 2314 2956 Antio,

736 3008 915 3059 cbiam
949 3020 1008 3058 se
1049 3002 1305 3062 wntulit,
1371 2999 1633 3067 urbisque
1689 2996 1999 3066 religiosam
2055 2993 2310 3063 pietatem

735 3096 1116 3157 considerans,
1167 3101 1447 3147 externam
1504 3090 1782 3159 regionem
1834 3087 2025 3157 patria:
2080 3093 2313 3154 antepo-

739 3191 871 3255 suit,
904 3189 1051 3242 cives
1084 3194 1369 3255 reputans,
1410 3198 1518 3237 non
1548 3197 1645 3237 eos
1675 3181 1769 3251 qui
1800 3196 1866 3236 ex
1900 3178 2091 3234 eadem
2127 3184 2315 3233 essent

739 3289 900 3352 gente
928 3295 993 3334 ac
1050 3292 1273 3348 genere,
1317 3275 1412 3330 sed
1446 3274 1539 3344 qui
1571 3273 1818 3342 ejusdem
1852 3271 2139 3327 sententia:
2168 3268 2319 3324 [idei-

738 3388 849 3444 que
880 3369 1174 3441 participes
1198 3373 1408 3430 essent,
1440 3373 1495 3419 et
1530 3364 1719 3435 jugum
1745 3363 1889 3419 idem
1920 3362 2199 3416 traherent
2234 3375 2321 3416 re-

743 3465 982 3536 ligionis.
1039 3461 1119 3517 lbi
1168 3468 1356 3514 autem
1401 3457 1649 3512 habitare
1689 3472 1811 3511 cum
1850 3455 2158 3516 statuisset,
2211 3466 2319 3505 non

744 3554 1163 3611 tabernaculum
1221 3548 1489 3611 extendit,
1545 3563 1653 3603 non
1689 3547 1964 3617 tugurium
2019 3546 2154 3607 lixit,
2214 3558 2320 3597 non

742 3648 1133 3704 domuuculam
1183 3642 1461 3706 excitavit,
1521 3639 1613 3696 sed
1666 3641 1720 3694 in
1757 3639 1933 3693 alieno
1961 3637 2211 3706 sepulcro
2240 3644 2325 3689 to-

746 3751 859 3794 tum
893 3748 1110 3805 tempus
1144 3733 1433 3803 transegit.
1464 3730 1636 3799 Cujus
1666 3744 1793 3799 pars
1816 3728 2071 3795 superior
2103 3724 2313 3795 promi-

746 3848 883 3888 nens
916 3830 1149 3883 habebat
1173 3826 1496 3888 tabulatum,
1528 3823 1614 3877 eui
1639 3836 1898 3875 connexte
1929 3819 2093 3873 scalae
2113 3817 2321 3872 aditum

747 3926 819 3980 iis
847 3924 1073 3985 dabant,
1111 3918 1205 3989 qui
1240 3916 1540 3972 ascendere
1586 3913 1870 3969 volebant.
1913 3910 2027 3965 lloc
2088 3909 2211 3963 loco
2244 3912 2328 3963 in-

2408 1907 2772 1980 καρποῦσθαι,
2805 1908 2945 1961 ἀλλά
2979 1908 3073 1961 καὶ
3104 1910 3200 1981 τὴν
3220 1910 3418 1973 οἰκίαν,
3440 1909 3534 1963 καὶ
3568 1910 3874 1979 ἐσθήματα.
3895 1914 3987 1965 καὶ

2411 1999 2752 2069 ὑποδήματα,
2794 2000 2931 2068 μετά
2965 2000 3145 2070 πάσης
3194 2001 3419 2071 θεωρεῖν
3448 2000 3805 2073 εὐφροσύνης.
3844 2002 3987 2057 Τοῦ-

2408 2106 2499 2141 τον
2528 2089 2723 2160 ἔχουσα
2769 2088 2860 2141 τὸν
2914 2090 3093 2159 ἔρωτα
3141 2091 3270 2162 περὶ
3320 2091 3409 2144 τον
3458 2093 3687 2161 νυμεξίον
3722 2095 3754 2161 ἡ
3784 2095 3839 2145 ἐν
3876 2097 3990 2155 τοῖς

2415 2182 2660 2251 ’ᾼσμασι
2688 2180 2798 2233 τῶν
2821 2183 3078 2253 ᾀσμάτων
3102 2183 3373 2254 φερομένη
3389 2183 3572 2253 νύμφη
3598 2184 3694 2255 βοᾷ
3714 2186 3951 2253 λέγουσα
3972 2204 3988 2218 ο

2418 2291 2437 2325 ι
2487 2274 2576 2338 Ὠς
2642 2274 2807 2344 μῆλον
2873 2277 2929 2326 ἐν
2974 2277 3086 2337 τοῖς
3138 2274 3315 2339 ξύλοις
3370 2276 3463 2330 τοῦ
3521 2277 3745 2349 δρυμοῦ,
3810 2279 3989 2343 οὕτως

2411 2368 2439 2419 ό
2471 2366 2780 2435 ἀδελφιδοῦς
2829 2383 2930 2437 μου
2980 2367 3251 2437 ἀναμέσον
3296 2365 3404 2421 τῶν
3437 2370 3590 2424 υίῶν.
3628 2372 3716 2424 Ἐν
3757 2376 3824 2442 τῇ
3858 2375 3995 2443 ςῖκιξί⁵

2414 2457 2579 2513 αὑτοῦ
2604 2458 2925 2528 ἐπεθύμησα
2954 2458 3045 2513 καὶ
3068 2458 3318 2525 ἐκάθισα,
3352 2460 3561 2530 καρπὸς
3586 2462 3749 2515 αὐτοῦ
3785 2464 3993 2531 γλυκὺς

2415 2550 2473 2603 ἐν
2522 2546 2755 2621 λάρυγγί
2799 2565 2921 2619 μου.
2960 2567 2978 2598 ι
3024 2548 3189 2602 Οὐδὲν
3230 2544 3323 2604 οῦν
3372 2552 3597 2616 ἀπεικὸς
3643 2554 3760 2606 οὐδὲ
3789 2556 3816 2606 ό
3846 2555 3993 2617 θεῖος

2415 2635 2570 2704 οὗτος
2602 2640 2898 2710 πεποίηκεν
2929 2640 3234 2711 ἅνθρωπος,
3266 2641 3357 2694 τὸν
3395 2642 3556 2696 αὑτὸν
3588 2645 3711 2714 περὶ
3744 2646 3834 2698 τὸν
3857 2664 3997 2716 νυμ-

2417 2734 2538 2801 φίον
2585 2732 2877 2802 δεξάμενος
2907 2731 3106 2804 ἔρωτα,
3143 2734 3237 2785 καὶ
3260 2736 3373 2797 τοῖς
3412 2734 3509 2804 τῆς
3536 2734 3749 2805 νύμφης
3781 2737 3996 2807 χρησά-

2422 2842 2583 2896 μενος
2633 2826 2862 2897 ῥήμασι·
2895 2824 3226 2897 Τετρωμένη
3254 2827 3475 2896 ἀγάπης
3492 2829 3622 2895 ἐγώ.
3664 2828 3995 2898 Ποθήσαςδι

2419 2916 2670 2988 καθάπερ
2726 2917 2848 2969 τινα
2893 2914 2987 2968 τοῦ
3031 2915 3265 2986 νυμφίου
3320 2915 3595 2988 θεωρῆσαι
3648 2919 3827 2983 σκιὰν,
3863 2919 3997 2981 τοὺς

2421 3007 2627 3061 ἅπασιν
2677 3004 2991 3077 ἀνθρώποις
3041 3007 3139 3070 τὰς
3194 3007 3491 3078 σωτηρίους
3540 3009 3720 3078 πηγὰς
3757 3009 3993 3063 ἀναϐλύο

2424 3116 2621 3161 σαντας
2674 3095 2982 3168 ἐπεζήτησε
3034 3099 3253 3162 τόπους.
3316 3099 3655 3164 Ἀπολαύσας
3704 3101 4000 3172 τοιγαροῦν

2416 3185 2492 3245 ὧν
2546 3189 2877 3262 ἐπεπόθησε,
2940 3189 3186 3261 κατήχθη
3231 3191 3332 3261 μὲν
3366 3193 3445 3254 είς
3472 3192 3568 3263 τὴν
3605 3193 3944 3263 ’Δντιόχειαν
3980 3212 3997 3227 ο

2418 3280 2750 3349 θεασάμενος
2800 3278 2857 3330 δὲ
2887 3278 2986 3348 τῆς
3015 3278 3224 3342 πόλεως
3246 3279 3306 3331 τὸ
3329 3279 3593 3348 φιλόθεον,
3620 3281 3715 3350 τῆς
3741 3281 4002 3351 πατρίδος

2417 3373 2515 3445 τὴν
2558 3373 2715 3442 ξένην
2762 3370 3063 3442 προείλετο,
3116 3372 3339 3430 πολίτας
3384 3373 3703 3443 ἡγούμενος,
3758 3374 3819 3426 οὐ
3871 3375 4000 3438 τοὺς

2418 3465 2722 3536 ὁμοφύλους
2768 3464 2862 3518 καὶ
2904 3466 3211 3534 συγγενεῖς,
3245 3464 3381 3519 ἀλλά
3429 3466 3553 3526 τοὺς
3587 3465 3997 3534 ὁμογνώμονας.

2420 3558 2516 3613 καὶ
2553 3558 2653 3629 τῆς
2709 3558 2943 3622 πίστεως
2972 3558 3282 3623 κοινωνοὺς,
3311 3557 3405 3611 καὶ
3433 3558 3524 3610 τὸν
3547 3558 3707 3611 αὐτὸν
3741 3558 4001 3626 ἐφέλκων-

2416 3669 2519 3715 τας
2551 3653 2649 3721 τῆς
2686 3652 2964 3714 εὐσεϐείας
3005 3649 3187 3718 ζυγόν.
3225 3651 3447 3719 Ταύτην
3476 3649 3532 3702 δὲ
3576 3651 3673 3720 τὴν
3706 3650 4000 3720 διατριϐὴν

2423 3743 2736 3810 ἀγαπήσας,
2792 3741 2851 3793 οὐ
2897 3740 3103 3811 σκηνὴν
3149 3738 3432 3804 ἐξέτεινεν,
3474 3738 3535 3791 οὐ
3572 3738 3813 3805 καλύϐην
3865 3741 4006 3808 ἐπή-

2426 3831 2573 3898 ξατο,
2608 3832 2708 3884 οὐκ
2739 3830 2979 3884 οἰκίσκον
3002 3830 3315 3900 ἀνήγειρεν,
3338 3829 3450 3883 ἀλλ’
3477 3830 3533 3883 ὲν
3559 3828 3825 3900 ἀλλοτρίῳ
3848 3831 4007 3899 τάφῳ

2423 3922 2516 3975 τὸν
2549 3922 2725 3975 πάντα
2752 3919 3018 3973 διετέλεσε
3045 3919 3257 3990 χρόνον.
3288 3918 3565 3990 ’Υπερῷον
3583 3919 3639 3973 δὲ
3662 3917 3806 3989 εἶχεν
3824 3915 4005 3985 οὗτος,

748 4016 935 4070 clusus
970 4010 1292 4079 longissimo
1314 4016 1556 4075 tempore
1574 4004 1829 4074 perstitit,
1861 4001 2110 4072 frigidam
2136 3999 2309 4055 biben:

2427 4015 2521 4068 καὶ
2553 4013 2859 4086 δρῦφακτόν
2893 4030 3016 4066 τινα
3064 4012 3524 4083 προϐεϐλημένον,
3560 4004 3604 4079 ᾧ
3650 4011 3856 4079 κλίμαξ
3907 4029 4006 4064 συ-

750 4119 971 4175 aquam,
985 4111 1037 4155 et
1052 4100 1168 4155 solo
1183 4110 1321 4167 pane
1336 4109 1584 4159 vescens,
1602 4108 1778 4160 neque
1792 4091 1845 4145 id
1858 4091 2119 4161 quotidie,
2136 4089 2229 4145 sed
2243 4088 2309 4142 die

2430 4104 2783 4176 νηρμοσμένη
2812 4104 2937 4166 τοὺς
2969 4101 3234 4171 ἀναϐῆναι
3274 4102 3627 4173 βουλομένους
3649 4101 3885 4171 ἐδέχετο.
3917 4103 4009 4155 Ἐν

751 4212 861 4252 uno
878 4196 1357 4265 jejunusmanens,
1377 4187 1641 4258 postridie
1672 4187 1785 4239 hac
1807 4184 2074 4239 sumebat.
2100 4183 2236 4237 Cum
2263 4196 2309 4233 at

2428 4196 2602 4267 τούτῳ
2650 4195 3047 4264 καθειργμένος
3084 4194 3165 4246 ὅτι
3202 4192 3453 4247 πλεῖστον
3492 4191 3753 4245 διετέλεσε
3786 4193 4006 4262 χρόνον,

750 4304 875 4345 eum
904 4288 954 4341 lu
965 4284 1231 4339 ribundus
1249 4282 1471 4353 quidam
1484 4280 1586 4347 et]
1598 4278 1760 4348 188
1780 4277 2077 4338 insaniens,
2096 4275 2309 4342 maliqm

2433 4287 2583 4341 ῦδατι
2627 4286 2724 4355 μὲν
2765 4285 2956 4356 ψυχρῷ
3002 4284 3304 4355 χρώμενος,
3349 4284 3512 4356 ἄρτον
3551 4284 3606 4336 δὲ
3641 4283 3799 4354 μόνον
3828 4282 4013 4336 σιτού-

751 4379 1018 4435 dazmonis
1042 4386 1211 4431 oestro
1231 4372 1466 4443 agitatus
1489 4370 1750 4434 venisset,
1770 4368 1885 4422 suis
1908 4366 2058 4420 illum
2080 4364 2334 4434 precibus

2438 4394 2615 4447 μενος,
2670 4375 2766 4428 καὶ
2811 4374 2981 4428 ταῦτα
3032 4376 3094 4428 οὐ
3134 4375 3257 4429 καθ’
3307 4376 3543 4444 ἑκάστην
3587 4374 3820 4446 ἡμέραν,
3871 4373 4011 4427 ἀλλὰ

754 4472 1126 4533 Inundavit,et
1148 4468 1214 4520 ab
1235 4464 1330 4520 illo
1347 4463 1547 4518 diaboli
1569 4460 2032 4515 luroreliberavit.
2058 4456 2161 4511 Sed
2182 4456 2309 4509 abin

2440 4468 2563 4537 μίαν
2608 4467 2707 4537 μὲν
2751 4468 2934 4529 ἄσιτος
2980 4466 3268 4537 διαμένων,
3314 4469 3379 4536 τῇ
3427 4466 3484 4519 δὲ
3512 4466 3774 4536 ὑστεραίᾳ
3800 4467 4010 4519 τούτων

756 4567 1054 4623 nolentem,
1085 4567 1475 4629 rogantemque
1500 4555 1604 4609 sibi
1642 4561 1701 4607 ut
1729 4551 2080 4606 liberationis
2112 4564 2326 4604 merce-

755 4657 877 4710 dem
917 4666 1075 4705 suum
1108 4647 1212 4717 ipsi
1237 4646 1607 4701 ministerium
1638 4642 1937 4712 rependere
1974 4642 2185 4702 liceret,
2220 4639 2325 4693 ad-

757 4747 907 4799 misit
934 4746 985 4795 in
1019 4738 1466 4793 contubernium.
1497 4735 1560 4789 Et
1589 4734 1739 4787 hunc
1766 4732 1933 4786 etiam
1964 4744 2067 4800 ego
2103 4730 2247 4794 novi,
2273 4737 2330 4784 et

758 4837 1009 4892 miraculi
1043 4831 1287 4895 memini,
1317 4838 1371 4886 et
1406 4826 1713 4883 curationis
1760 4826 2069 4879 mercedem
2118 4823 2251 4887 vidi,
2275 4830 2330 4877 et

758 4928 937 4981 audivi
962 4940 1084 4978 cum
1110 4924 1211 4992 ipsi
1246 4923 1312 4977 de
1341 4936 1428 4975 me
1460 4932 1767 4973 sermonem
1798 4917 1938 4969 inter
1959 4930 2017 4969 se
2044 4914 2328 4969 baberent.

760 5020 983 5074 Dicebat
1010 5017 1153 5071 enim
1190 5014 1398 5075 Daniel,
1450 5012 1552 5066 hoc
1608 5010 1807 5079 quippe
1839 5008 1916 5060 illi
1943 5022 2164 5069 nomen,
2199 5020 2333 5074 prae-

760 5111 896 5164 clari
936 5107 1097 5174 hujus
1123 5103 1416 5159 ministerii
1441 5117 1527 5156 me
1559 5113 1781 5170 quoque
1811 5097 2132 5167 participem
2172 5096 2325 5149 futu-

764 5214 904 5251 rum.
941 5198 1009 5249 At
1058 5195 1144 5248 vir
1182 5194 1431 5253 divinus,
1493 5196 1779 5259 parentmn
1815 5201 1939 5255 erga
1976 5200 2061 5239 me
2091 5199 2329 5239 amorem

764 5287 1146 5350 considerans,
1182 5286 1236 5339 id
1268 5283 1514 5337 futurum
1558 5280 1813 5349 negabat.
1855 5275 2009 5345 Saepe
2040 5284 2222 5330 autem
2250 5290 2336 5331 me

765 5384 996 5453 genibus
1047 5383 1163 5437 suis
1193 5381 1514 5450 impositum
1550 5391 1653 5430 uva
1701 5391 1863 5446 passa
1903 5389 2147 5444 pancqne
2178 5374 2333 5427 aluit.

765 5477 936 5531 Mater
961 5477 1133 5538 enim,
1174 5472 1521 5542 spiritualem
1561 5469 1682 5538 ejus
1704 5469 1935 5538 gratiam
1964 5476 2210 5535 experta,
2245 5483 2333 5521 se-

766 5570 871 5625 mel
900 5569 953 5622 in
984 5565 1325 5624 hebdomade
1368 5562 1808 5619 benedictionem
1848 5560 1995 5616 illam
2058 5562 2337 5628 percipere

840 5745 906 5799 ²1
943 5743 1069 5800 Cor.
1103 5759 1159 5806 ιι,
1207 5740 1288 5795 10.
1369 5752 1395 5781 ιι
1428 5737 1584 5794 Cant.
1616 5754 1675 5805 ιι,
1713 5737 1762 5790 3.
1844 5735 1869 5775 ιι
1900 5734 2056 5790 Cant.
2087 5744 2141 5797 ν,
2171 5724 2226 5783 8.

2432 4559 2610 4613 αὐτῶν
2652 4558 3089 4629 μεταλαγχόινων.
3135 4557 3350 4627 Ἐπειδὴ
3380 4557 3436 4610 δέ
3470 4574 3553 4619 τις
3591 4556 3818 4625 ἀφίκετο
3849 4575 4014 4627 κορυ-

2432 4651 2663 4705 ϐαντιῶν
2689 4650 2784 4704 καὶ
2817 4650 3097 4719 μεμηνὼς,
3125 4650 3219 4703 καὶ
3244 4650 3341 4718 τῆς
3366 4648 3461 4701 τοῦ
3491 4648 3727 4717 πονηροῦ
3752 4648 4011 4716 δαίμονος

2433 4742 2709 4813 ἐνεργείας
2744 4742 3053 4804 ἀνάπλεως,
3104 4741 3342 4811 ὲκάθαρε
3370 4740 3470 4810 μὲν
3506 4740 3667 4793 αὐτὸν
3704 4742 4012 4808 προσευξά-

2439 4848 2598 4900 μενος
2621 4871 2635 4895 ,
2669 4831 2765 4883 καὶ
2791 4832 2890 4900 τῆς
2929 4830 3243 4899 διαϐολικῆς
3271 4831 3485 4903 ἐκείνης
3507 4827 3847 4899 ἠλευθέρωσε
3877 4830 4014 4898 βακ-

2436 4922 2606 4993 χείας.
2659 4921 2904 4974 ’Λπιέναι
2940 4921 2997 4973 δὲ
3030 4922 3104 4990 μὴ
3157 4920 3504 4990 βουλόμενον,
3554 4918 3689 4971 ἀλλά
3718 4919 3817 4987 τῆς
3848 4919 4015 4987 θερα-

2436 5016 2596 5077 πείας
2634 5015 2846 5086 ἐκείνης
2898 5015 3203 5067 ἀντιδοῦναι
3239 5013 3338 5082 τὴν
3380 5012 3656 5066 διακονίαν
3696 5009 4016 5064 καθικετεῦ-

2436 5122 2625 5169 σαντα,
2680 5105 2926 5159 σύνοικον
2975 5106 3288 5175 ἐποιήσατο.
3335 5099 3467 5156 Οἶδα
3499 5103 3595 5157 καὶ
3647 5102 3837 5154 τοῦτον
3876 5099 4013 5166 ἐγὼ,

2437 5198 2537 5259 καὶ·
2572 5196 2667 5251 τοῦ
2696 5196 2975 5266 θαύματος
3013 5199 3318 5266 μέμνημαι,
3348 5195 3443 5247 καὶ
3471 5194 3562 5247 τὸν
3589 5194 3685 5263 τῆς
3712 5192 4016 5262 θεραπείας

2434 5287 2750 5358 ἐθεασάμην
2805 5287 3017 5358 μισθὸν,
3068 5288 3291 5349 καὶτῆς
3347 5284 3476 5355 περὶ
3526 5284 3660 5354 ἐμοῦ
3709 5284 4015 5353 γενομένης

2436 5379 2621 5442 αὐτοῖς
2670 5378 2882 5447 ἀκήκοα
2912 5376 3217 5441 διαλέξεως.
3248 5374 3308 5429 ’0
3345 5368 3443 5445 μὶν
3464 5376 3572 5445 γὰρ
3605 5372 3805 5441 Δανιὴλ
3854 5372 4015 5441 ἔλεγε

2438 5470 2620 5539 (τοῦτο
2654 5468 2760 5540 γὰρ
2808 5468 2955 5538 αὐτῷ
2978 5464 3195 5537 ὄνομα),
3224 5467 3298 5531 ὡς
3327 5484 3346 5517 ι
3379 5466 3488 5536 Τῆς
3520 5464 3693 5534 καλῆς
3725 5462 3875 5534 αὑτῷ
3900 5463 4018 5516 δια-

2440 5560 2622 5624 κονίας
2670 5560 2985 5629 κοινωνήσω
3024 5555 3203 5626 κάγὼ.
3234 5571 3260 5612 δ
3310 5558 3370 5613 'O
3393 5558 3449 5612 δὲ
3479 5556 3764 5620 θεσπέσιος
3805 5556 4019 5619 ἐκεῖνος
