4206 6456
201 340 298 402 138
309 343 330 400 ι

1406 346 1812 406 RELIGIOSA
1852 347 2234 409 HISTORIA.

3305 360 3444 423 1382

191 451 330 521 ἀνὴρ
367 454 428 505 οὗ
476 455 835 524 συνωμολόγει
871 457 1027 510 τοῦτο
1071 458 1343 526 γενέσθαι,
1384 459 1443 510 τὸ
1493 461 1621 528 περὶ
1668 461 1761 528 ἐμὲ

1873 475 1955 514 me
2006 461 2254 530 iubebat.
2313 463 2442 532 Ejus
2497 479 2661 535 porro
2712 467 2958 521 notitiam
3014 466 3119 520 hac
3151 470 3442 525 occasione

190 543 299 594 τῶν
329 546 736 614 γεγεννηκότων
763 547 1114 616 λογιζόμενος
1149 550 1385 620 φίλτρον.
1428 549 1688 613 Πολλάκις
1712 550 1767 603 δέ

194 651 258 701 με
311 637 427 697 τοῖς
477 636 696 702 γόνασιν
740 639 1087 700 ἐπικαθίσας,
1121 641 1361 710 σταφυλῇ
1401 659 1466 711 με
1500 642 1593 693 καὶ
1623 643 1768 712 ἄρτῳ

193 726 466 796 διέθρεψε.
502 730 703 798 Πεῖραν
734 731 838 800 γάρ
878 729 1041 782 αὑτοῦ
1068 731 1164 799 τῆς
1210 731 1579 799 πνευματικῆς
1611 733 1765 799 χάρι-

192 835 274 881 τος
309 821 344 888 ἡ
379 821 562 891 μήτηρ
595 820 886 892 δεξαμένη.
921 821 1067 886 ἅπαξ
1098 841 1164 894 με
1191 826 1289 894 τῆς
1321 824 1609 894 ἑϐδομάδος
1642 824 1768 877 ἐκά-

191 929 324 980 στης
377 914 582 983 τρυγᾷν
618 913 830 983 ἐκείνην
873 913 971 982 τὴν
1008 914 1260 981 εὐλογίαν
1306 916 1540 967 ἐκέλευε.
1573 915 1765 981 Γέγονε

187 1004 238 1054 δὲ
293 1004 434 1074 αὐτῇ
492 1003 765 1073 γνώριμος
817 1004 874 1070 ἐξ
919 1005 1096 1068 αἰτίας
1141 1005 1369 1058 τοιᾶσδεο
1420 1004 1595 1068 Ι]άοος
1629 1007 1763 1076 αὐτῇ

188 1093 407 1164 θατέρῳ
431 1095 538 1147 τῶν
583 1095 875 1166 ὀφθαλμῶν
925 1096 1256 1166 ἐπισκῆῲαν,
1307 1100 1551 1167 κρεῖττον
1593 1098 1764 1168 ἐφάνη

189 1187 447 1257 ίατρικῆς
481 1188 788 1258 ἐπιστήμης
817 1205 829 1218 ·
870 1188 1020 1241 οὐδὲν
1053 1188 1160 1256 γὰρ
1190 1184 1279 1258 ἦν,
1320 1185 1356 1258 ἢ
1381 1191 1492 1250 τοῖς
1521 1189 1764 1251 παλαιοῖς

187 1279 702 1348 συγγεγραμμένον,
738 1280 768 1350 ἢ
800 1282 910 1342 τοῖς
933 1277 1156 1349 ὕστερον
1199 1281 1512 1348 γενομένοις
1544 1279 1764 1350 ἐξευρη-

187 1369 373 1435 μένον,
411 1367 439 1418 δ
476 1370 548 1438 μὴ
589 1368 930 1438 προσηνέχθη
969 1371 1034 1439 τῇ
1078 1369 1237 1438 νόσῳ.
1271 1369 1489 1438 Ἐπειδὴ
1532 1369 1588 1421 δὲ
1613 1368 1764 1439 ἤλεγ-

184 1461 273 1526 ξεν
324 1462 565 1524 ἅπαντα,
608 1462 702 1514 καὶ
744 1460 977 1525 ἐδίδαξεν
1025 1461 1278 1529 οὐδεμίαν
1325 1462 1510 1530 ὄνησιν
1546 1462 1759 1531 ἔχοντα,

184 1548 288 1621 ἧκέ
313 1571 400 1614 τις
429 1553 539 1605 τῶν
571 1553 815 1620 συνήθων
845 1552 934 1607 τὸν
972 1552 1110 1606 θεῖον
1138 1553 1305 1624 ἄνδρα
1339 1551 1638 1622 μηνύουσα,
1670 1554 1764 1605 καί⁸

183 1645 243 1695 τὸ
296 1643 669 1713 γεγενημένον
712 1643 804 1696 ὐπ’
835 1642 1000 1696 αὐτοῦ
1047 1642 1373 1697 διδάσκουσα
1412 1643 1614 1711 Θαῦμα.
1650 1644 1761 1712 Τὴν

184 1733 294 1805 γὰρ
341 1736 590 1803 ὁμόζυγα
639 1733 792 1804 ἔλεγε
823 1735 916 1787 τοῦ
950 1735 1202 1805 τηνικάδε
1227 1735 1327 1805 τῆς
1353 1735 1466 1788 Ἕω
1507 1736 1760 1804 κατέχον-

184 1842 273 1886 τος
292 1825 362 1877 τὰ
380 1825 616 1894 πηδάλια
639 1825 973 1896 (Περγάμιος
987 1827 1042 1879 δὲ
1068 1821 1136 1898 ἦν
1161 1819 1359 1895 οὗτος),
1378 1827 1455 1897 τῷ
1471 1827 1757 1896 παθήματι
1793 1810 1832 1864 Β
1863 1832 2084 1877 textam.

180 1915 319 1984 τῷδε
368 1914 791 1987 περιπεσοῦσαν,
822 1915 1072 1969 ἰάσασθαι
1097 1917 1254 1969 αὐτὸν
1297 1919 1427 1988 εὐχῇ
1457 1918 1548 1969 καὶ
1583 1935 1755 1988 σφραο

183 2008 292 2074 γίδι
340 2007 706 2078 χρησάμενον.
767 2008 1036 2060 Ἤκουσεν
1078 2009 1111 2077 ή
1159 2008 1359 2078 μήτηρ,
1404 2008 1497 2059 καὶ
1546 2023 1757 2077 παραυ-

181 2099 311 2150 τίκα
346 2099 485 2168 πρὸς
516 2098 607 2150 τὸν
641 2097 783 2150 θεῖον
822 2097 1106 2169 ἄνθρωπον
1139 2097 1359 2168 ἔδραμε.
1392 2098 1756 2168 Περικείμενα

180 2191 238 2242 δῖε
276 2186 427 2259 εἶχεν
454 2189 690 2262 ἕρματα,
722 2190 814 2243 καὶ
844 2190 1184 2262 περιδέραια,
1218 2193 1312 2243 καὶ
1342 2192 1504 2245 τᾶλλα
1536 2193 1753 2262 χρυσία,

182 2282 281 2334 καὶ
327 2281 428 2350 τὴν
459 2282 710 2353 ποικίλην
746 2282 949 2352 ἐσθῆτα
987 2283 1083 2352 τὴν
1114 2284 1178 2335 ἐκ
1213 2284 1455 2353 σηρικῶν
1501 2284 1756 2355 νημάτων

185 2373 528 2441 ὑφασμένην.
552 2371 776 2425 Οὐδέπω
818 2375 926 2442 γάρ
957 2373 1056 2441 τῆς
1077 2373 1277 2444 ἀρετῆς
1297 2375 1392 2444 τῆς
1419 2375 1756 2446 τελειοτέρας

183 2462 426 2530 ἐγεύετο
457 2463 608 2533 ἤνθει
645 2463 701 2516 δέ
761 2466 852 2517 καὶ
903 2465 980 2534 τῷ
1020 2465 1215 2535 χρόνῳ,
1256 2465 1348 2517 καὶ
1383 2465 1475 2518 τοῦ
1511 2467 1608 2535 τῆς
1644 2467 1757 2519 νεό-

180 2569 344 2621 τητος
384 2553 626 2622 ἠνείχετο
660 2553 883 2624 κόσμου.
929 2554 987 2607 Ἡ
1034 2553 1296 2607 θεσπεσία
1332 2556 1508 2608 τοίνυν
1545 2557 1754 2628 κεφαλὴ

181 2644 250 2696 τὰ
299 2644 527 2698 τοιαῦτα
587 2643 918 2714 θεασαμένη,
967 2649 1065 2714 τῆς
1101 2646 1454 2716 φιλοκοσμίας
1493 2647 1754 2718 πρότερον

179 2736 282 2805 τὴν
328 2736 641 2806 ἀρρωστίαν
704 2737 909 2799 ἰάσατο,
977 2738 1200 2789 τοιοῖσδε
1251 2737 1429 2806 λόγοις
1473 2740 1756 2808 χρησάμε-

182 2845 292 2891 νος·
329 2847 346 2878 ι
385 2828 516 2880 Εἰπέ
566 2845 675 2896 μοι,
705 2826 833 2896 ἔφη,
892 2829 1080 2881 τέκνον
1121 2830 1206 2898 (τῇ
1257 2828 1363 2898 γὰρ
1411 2828 1572 2880 αὑτοῦ
1627 2830 1758 2899 χρή-

183 2935 351 2988 σομαι
396 2921 567 2989 φωνῇ,
628 2920 721 2972 καὶ
772 2921 870 2971 οὐκ
935 2920 1150 2990 ἀμείψω
1185 2920 1284 2986 τῆς
1338 2921 1497 2989 ἁγίας
1542 2921 1755 2990 ἐκείνης

181 3009 430 3078 γλώττης
468 3010 529 3062 τδ
572 3011 910 3082 πρόσρημα),
948 3011 1000 3063 εί
1025 3027 1108 3074 τις
1153 3011 1463 3082 ζωγράφος,
1499 3006 1555 3064 εὖ
1611 3011 1757 3080 μάλα

179 3105 282 3171 τὴν
319 3101 517 3172 τέχνην
550 3102 880 3173 ἠσκημένος,
932 3104 1115 3156 εἰκόνα
1171 3103 1291 3156 τινὰ
1342 3103 1624 3174 γράψειεν,
1680 3103 1756 3164 ὡς

178 3194 346 3263 νόμος
385 3193 716 3264 ὑπαγορεύει
757 3194 856 3262 τῆς
895 3194 1110 3264 τέχνης,
1147 3195 1237 3247 καὶ
1282 3194 1484 3266 ταύτην
1527 3194 1752 3266 προθείη

178 3288 292 3348 τοῖς
343 3282 688 3354 βουλομένοις
740 3286 891 3355 όρᾷνο
942 3285 1272 3355 ἀφικόμενος
1316 3285 1373 3338 δέ
1422 3303 1504 3350 τις
1547 3286 1751 3356 ἕτερος,

180 3375 397 3444 ἐκείνην
434 3377 532 3445 μὲν
569 3375 665 3446 τὴν
713 3377 904 3447 τέχνην
935 3376 1036 3429 οὐκ
1091 3377 1333 3447 ἀκριϐῶς
1374 3377 1752 3448 ἐπιστάμενος,

183 3467 479 3536 σχεδιάζων
499 3468 554 3520 δὲ
587 3468 720 3538 πρὸς
755 3467 812 3521 τδ
838 3468 1025 3521 δοκοῦν
1058 3468 1092 3522 ἃ
1122 3468 1435 3538 ἀναγράψαι
1459 3469 1750 3536 θελήσειεν·

181 3555 301 3611 εἶτα
330 3559 683 3629 μεμψάμενος
710 3562 776 3630 τῇ
803 3563 1023 3629 τεχνικῇ
1056 3559 1238 3632 ἐκείνῃ
1264 3560 1574 3632 ζωγραφία,
1595 3578 1756 3631 προσ-

183 3651 301 3720 θείη
337 3653 436 3720 μὲν
468 3654 587 3713 ταῖς
620 3650 818 3720 ὀφρύσι
870 3651 963 3703 καὶ
999 3654 1118 3714 ταῖς
1156 3650 1438 3723 βλεφαρίσι
1490 3653 1754 3724 μακροτέ-

187 3760 287 3812 ρας
299 3745 586 3813 γραμμὰς,
608 3743 926 3811 λευκότερον
950 3743 1004 3795 δέ
1024 3745 1084 3795 τὸ
1114 3743 1404 3814 πρόσωπον
1434 3747 1750 3815 ἀποφήνειε,

181 3834 278 3887 καὶ
306 3837 422 3887 ταῖς
456 3836 706 3899 παρειαῖς
731 3833 822 3886 τοῦ
858 3833 1087 3904 ἐρυθροῦ
1117 3835 1403 3903 χρώματος
1434 3835 1750 3906 ἐπεμϐάλοι,

179 3921 241 3974 οὗ
286 3939 367 3975 σοι
407 3921 554 3974 δοκεῖ
577 3921 666 3973 τὸν
695 3922 960 3990 πρότερον
987 3923 1211 3982 εἰκότως
1243 3924 1620 3994 ἀγανακτῆσαι
1650 3924 1753 3986 ξω-

181 4014 415 4083 Ὑράῗονν
446 4013 520 4076 ὡς
551 4013 647 4081 τῆς
694 4014 886 4082 τέχνης
932 4013 1080 4082 αὐτῷ
1111 4015 1232 4065 λίαν
1273 4015 1623 4085 ὑϐρισμένης,
1660 4016 1753 4069 καὶ

182 4107 503 4178 προσθήκας
544 4099 620 4158 ὧν
650 4105 748 4158 οὒκ
778 4105 945 4157 ἐδεῖτο
975 4106 1078 4157 ὑπὸ
1114 4107 1356 4174 ἀμαθοῦς
1385 4107 1559 4172 δεξιᾶς
1601 4106 1753 4172 δεξα-

186 4197 390 4267 μένης;
424 4197 652 4260 υῦκοῢν,
683 4196 806 4266 ἔφη,
833 4200 922 4249 καὶ
957 4198 1047 4249 τὸν
1073 4197 1178 4250 τῶν
1214 4200 1463 4252 ἁπάντων
1492 4203 1756 4271 Δημιουρ-

181 4290 300 4357 γδν,
337 4290 429 4342 καὶ
469 4289 566 4358 τῆς
600 4290 868 4359 ἡμετέρας
923 4290 1132 4355 φύσεως
1157 4290 1403 4360 Πλάστην
1435 4309 1493 4344 τε
1533 4295 1625 4346 καὶ
1647 4296 1754 4347 Ζω-

182 4380 395 4450 γράῳον
425 4379 751 4447 ἀγανακτεῖν
787 4380 1090 4442 πιστεύετε,
1135 4383 1216 4433 ὅτι
1248 4383 1342 4449 τῆς
1388 4385 1628 4454 ἀρρήτου
1666 4403 1750 4438 σο-

1781 3148 1824 3206 C

1874 551 2064 620 adepta
2102 561 2231 609 est:
2273 553 2583 611 Laborabat
2619 557 2693 611 iili
2745 560 2882 612 alter
2910 558 3196 612 oculorum
3247 564 3444 616 morbo

1875 643 2164 710 ejusmodi,
2199 646 2288 700 cui
2318 645 2514 701 cedere
2554 661 2646 702 ars
2697 650 2903 701 medica
2940 647 3250 703 videbatur.
3297 651 3441 705 Nihil

1871 735 2016 787 enim
2056 745 2195 799 erat,
2229 738 2312 791 vel
2343 739 2715 808 conscriptum
2752 739 2820 791 ab
2858 741 3138 810 antiquis,
3182 742 3318 795 vela
3353 758 3444 797 re-

1869 825 2212 880 centioribus
2237 827 2539 891 inventum,
2565 829 2710 898 quod
2738 828 2864 882 huic
2883 829 3129 882 curando
3153 831 3438 885 admotum

1880 929 1989 967 non
2014 914 2226 970 fuisset.
2249 913 2542 985 Postquam
2571 930 2748 974 autem
2775 920 2960 973 omnia
2981 921 3194 985 revicit,
3214 931 3262 976 et
3283 937 3439 991 opem

1870 1006 2322 1062 nullam'aﬁ‘erre
2375 1007 2587 1073 docuit,
2653 1011 2914 1065 indicavit
2967 1012 3118 1066 illum
3176 1014 3441 1067 accedens

1869 1096 2064 1149 mulier
2094 1097 2340 1164 quaedam
2367 1115 2396 1154 e
2427 1100 2767 1162 domesticis,
2816 1102 3050 1172 factique
3078 1104 3147 1156 ab
3177 1117 3244 1158 eo
3273 1104 3442 1156 mira-

1865 1186 1973 1239 culi
2032 1190 2360 1242 mentionem
2418 1189 2564 1244 fecit.
2601 1190 2794 1244 Aiebat
2822 1190 2964 1244 enim
3013 1207 3236 1247 uxorem
3298 1192 3444 1246 illius

1863 1279 1956 1346 qui
1993 1287 2124 1332 tunc
2173 1281 2397 1350 regebat
2456 1283 2751 1345 Orientem,
2795 1281 3116 1352 Pergamius
3153 1295 3333 1337 autem
3390 1285 3437 1337 is

1871 1382 2010 1434 erat,
2047 1387 2170 1424 cunt
2193 1373 2383 1426 eodem
2419 1373 2610 1426 morbo
2639 1381 2979 1441 ptemeretnr
3013 1374 3165 1427 abeo
3191 1383 3441 1428 curatam

1867 1462 2038 1516 fuisse
2075 1463 2331 1532 precibus
2361 1474 2413 1516 et
2443 1463 2625 1518 crucis
2656 1463 2964 1532 signaculo.
2991 1465 3216 1520 Audivit
3248 1474 3443 1528 mater,

1864 1556 2264 1624 confestimque
2286 1555 2349 1607 ad
2375 1554 2619 1608 divinum
2654 1554 2928 1608 hominem
2962 1571 3019 1610 se
3048 1555 3302 1610 contulit.
3333 1554 3442 1608 Ha-

1867 1644 2024 1696 bebat
2051 1652 2232 1698 autem
2292 1644 2382 1698 illa
2416 1644 2563 1698 circa
2596 1659 2654 1698 se
2683 1651 2738 1698 et
2786 1646 3028 1705 inaures,
3057 1654 3111 1699 et
3143 1646 3364 1699 monilia
3388 1654 3442 1699 ct

1863 1733 1966 1785 alia
1997 1749 2061 1786 ex
2082 1747 2240 1795 auro,
2265 1741 2318 1788 ct
2350 1741 2552 1787 vestem
2614 1733 2816 1786 vat-iatn
2850 1750 2914 1788 ex
2947 1735 3139 1788 sericis
3181 1734 3286 1786 filis
3312 1750 3445 1787 cou-

2175 1822 2428 1878 Noudutu
2486 1824 2631 1879 enim
2715 1824 3093 1894 perfectiorem
3182 1825 3440 1879 virtutem

1869 1915 2082 1985 1189
2110 1914 2444 1986 degustarat,
2479 1924 2533 1970 et
2578 1913 2677 1971 llos
2703 1926 2820 1970 erat
2871 1917 3070 1977 aetatis.
3103 1916 3440 1986 iuventutis-

1862 2021 1968 2074 que
1998 2017 2192 2060 ornatu
2228 2006 2620 2060 deleCIabatur.
2654 2004 2907 2060 Divinum
2955 2021 3082 2075 ergo
3109 2014 3273 2076 caput
3326 2007 3442 2059 ha-c

1861 2096 2102 2159 intuens,
2135 2095 2318 2150 nimia:
2347 2096 2632 2166 elegantiae
2671 2096 2906 2166 primum
2936 2097 3317 2167 mgritudinem
3350 2112 3440 2151 sa-

1861 2188 2030 2251 navit,
2065 2189 2119 2242 in
2145 2187 2291 2241 hunc
2318 2188 2464 2241 illam
2497 2191 2714 2243 modum
2743 2190 3028 2258 alloquens
3059 2208 3071 2243 ι
3103 2206 3122 2239 t
3162 2187 3256 2242 Dic
3287 2187 3439 2252 mihi,

1861 2279 2060 2350 inquit,
2125 2279 2234 2333 tilia
2270 2282 2287 2346 (
2317 2281 2434 2350 ipsa
2469 2281 2614 2335 enim
2675 2281 2794 2351 ejus
2840 2282 3006 2336 verba
3041 2281 3340 2350 proferam,
3387 2289 3442 2334 ct.

1860 2384 2064 2430 saneta:
2102 2376 2250 2430 illius
2271 2375 2472 2445 linguze
2502 2376 2884 2430 allocutionem
2913 2391 3020 2429 non
3051 2375 3394 2443 immutabo)
3423 2414 3438 2435 .

1859 2470 1905 2526 si
1929 2471 2052 2540 quis
2089 2471 2268 2540 pictor
2317 2471 2454 2523 artis
2507 2484 2619 2524 sua:
2682 2469 3074 2538 peritissimus.
3141 2469 3431 2538 imaginem
3489 2494 3491 2496 -

1860 2561 2094 2630 aliquam
2119 2577 2182 2614 ex
2213 2561 2348 2615 artis
2374 2560 2583 2631 legibus
2615 2571 2868 2615 accurate
2890 2561 3169 2630 depingat,
3213 2570 3264 2614 et
3297 2560 3440 2612 hanc

1861 2654 2045 2708 videre
2075 2653 2381 2708 volentibus
2423 2653 2769 2722 spectandam
2799 2659 3067 2722 proponat
3095 2669 3109 2705 :
3141 2651 3439 2718 vcniatque

1862 2747 2004 2800 alius
2034 2746 2306 2816 quispiam
2342 2745 2394 2798 in
2429 2755 2546 2797 arte
2580 2744 2757 2807 rudis,
2797 2743 2862 2796 ad
2907 2741 3188 2796 libidinem
3221 2757 3283 2795 ea
3321 2740 3420 2794 tin-

1859 2853 1992 2908 gens
2023 2853 2142 2906 quae
2178 2838 2401 2906 pingere
2443 2836 2679 2889 voluerit
2707 2854 2718 2888 :
2755 2832 2953 2888 deinde
2983 2832 3339 2886 artiﬁciosam
3372 2831 3437 2882 il-

1860 2931 1966 2984 lam
2003 2931 2271 3002 picturam
2333 2926 2761 2997 reprehendens,
2813 2924 3124 2996 superciliis
3178 2936 3230 2978 et
3278 2923 3424 2977 ciliis

1861 3022 2036 3077 lineas
2088 3021 2252 3075 addat
2319 3021 2617 3088 longiores,
2685 3027 2737 3074 et
2788 3015 3164 3070 candidiorem
3223 3013 3432 3065 vultum

1860 3114 2071 3176 reddat,
2112 3121 2164 3166 et
2200 3113 2424 3168 rubrum
2457 3111 2610 3181 genis
2640 3109 2875 3163 colorem
2911 3104 3152 3170 inducat,
3188 3119 3254 3158 an
3292 3104 3434 3173 prio.

1857 3221 1971 3260 rem
2028 3204 2286 3274 pictorem
2326 3214 2486 3273 putas
2535 3216 2643 3255 non
2685 3212 3075 3256 succensurum
3105 3237 3120 3261 ,
3179 3203 3436 3265 tanquam

1855 3297 1958 3350 arti
1991 3311 2103 3350 suae
2136 3296 2287 3365 gravi
2322 3294 2461 3347 facta
2497 3293 2717 3362 injuria,
2739 3300 2794 3346 et
2816 3289 3198 3346 additarnentis
3237 3287 3437 3356 quibus

1854 3399 1992 3454 Opus
2031 3401 2137 3438 non
2172 3391 2290 3438 erat
2328 3383 2396 3436 ab
2431 3381 2649 3436 indocta
2689 3395 2851 3434 manu
2896 3376 3224 3448 impositis?
3272 3375 3433 3445 Ergo,

1853 3475 2052 3544 inquit,
2072 3473 2422 3528 Conditorem
2442 3488 2659 3543 quoque
2675 3472 2942 3534 omnium,
2986 3477 3308 3537 naturaque
3335 3482 3434 3521 no-

1853 3564 2236 3635 straaFigulum
2255 3563 2608 3630 etPictorem,
2631 3563 2898 3631 indignari
2917 3560 3141 3625 credite,
3161 3558 3301 3630 quod
3329 3559 3440 3611 itu-

1853 3670 2092 3710 mensam
2113 3655 2256 3708 illam
2277 3652 2597 3723 sapientiam
2619 3650 2906 3721 imperitiae
2961 3649 3213 3721 arguitis.
3248 3646 3433 3715 Neque

1852 3750 1994 3804 enim
2017 3748 2328 3810 rubenm,et
2357 3746 2559 3811 album,
2578 3754 2631 3798 et
2662 3744 2883 3814 nigrum
2912 3742 3151 3796 colorem
3175 3739 3433 3795 infunde-

1852 3841 2004 3904 retis,
2026 3839 2126 3893 nisi
2148 3839 2251 3892 hoc
2275 3835 2646 3892 additamenta
2663 3849 2822 3905 egere
2835 3849 2932 3888 vos
2949 3831 3230 3899 putaretis.
3266 3829 3436 3902 Egere
3462 3860 3470 3866 -

1853 3942 2029 3986 autem
2069 3932 2156 3985 bis
2171 3946 2372 3998 corpus
2392 3929 2519 3983 dum
2538 3926 2780 3991 creditis,
2797 3924 3184 3980 imbecillitatis
3206 3924 3436 3979 damna-

1851 4024 1920 4078 tis
1943 4031 2240 4078 auctorem.
2283 4023 2446 4091 Atqui
2469 4020 2749 4077 sciendum
2787 4027 2889 4080 est,
2921 4018 3182 4073 voluntati
3244 4032 3428 4088 parem

1852 4115 2000 4170 illum
2059 4115 2256 4169 habere
2317 4121 2658 4184 potestatem.
2693 4130 2712 4164 ι
2750 4109 2940 4166 Omnia
2994 4111 3161 4174 enim,
3200 4129 3219 4162 ι
3258 4109 3434 4178 inquit

1855 4206 2040 4271 David,
2065 4225 2082 4257 ι
2107 4222 2444 4276 quaecunque
2459 4205 2626 4258 voluit
2643 4203 2769 4258 fecit
2791 4214 2812 4243 ε
2839 4223 2850 4257 :
2880 4222 2898 4255 ι
2918 4204 3011 4258 sed
3029 4203 3270 4258 omnium
3286 4201 3432 4257 utili-

1853 4300 1946 4352 tati
1989 4299 2284 4353 consulens
2332 4313 2395 4352 ea
2458 4313 2559 4352 non
2600 4296 2692 4350 dat
2728 4310 2848 4364 quae
2885 4295 3142 4350 damnum
3175 4294 3428 4350 alierum.

1849 4393 2029 4455 Quare
2088 4390 2375 4458 imaginem
2418 4387 2508 4443 Dei
2541 4404 2607 4443 ne
2631 4389 3016 4456 corrumpatis.
3052 4401 3231 4456 neque
3287 4387 3425 4454 adji-

183 4471 312 4538 ς-ίας
359 4471 573 4541 ἐκείνης
607 4470 845 4539 ἀμαθίαν
898 4475 1273 4542 κατηγορεῖτε.
1310 4474 1384 4525 Οὐ
1434 4476 1538 4545 γὰρ
1581 4475 1644 4527 ἂν
1690 4477 1751 4528 τὸ

1857 4500 1977 4536 cere
2029 4484 2307 4538 conemini
2384 4496 2501 4550 quae
2560 4483 2832 4550 sapienter
2879 4496 2988 4535 non
3036 4481 3206 4544 dedit,
3254 4497 3436 4549 neque

180 4564 433 4635 ἐρυθρὸν,
475 4564 568 4615 καὶ
604 4563 817 4625 λευκὸν,
850 4565 942 4616 καὶ
970 4565 1136 4632 μέλαν
1162 4565 1421 4634 ἐπεχέατε
1456 4565 1672 4638 χρῶμα,
1703 4569 1750 4619 εἰ

185 4657 260 4727 μὴ
305 4655 472 4708 ἐνδεῖν
523 4655 651 4724 ύμῖν
709 4654 911 4723 ταύτης
955 4654 1230 4722 ἐνομίζετε
1268 4657 1363 4725 τῆς
1414 4658 1747 4729 προσθήκης

179 4747 388 4801 δεῖσθαι
435 4747 491 4799 δὲ
529 4745 732 4799 τούτων
759 4745 1234 4816 ύπολαμϐἑινουσαι
1275 4748 1338 4799 τὸ
1374 4748 1554 4817 σῶμα,
1589 4748 1751 4802 ἀσθέ-

180 4856 333 4894 νειαν
380 4837 823 4908 καταψηφίζεσθε
877 4839 969 4892 τοῦ
1013 4837 1256 4908 ποιητοῦ.
1292 4840 1563 4910 Προσήκει
1596 4841 1650 4893 δὲ
1679 4843 1755 4893 εἰς

178 4934 351 4996 δέναι,
404 4933 482 4985 ᾶτι
516 4931 828 5001 σύμμετρον
854 4931 964 5002 ἔχει
997 4933 1060 5001 τῇ
1100 4931 1349 5002 βουλήσει
1378 4931 1474 5002 τὴν
1503 4933 1750 5002 δύναμιν.

188 5041 205 5073 ι
245 5024 432 5075 Πάντα
464 5017 648 5096 γὰρ,ᾗ
686 5038 851 5090 φησιν
895 5024 922 5074 ὁ
948 5021 1129 5079 Δαϐὶδ.
1172 5023 1269 5073 ὅσα
1309 5022 1569 5092 ἠθέλησεν
1595 5024 1621 5074 ὁ
1653 5023 1756 5075 Κύ-

185 5131 297 5185 ριος
331 5113 572 5182 ἐποίησε·
620 5133 636 5164 ι
672 5113 732 5165 τὸ
766 5113 821 5165 δὲ
871 5116 1109 5166 συνοῖσον
1151 5112 1320 5165 ἅπασι
1370 5113 1755 5184 προμηθούμε-

183 5223 293 5268 νος,
328 5206 427 5257 ὅσα
456 5203 695 5256 λωϐᾶται
751 5204 810 5255 οὐ
858 5204 1060 5257 δίδωσι.
1098 5203 1187 5273 Μὴ
1218 5205 1392 5257 τοίνυν
1416 5204 1753 5274 διαιρθείρετε

182 5295 278 5348 τοῦ
340 5295 475 5348 Θεοῦ
519 5295 617 5366 τὴν
665 5295 868 5359 εἰκόνα,
923 5295 1058 5365 μηδέ
1106 5295 1365 5365 πειρᾶσθε
1409 5295 1754 5366 προστιθέναι

186 5385 330 5454 ἆπερ
361 5386 389 5437 ό
430 5384 591 5452 σοφὸς
625 5384 724 5438 οὐκ
780 5383 967 5446 ἔδωκε,
1003 5384 1134 5454 μηδὲ
1173 5384 1233 5436 τὸ
1265 5384 1414 5437 νόθον
1453 5384 1610 5437 τοῦτο
1644 5387 1758 5436 ἐπι-

186 5480 355 5528 νοεῖτε
399 5477 612 5540 κάλλος,
662 5477 689 5529 ὃ
720 5477 811 5529 καὶ
854 5479 972 5540 ταῖς
1005 5476 1407 5548 σωφρονούσαις
1432 5476 1755 5548 λυμαίνεται

185 5570 296 5630 τοῖς
327 5567 526 5638 ὁρῶσιν
553 5567 925 5623 ἐπιϐουλεῦον.
961 5587 979 5620 t
1017 5569 1253 5622 Ἤκουσε
1281 5569 1538 5639 τούτωνὴ
1580 5569 1753 5623 πάντα

260 5756 281 5781 ε
308 5745 448 5800 Psnl.
483 5761 638 5810 cun,
663 5749 716 5804 5.

1858 4573 2217 4626 adulterinam
2288 4573 2501 4642 1190
2565 4571 2886 4642 excogitetis
2933 4571 3431 4641 pulchritudinem,

1858 4681 1975 4732 qu:c
2007 4672 2061 4718 et
2097 4664 2322 4732 pudicas
2377 4662 2651 4724 labefacit,
2686 4661 3000 4717 videntibus
3031 4663 3264 4718 tendens
3292 4663 3432 4717 insi-

1860 4758 2000 4808 dias.
2043 4773 2060 4806 ι
2115 4755 2304 4806 Audiit
2332 4753 2448 4807 hazc
2478 4753 2683 4807 femina
2723 4754 2887 4824 longe
2916 4753 3142 4822 optima,
3173 4753 3433 4824 Petrique

1861 4846 1957 4900 reti
1992 4859 2113 4897 mox
2154 4853 2310 4913 capta
2341 4851 2449 4900 est.
2485 4843 2620 4896 Nam
2659 4851 2715 4898 et
2738 4844 2827 4898 hic
2863 4859 3083 4914 quoque
3143 4845 3429 4914 cognomi-

1865 4937 1950 4991 nis
1983 4937 2064 4991 sui
2097 4935 2344 5002 exemplo
2378 4935 2713 5004 piscabatur,
2737 4933 3074 5004 pedibusque
3113 4935 3234 5003 ejus
3261 4934 3430 4988 adro.

1860 5028 1970 5079 luta
2003 5035 2053 5078 et
2077 5026 2380 5089 obtestans,
2416 5026 2705 5081 sanitatem
2734 5027 2896 5080 oculo
2926 5026 3142 5081 restitui
3176 5027 3425 5096 rogabat.

1862 5117 1926 5170 At
1950 5118 2036 5170 ille
2071 5116 2345 5170 hominem
2383 5133 2442 5171 se
2469 5117 2683 5171 diccbat
2711 5132 2856 5180 esse,
2888 5124 3051 5187 atque
3072 5117 3263 5171 eadem
3299 5133 3427 5171 cum

1859 5207 1971 5277 ipsa
2011 5207 2295 5276 praeditum
2333 5217 2526 5261 natura
2560 5227 2571 5262 :
2601 5223 2764 5277 grave
2789 5216 3044 5277 praeterea
3079 5218 3427 5275 peccatorum

1858 5302 1873 5319 ⁶
1907 5314 2045 5352 onus
2069 5301 2612 5368 sustinere,camque
2649 5302 2718 5354 ob
2782 5314 3004 5353 causam
3062 5300 3182 5353 sine
3229 5297 3428 5352 ﬁducia

1862 5389 2001 5457 apud
2027 5389 2190 5443 Deum
2223 5405 2366 5444 esse.
2392 5389 2640 5457 Cumque
2664 5391 2868 5460 lugeret
2899 5399 3069 5443 mater
3097 5397 3150 5443 et
3171 5391 3427 5453 obsecra-

1865 5491 1965 5544 ret,
2000 5495 2097 5533 nec
2131 5482 2306 5550 ipsum
2341 5480 2656 5534 relicturam
2701 5495 2758 5535 se
2793 5479 3086 5535 aﬂirmaret
3130 5479 3234 5535 nisi
3273 5478 3426 5533 sani-

1865 5579 2026 5622 tatcm
2058 5571 2353 5629 obtineret.
2378 5570 2546 5625 Dctttn
2573 5571 2763 5626 horum
2799 5581 3105 5627 curatorem
3127 5584 3248 5626 esse
3269 5564 3428 5635 dixit,
