4206 6456
763 412 784 463 λ
796 404 901 467 383

1779 397 2267 458 THEODORETI
2294 396 2632 458 EPISCOPI
2662 399 3026 462 CYRENSIS

3876 405 4018 471 1385

743 528 1067 584 semperque
1097 512 1450 568 credentibus
1482 525 1602 582 quae
1662 510 1944 580 postulant
1993 510 2313 578 concedere.

2440 508 2619 578 ἰρίστη
2683 509 2841 578 γυνὴ,
2898 509 2992 562 καὶ
3021 508 3333 579 παραυτίκα
3374 509 3506 562 εῐσω
3536 511 3631 581 τῆς
3665 509 3759 563 τοῦ
3801 510 4011 581 Πέτρου

747 625 766 657 ι
812 607 1045 662 Proinde
1084 607 1235 659 dabit
1268 620 1413 659 nunc
1445 605 1632 669 etiam,
1668 604 1868 672 inquit,
1894 620 2000 656 non
2040 603 2170 656 mihi
2195 619 2325 673 gra-

745 702 876 753 tiam
920 701 1188 765 tribuens,
1216 697 1311 754 sed
1337 697 1494 751 fidem
1551 706 1696 750 tuam
1728 694 2111 749 considerans.
2146 693 2328 760 Quare

745 793 789 846 si
828 792 965 843 hanc
1017 791 1283 859 integram
1338 788 1507 843 habes
1538 794 1590 841 et
1625 786 1921 850 sinceram,
1982 795 2035 839 et
2064 786 2131 839 ab
2179 787 2326 839 omni

743 882 1082 935 dubitatione
1114 881 1365 943 liberam,
1398 878 1710 932 valedicens
1740 887 1794 931 et
1821 875 2049 930 medicis
2084 883 2139 928 et
2170 876 2329 944 phar-

743 974 940 1038 macis,
968 973 1236 1027 divinitus
1280 972 1467 1025 datum
1524 969 1713 1039 accipe
1772 969 1878 1022 hoc
1937 967 2263 1021 remedium.
2306 985 2323 1018 ι

745 1066 842 1119 llis
860 1066 1046 1127 dictis,
1070 1065 1231 1118 oculo
1250 1078 1467 1115 manum
1495 1060 1779 1131 impasuit,
1811 1067 1865 1111 et
1889 1058 2150 1113 salutaris
2173 1059 2330 1128 signo

745 1158 929 1213 crucis
958 1170 1220 1225 expresso
1257 1155 1508 1208 morbum
1535 1154 1766 1222 depulit.
1804 1151 1929 1205 Inde
1963 1151 2186 1204 domum
2242 1166 2330 1205 re-

745 1263 923 1313 versa,
983 1248 1129 1301 eluto
1167 1246 1488 1315 pharmace,
1539 1244 1888 1311 ascititioque
1947 1242 2093 1295 omni
2132 1252 2329 1294 ornatu

752 1336 989 1403 abjecto,
1026 1335 1191 1388 vitam
1222 1349 1289 1387 ex
1321 1333 1664 1402 praescriptis
1696 1347 1724 1383 a
1755 1331 1972 1385 medico
2001 1333 2213 1402 legibus
2240 1333 2327 1385 in-

747 1427 947 1486 stituit.
982 1441 1081 1478 nec
1106 1426 1310 1478 variato
1359 1423 1596 1478 induens
1658 1431 1890 1485 vestem,
1950 1439 2047 1477 nec
2089 1438 2225 1475 auro
2274 1438 2330 1477 se

745 1527 1173 1574 convenustans.
1236 1522 1411 1588 Atque
1464 1519 1578 1571 hate
1613 1532 1737 1569 cum
1783 1516 2003 1584 juvenis
2038 1516 2328 1570 admodum

744 1623 913 1675 esset,
960 1629 1164 1667 annum
1219 1612 1426 1665 scilicet
1469 1608 1646 1663 aetatis
1688 1622 1854 1676 agens
1872 1608 2188 1662 vicesimum
2221 1617 2331 1663 ter-

748 1707 907 1768 tium,
940 1705 1169 1758 necdum
1201 1704 1364 1757 etiam
1396 1710 1569 1754 mater
1604 1699 1770 1761 facta,
1804 1706 1926 1770 post
1956 1709 2161 1768 septem
2184 1701 2329 1754 enim

750 1798 887 1851 alios
916 1811 1089 1850 annos
1122 1810 1207 1849 me
1241 1792 1459 1846 tandem
1493 1793 1658 1847 enixa
1701 1800 1803 1858 est,
1861 1791 1955 1860 qui
2006 1791 2213 1860 primus
2256 1792 2330 1844 illi

2432 602 2676 669 σαγήνης
2700 601 2937 669 ἐγένετο.
2993 600 3084 670 Τῷ
3115 601 3221 671 γὰρ
3273 602 3551 673 ὁμωνύμῳ
3605 603 4017 673 παραπλησίως

2430 693 2525 743 καὶ
2572 687 2725 754 οὗτος
2760 690 2964 761 ήλίευε,
3027 691 3123 743 καὶ
3186 692 3293 743 τῶν
3343 691 3517 744 ποδῶν
3574 692 3883 762 ἁπτομένη,
3918 693 4020 744 καὶ

2431 783 2778 851 ποτνιωμένη
2845 781 2921 851 τῷ
2975 781 3237 852 ὀφθαλμῷ
3289 782 3508 852 δοθῆναι
3553 784 3650 852 τὴν
3713 783 4020 850 θεραπείαν

2432 874 2698 926 ἱκέτευεν.
2764 874 2827 925 ’0
2865 874 2921 926 δέ
2954 872 3238 942 ἄνθρωπος
3281 873 3379 943 μὲν
3410 874 3595 941 ἔλεγεν
3625 871 3764 926 εἶναι
3789 874 3886 926 καὶ
3915 877 4020 943 τὴν

2430 965 2598 1034 αὐτὴν
2658 965 2800 1035 ἔχειν
2850 964 3011 1032 φύσιν
3053 965 3214 1035 αὐτῇ,
3272 965 3435 1019 πολὺν
3491 965 3547 1017 δὲ
3600 966 4019 1034 ἁμαρτημάτων

2430 1057 2660 1125 φορυτὸν
2704 1057 3084 1126 ἐπιφέρεσθαι,
3139 1058 3234 1111 καί⁵
3288 1058 3475 1111 τούτου
3522 1058 3703 1111 εἵνεκα
3745 1059 3847 1125 τῆς
3882 1058 4019 1127 πρὸς

2398 1148 2522 1202 ’τὸν
2565 1146 2697 1200 Θεὸν
2742 1150 3051 1216 παρρησίας
3090 1150 3533 1219 ἀποστερεῖσθαι.
3580 1151 3665 1213 Ὠς
3705 1150 3760 1202 δὲ
3800 1149 4020 1202 ἔκλαιεν

2432 1242 2464 1309 ή
2506 1241 2706 1309 μήτηρ,
2745 1240 2838 1291 καὶ
2857 1240 3148 1308 ἠντιϐόλει,
3189 1242 3281 1294 καὶ
3306 1241 3508 1310 ἔφασκε
3546 1241 3619 1311 μὴ
3638 1242 4017 1311 καταλείψειν,

2431 1333 2479 1384 εἰ
2513 1333 2588 1403 μὴ
2618 1332 2769 1400 τύχοι
2802 1332 2900 1402 τῆς
2930 1334 3192 1402 ἰατρείας,
3228 1334 3316 1387 τὸν
3356 1334 3487 1386 Θεὸν
3516 1334 3616 1404 ἔφη
3642 1335 3849 1388 τούτων
3875 1330 4018 1387 εἶναι

2431 1424 2794 1495 θεραπευτὴν,
2858 1428 3110 1495 χορηγεῖν
3156 1425 3212 1478 δὲ
3269 1426 3355 1478 ἀεὶ
3403 1429 3515 1489 τοῖς
3549 1426 3869 1479 πιστεύουσι
3920 1428 4019 1490 τὰς

2431 1518 2694 1588 αἰτήσεις.
2734 1534 2751 1566 ι
2799 1515 2967 1566 Δώσει
3012 1516 3213 1579 τοίνυν,
3264 1512 3406 1578 εἶπε,
3451 1518 3543 1568 καί
3592 1516 3705 1580 νῦν,
3751 1518 3853 1571 οὐκ
3894 1518 4020 1587 ἐμοὶ

2432 1606 2532 1677 τὴν
2571 1606 2731 1675 χάριν
2766 1606 3125 1676 δωρούμενος.
3158 1609 3291 1661 ἀλλὰ
3321 1609 3417 1680 τὴν
3463 1609 3559 1679 σὴν
3586 1611 3766 1662 πίστιν
3800 1609 4018 1679 θεώμεο

2433 1715 2539 1760 νος.
2570 1699 2631 1749 Εἰ
2668 1698 2847 1750 τοίνυν
2884 1698 3085 1766 ταύτην
3112 1699 3255 1769 ἔχεις
3284 1700 3562 1770 ἀκραιφνῆ
3592 1702 3684 1754 καὶ
3720 1702 4015 1773 εἰλικρινῆ,

2435 1792 2527 1845 καὶ
2562 1790 2741 1859 πάσης
2771 1792 3101 1861 ἀμφιϐολίας
3139 1792 3583 1862 ἀπηλλαγμένην,
3620 1793 3896 1864 ἐρρῶσθαι
3927 1794 4021 1845 καὶ

748 1893 912 1953 atque
941 1885 1165 1938 ultimus
1217 1892 1406 1949 partus
1434 1880 1554 1934 fuit.
1588 1856 1823 1932 Tantum
1868 1856 1945 1931 illi
1972 1856 2151 1948 magni
2183 1878 2327 1933 Petri

2440 1886 2638 1955 ἰατροῖς
2690 1856 2943 1955 φράσασα
2995 1887 3090 1937 καὶ
3145 1856 3475 1956 φαρμάκοις,
3519 1856 3697 1937 ’τοῦτο
3756 1885 3908 1949 δέξαι
3960 1888 4019 1937 τό

749 1977 1037 2046 disciplina
1087 1973 1315 2045 profuit,
1352 1980 1413 2027 ut
1446 1972 1713 2042 duplicem
1745 1971 1938 2039 adepta
1993 1970 2063 2023 sit
2091 1972 2334 2023 curatio-

748 2084 893 2122 nem.
942 2068 1170 2137 Corpori
1218 2066 1360 2121 enim
1416 2064 1735 2120 medicinam
1779 2078 2048 2132 quaerens,
2114 2062 2321 2132 1191

750 2163 946 2215 animae
1001 2160 1161 2215 simul
1199 2158 1637 2212 incolumitatem
1693 2164 1986 2208 consecuta
2042 2163 2144 2208 est.
2176 2154 2326 2208 Talia

750 2255 840 2309 ille
881 2254 1109 2324 loquens
1132 2251 1506 2323 Operabatur:
1560 2248 1720 2301 talem
1778 2262 1943 2302 orans
2000 2256 2326 2317 potestatem

751 2346 1003 2400 habebaL

749 2439 889 2492 κατὰ
919 2438 1043 2500 τοὺς
1084 2434 1189 2489 ὑπὸ
1253 2434 1345 2487 τοῦ
1396 2432 1578 2504 ἰατροῦ
1629 2432 1881 2496 τεθέντας
1934 2433 2130 2502 νόμους
2181 2434 2544 2501 ἐπολιτεύετο,
2617 2435 2739 2490 οὗτε

2436 1976 2717 2053 θεόσδοτον
2761 1977 3072 2046 φάρμακον.
3107 1996 3123 2026 ι
3179 1977 3342 2029 Ταῦτ’
3393 1975 3579 2040 εἰπὼν,
3624 1976 3862 2046 ἐπέθηκε
3918 1978 4018 2046 τὴν

2435 2070 2593 2138 χεῖρα
2627 2068 2704 2139 τῷ
2744 2068 3027 2139 ὀφθαλμῷ,
3062 2069 3156 2122 καὶ
3209 2069 3301 2120 τοῦ
3354 2071 3620 2140 σωτηρίου
3673 2070 3908 2141 σταυροῦ
3960 2071 4018 2122 τὺ

2436 2162 2662 2229 σημεῖον
2688 2160 2978 2226 τυπώσας,
3003 2160 3097 2232 τὴν
3136 2160 3289 2213 νόσον
3320 2160 3616 2231 ἀπήλασεν.
3663 2161 3909 2215 Ἐκεῖθεν
3938 2162 4019 2223 εἰς

2433 2250 2531 2321 τὴν
2562 2251 2735 2305 οἰκίαν
2780 2252 3169 2315 ἐπανελθοῦσα,
3207 2254 3300 2305 καὶ
3332 2253 3392 2305 τδ
3426 2254 3715 2324 φάρμακον
3756 2252 4022 2321 ἀπονιψα-

2439 2345 2595 2413 μένη,
2615 2344 2815 2397 καὶτὸν
2836 2345 3156 2398 ἐπείσακτον
3178 2346 3390 2399 ᾶπαντα
3413 2346 3764 2417 ἀπορρίψασα
3786 2346 4017 2421 κόσμον,

2817 2436 3066 2508 ποικίλην
3110 2437 3313 2507 ἐσθῆτα
3364 2436 3817 2507 περιϐαλλομένη,
3890 2434 4020 2489 οὔτε

759 2530 1004 2599 χρυσίοις
1044 2527 1423 2598 ώραῑζομένη·
1459 2527 1551 2578 καὶ
1588 2524 1757 2577 ταῦτα
1788 2525 1911 2577 νέαν
1944 2525 2152 2591 ἄγουσα
2204 2526 2304 2596 τὴν
2342 2527 2559 2598 ἡλικίαν
2611 2531 2827 2600 κομιδῇ·
2875 2530 3056 2601 τρίτον
3103 2531 3211 2599 γὰρ
3261 2531 3354 2583 καί
3402 2530 3643 2583 εἰκοστὸν
3689 2533 3752 2582 ὲκ
3788 2528 4020 2597 γενετῆς

748 2619 883 2692 ἦγεν
925 2623 1059 2684 ἔτος,
1093 2622 1273 2692 μήτηρ
1309 2620 1524 2672 οὐδέπω
1551 2618 1839 2687 γενομένη·
1885 2617 2026 2670 ἐτττά
2055 2620 2163 2690 γὰρ
2190 2619 2325 2673 ἀλλα
2363 2620 2705 2674 ἐπιϐιώσασα
2738 2622 2855 2693 ἐτη,
2896 2623 3038 2676 οὕτω
3073 2623 3172 2687 τὰς
3211 2622 3348 2693 ἐμὰς
3414 2622 3607 2685 ὠδῖνας
3649 2620 3889 2686 ἐδέξατο,
3950 2618 4020 2682 ἃς

751 2716 846 2769 καὶ
889 2714 1109 2783 πρώτας
1152 2715 1245 2766 καὶ
1296 2714 1462 2782 μόνας
1510 2713 1746 2778 ἐδέξατο.
1788 2711 2054 2765 Τοσοῦτον
2092 2714 2192 2782 τῆς
2236 2715 2330 2768 τοῦ
2374 2718 2611 2786 μεγάλου
2685 2719 2894 2790 Πέτρου
2945 2719 3294 2781 διδασκαλίας
3354 2716 3627 2771 ἀπώνατο·
3683 2719 3773 2769 καί
3820 2716 4019 2786 διπλῆν

752 2803 968 2869 ἐδέξατο
996 2804 1309 2875 θεραπείαν,
1347 2804 1440 2857 καί¹
1465 2803 1543 2873 τῷ
1586 2803 1798 2873 σώματι
1829 2804 1928 2873 τὴν
1952 2804 2197 2873 ἰατρείαν
2229 2808 2596 2875 μαστεύουσα,
2654 2813 2747 2864 καὶ
2799 2810 2896 2881 τὴν
2936 2811 3033 2879 τῆς
3054 2810 3233 2880 ψυχῆς
3296 2813 3704 2881 προσεκτήσατο
3776 2810 4015 2875 εὐεξίαν.

752 2896 990 2949 Τοιαῦτα
1012 2898 1106 2948 καὶ
1131 2896 1305 2964 λέγων
1340 2899 1544 2960 ἐκεῖνος
1573 2899 1812 2967 ἐνήργει,
1844 2900 1937 2951 καὶ
1960 2902 2395 2972 προσευχόμενος
2438 2907 2643 2976 ἴσχυεν.

823 2990 943 3043 Alio
969 3004 1095 3043 vero
1131 2998 1372 3058 tempore
1400 2989 1660 3043 famulum
1686 3007 1921 3060 coquum
1969 3008 1996 3047 a
2028 2996 2170 3048 malo
2197 3011 2336 3064 quo-

754 3081 879 3135 dam
910 3082 1164 3136 daemone
1217 3090 1498 3148 vexatum,
1545 3098 1667 3138 cum
1697 3083 1762 3137 ad
1798 3100 1920 3138 eum
1965 3085 2333 3155 perduxisset,

754 3175 980 3243 ejusque
1011 3189 1166 3242 opem
1190 3174 1557 3243 implorasset,
1593 3177 1839 3232 oratione
1874 3176 2034 3241 facta,
2062 3181 2144 3232 vir
2194 3179 2335 3232 divi-

756 3284 860 3323 nus
892 3268 1177 3337 imperavit
1208 3268 1439 3321 daemoni
1496 3276 1555 3320 ut
1595 3268 1733 3323 data:
1782 3269 1886 3324 sibi
1939 3271 2206 3326 adversus
2242 3271 2332 3324 Dei

757 3368 1066 3417 creaturam
1115 3361 1407 3427 potestatis
1442 3375 1660 3414 causam
1715 3361 1997 3418 eifaretur.
2039 3362 2175 3415 Tum
2224 3364 2333 3425 ille,

759 3462 1014 3520 tanquam
1061 3450 1334 3505 homicida.
1368 3450 1637 3519 quispam
1706 3452 1786 3505 vel
1855 3456 1992 3507 muri
2057 3452 2337 3523 perfossor

759 3543 1164 3611 coramjudicis
1197 3553 1353 3596 stans
1386 3543 1677 3607 tribunali,
1711 3553 1763 3597 et
1789 3560 1815 3596 a
1838 3561 1895 3598 se
1914 3555 2123 3615 patrata
2149 3545 2332 3613 eloqui

756 3636 968 3704 jussus,
1005 3634 1194 3689 ordine
1225 3637 1428 3698 omnia,
1465 3650 1650 3689 verum
1689 3645 1887 3704 praeter
1924 3653 2128 3691 morem
2155 3639 2338 3691 dicere

762 3737 906 3779 metu
941 3734 1183 3790 coactus,
1224 3726 1526 3779 enarravit.
1588 3725 1855 3796 Heliopoli
1910 3729 2089 3781 aiebat
2146 3727 2337 3783 famuli

764 3818 927 3885 hujus
956 3817 1233 3869 dominum
1273 3824 1591 3885 mgrotasse,
1639 3826 1694 3872 et
1718 3818 1993 3873 dominam
2028 3820 2250 3889 conjugi
2282 3828 2341 3873 ut

761 3919 966 3979 aegroto
995 3908 1294 3971 assedisse,
1354 3910 1582 3963 ancillas
1636 3923 1800 3978 porro
1832 3908 2029 3963 domus
2087 3911 2253 3972 illius,
2286 3910 2339 3964 in

762 4017 869 4071 qua
897 4000 1209 4063 manebant,
1251 4002 1666 4065 monachorum,
1693 4001 1786 4071 qui
1812 4000 2113 4056 Antiochia:
2166 4002 2342 4070 philo-

764 4093 1161 4161 sophabantur,
1195 4094 1359 4146 vitam
1395 4108 1884 4158 commemorasse,
1938 4102 1992 4148 et
2044 4102 2247 4164 quanta
2287 4096 2340 4149 in

763 4183 1038 4236 daemones
1063 4182 1277 4252 prazditi
1329 4190 1519 4238 essent
1550 4191 1840 4253 potestate.
1874 4184 1982 4239 llas
2014 4186 2233 4247 deinde,
2287 4194 2346 4239 ut

767 4275 976 4343 puellas
1010 4276 1137 4328 ludo
1166 4275 1489 4345 gaudentes,
1522 4274 1892 4331 damoniacas
1916 4284 1970 4331 et
2001 4276 2239 4331 furiosas
2268 4277 2343 4331 si-

766 4368 1025 4429 mulasse,
1046 4366 1310 4421 famulum
1344 4376 1525 4423 autem
1553 4369 1704 4423 illum
1732 4369 1931 4438 ipsum,
1958 4369 2177 4436 pellicea
2198 4376 2346 4422 veste

763 4460 1045 4521 amictum,
1099 4459 1501 4512 monachorum
1556 4459 1667 4512 ritu
1724 4474 1821 4514 eos
1868 4459 2175 4529 adjurasse.
2213 4457 2346 4524 Quae

2519 3002 2739 3055 Ἀλλοτε
2796 3001 2851 3054 δὲ
2889 3000 3106 3070 οἰκέτην
3152 2999 3405 3068 ὀψοποιὸν
3449 2998 3553 3051 ὑπό
3602 3013 3744 3060 τινες
3776 2996 4016 3066 πονηροῦ

2440 3092 2691 3163 δαίμονος
2726 3092 3110 3162 ἐνοχλούμενον
3138 3088 3522 3158 ἀπαγαγοῦσα,
3557 3088 3655 3158 τῆς
3683 3090 3812 3154 παρ’
3850 3088 4018 3140 αὑτοῦ

2442 3188 2622 3257 τυχεῖν
2656 3184 2974 3254 ἐπικουρίας
3011 3183 3241 3236 ἱκέτευε.
3275 3180 3715 3252 Προσευξάμενος
3746 3180 3801 3233 δέ
3823 3182 3850 3233 ό
3876 3180 4022 3240 θεῖος

2439 3278 2597 3347 ἀνὴρ,
2632 3274 2883 3329 ἐκέλευσε
2916 3275 2993 3345 τῷ
3022 3274 3235 3343 δαίμονι
3264 3274 3362 3343 τῆς
3395 3273 3535 3326 κατά
3558 3272 3649 3325 τοῦ
3682 3271 3828 3325 θείου
3862 3276 4023 3343 ποιή-

2444 3384 2608 3437 ματος
2645 3366 2889 3433 ἐξουσίας
2941 3366 3042 3434 τὴν
3089 3363 3269 3417 αἰτίαν
3317 3365 3505 3416 εἰπεῖν.
3558 3365 3614 3414 Ὀ
3644 3361 3723 3425 δὲ,
3766 3361 4021 3426 καθάπερ

2440 3476 2524 3520 τις
2563 3456 2886 3528 ἀνδροφόνος
2914 3456 2946 3527 ἢ
2994 3456 3329 3526 τοιχωρύχος
3358 3455 3463 3526 πρὸ
3488 3453 3805 3507 δικαστικοῦ
3837 3453 4020 3525 βήμα-

2441 3566 2531 3610 τος
2567 3547 2760 3611 ἐστὼς,
2801 3546 2895 3600 καὶ
2953 3546 3135 3614 λέγειν
3168 3546 3204 3599 ἃ
3249 3546 3476 3615 δέδρακε
3527 3543 4017 3615 προσταττόμενος,

2442 3641 2614 3703 οὕτως
2669 3638 2884 3692 ἅπαντα
2916 3638 3135 3710 διεξῄει,
3172 3637 3323 3708 παρά
3355 3637 3416 3690 τὸ
3483 3637 3670 3699 εἰωθὸς
3723 3636 3830 3689 ὑπὸ
3866 3637 4019 3695 δέους

2443 3732 2723 3802 ἀληθεύειν
2761 3731 3219 3800 ἀναγκαζόμενος,
3254 3729 3347 3781 καὶ
3375 3728 3609 3798 ἔφασκεν
3636 3731 3692 3781 ἐν
3741 3728 4025 3783 Ἡλιουπό-

2442 3826 2523 3877 λει
2552 3826 2639 3876 τὸν
2678 3825 2775 3893 μὲν
2803 3823 2895 3876 τοῦ
2930 3824 3142 3875 οἰκέτου
3180 3821 3540 3895 ἁρῤωστῆσαι
3580 3821 3869 3891 δεσπότην,
3922 3823 4022 3889 τὴν

2442 3916 2497 3968 δέ
2535 3933 2597 3984 γε
2644 3915 2929 3968 δέσποιναν
2984 3913 3062 3983 τῷ
3100 3914 3329 3983 ὁμόζυγι
3374 3914 3469 3966 ἆτε
3524 3912 3588 3984 δὴ
3648 3912 4023 3985 ἀρῥωστοῦντι

2446 4007 2888 4077 παρακαθῆσθαιο
2931 4006 3028 4068 τάς
3078 4005 3135 4057 δέ
3179 4004 3471 4067 παιδίσκας
3507 4006 3605 4075 τῆς
3659 4005 3860 4067 οίκίας,
3893 4006 3951 4055 ἐν

2445 4100 2762 4169 κατέμενον,
2796 4098 2903 4151 τῶν
2938 4099 2995 4150 ἐν
3046 4097 3346 4167 Ἀντιοχείᾳ
3386 4096 3818 4165 φιλοσοφούντων
3861 4114 4023 4167 μονα-

2445 4190 2555 4260 χῶν
2601 4190 2905 4260 διηγεῖσθαι
2934 4190 3024 4243 τὸν
3055 4188 3190 4259 βίον,
3244 4189 3339 4242 καὶ
3387 4189 3517 4257 ὅσην
3563 4188 3701 4242 κατὰ
3751 4188 4025 4257 δαιμόνων

2445 4281 2629 4351 ἔχουσι
2660 4280 2758 4351 τὴν
2782 4278 2957 4349 ἰσχύν.
2994 4275 3128 4331 Εἶτα
3158 4277 3380 4343 ταύτας,
3414 4272 3503 4331 οἷα
3527 4277 3590 4347 δὴ
3634 4276 3803 4346 κόρας
3836 4279 4025 4349 παιδιᾷ

2444 4370 2762 4443 χαιρούσας,
2789 4368 3174 4441 ὑποκρίνεσθαι
3199 4370 3298 4430 τὰς
3326 4365 3686 4436 δαιμονιώσας
3709 4366 3803 4418 καὶ
3846 4383 4023 4436 μεμη.

2445 4464 2619 4527 νυίας,
2647 4462 2810 4515 αὐτὸν
2852 4461 2909 4514 δέ
2953 4462 3161 4513 ἐκεῖνον
3204 4459 3295 4511 τὸν
3337 4459 3556 4524 οἰκέτην
3599 4456 3829 4525 σισύραν
3866 4474 4023 4527 περι-

765 4552 896 4605 dum
943 4552 1162 4615 tierent,
1203 4570 1221 4601 ι
1261 4566 1381 4620 ego,
1439 4551 1637 4620 inquit,
1695 4560 1819 4605 ante
1859 4550 2005 4605 fores
2062 4558 2237 4613 stans,
2290 4560 2334 4604 et

2447 4554 2797 4624 ϐαλλόμενον,
2858 4551 3165 4623 μοναχικῶς
3206 4549 3508 4622 ἐξορκίζειν
3553 4547 3785 4610 ἐκείνας.
3824 4566 3845 4596 ε
3892 4548 4027 4600 Τού-

766 4642 1000 4711 gloriosa
1033 4644 1049 4660 '
1077 4641 1168 4693 illa
1210 4641 1274 4695 de
1297 4642 1585 4696 monachis
1613 4642 1775 4696 verba
1809 4656 1916 4695 non
1939 4640 2141 4699 ferens.
2173 4658 2333 4710 expe-

767 4734 864 4788 riri
885 4734 1062 4802 reipsa
1088 4732 1260 4800 volui,
1287 4746 1454 4802 quam
1487 4732 1613 4787 illos
1637 4733 1837 4787 habere
1864 4732 2149 4801 jactabant
2180 4742 2336 4802 pote-

768 4831 988 4880 statem.
1022 4822 1207 4891 Itaque
1242 4823 1442 4879 missas
1461 4821 1669 4878 faciens
1700 4824 1949 4884 ancillas.
1976 4824 2031 4876 in
2064 4824 2207 4877 hunc
2260 4838 2344 4877 me

768 4915 995 4976 intrusi,
1039 4917 1180 4969 scire
1222 4914 1450 4983 cupiens
1498 4928 1607 4984 quo
1659 4922 1820 4983 pacto
1855 4929 1885 4967 a
1916 4914 2203 4968 monachis
2250 4929 2345 4967 ex-

771 5006 1016 5075 pellerer.
1042 5005 1200 5060 Nune
1230 5020 1360 5060 vero
1387 5003 1675 5075 perdidici,
1702 5020 1804 5060 nec
1839 5005 1942 5058 alia
1970 5019 2111 5074 opus
2169 5005 2345 5059 habeo

770 5095 1103 5164 experientia
1139 5111 1345 5163 :quare
1369 5096 1532 5165 jussu
1584 5107 1679 5149 tuo
1728 5110 1853 5149 mox
1898 5111 2053 5150 exeo.
2088 5115 2106 5148 ι
2169 5097 2346 5165 Atque

773 5186 886 5239 hmc
912 5187 1099 5241 dicens
1132 5186 1286 5256 fugit,
1306 5198 1359 5240 et
1386 5188 1622 5242 famulus
1656 5188 1963 5242 libertatem
1993 5186 2223 5257 adeptus
2241 5198 2343 5243 est.

770 5278 1012 5332 Alterum
1046 5295 1263 5348 quoque
1284 5281 1546 5334 rusticum
1569 5281 1759 5334 matris
1788 5280 1907 5349 ejus
1938 5291 2131 5345 mater,
2160 5284 2346 5336 nutrix

776 5384 901 5423 vero
936 5384 1075 5430 mea,
1111 5370 1512 5424 daemoniaeum
1541 5372 1610 5425 ad
1636 5372 1898 5424 vitiorum
1939 5372 2145 5426 hostem
2177 5372 2348 5426 addu-

773 5475 925 5525 cens,
957 5462 1135 5514 oravit
1168 5469 1226 5513 ut
1253 5462 1302 5516 ei
1337 5477 1495 5531 opem
1550 5463 1736 5516 ferret.
1796 5464 1967 5526 Quem
2017 5465 2109 5518 ille
2156 5478 2348 5520 rursus

777 5552 1149 5620 interrogavit,
1173 5553 1332 5620 cujus
1367 5563 1535 5619 esset,
1574 5562 1627 5608 et
1659 5569 1687 5607 a
1730 5569 1970 5623 quonam
2019 5562 2346 5624 potestatem

780 5644 991 5712 1192
1044 5646 1097 5697 in
1166 5642 1259 5697 Dei
1317 5654 1626 5699 creaturam
1686 5647 2040 5716 accepisset?
2103 5646 2350 5717 Cumque

776 5742 976 5787 tacitus
1017 5734 1105 5787 ille
1136 5735 1485 5799 subsisteret,
1538 5735 1788 5804 nihilque
1822 5737 2203 5809 responderet,
2255 5753 2349 5807 ge-

777 5824 938 5881 nibus
963 5824 1116 5880 flexis
1144 5827 1311 5883 Deum
1364 5829 1566 5892 oravit,
1614 5830 1912 5887 obsecrans
1982 5839 2038 5883 ut
2078 5831 2349 5885 scelerato

2448 4661 2576 4707 των,
2610 4642 2792 4711 φησιν,
2839 4639 3290 4709 ἐπιτελουμένων,
3330 4636 3481 4707 παρὰ
3495 4634 3591 4706 τὴν
3627 4633 3799 4703 θύραν
3830 4634 4025 4697 ἑστὼς,

2445 4734 2541 4787 καὶ
2569 4734 2690 4794 τοὺς
2726 4730 3081 4793 ἀλαζονικοὺς
3111 4730 3238 4799 περί¹
3280 4727 3389 4781 τῶν
3424 4725 3669 4796 μοναχῶν
3701 4724 3897 4791 λόγους
3931 4726 4029 4777 οὐκ

2444 4825 2703 4891 ἐνεγκὼν,
2733 4826 2798 4892 τῇ
2839 4821 3001 4893 πείρᾳ
3040 4820 3229 4891 μαθεῖν
3258 4816 3584 4888 ἐβουλήθην,
3610 4819 3674 4887 ἢν
3714 4816 3863 4884 ἔχειν
3888 4814 4030 4869 ἐκεί-

2444 4931 2569 4977 νους
2601 4912 3002 4967 ὲνεανιεύσαντο
3039 4910 3289 4980 δύναμιν.
3316 4908 3516 4961 Τούτου
3542 4908 3724 4959 είνεκα
3768 4906 3872 4969 τάς
3900 4923 4029 4959 παι-

2446 5007 2639 5070 δίσκας
2686 5004 3023 5065 καταλιπὼν,
3073 5007 3151 5066 εἰς
3196 5002 3383 5056 τοῦτον
3424 5002 3656 5070 ἐμαυτδν
3698 5000 4028 5071 εἰσέφρησα,

2451 5099 2641 5169 μαθεῖν
2670 5099 2952 5167 ἐθελήσας,
2988 5098 3135 5159 ὅπως
3176 5096 3281 5147 ὑπὸ
3322 5093 3430 5146 τῶν
3468 5092 3715 5163 μοναχῶν
3746 5091 4032 5156 ἐξελαύνο-

2452 5206 2570 5259 μαι.
2611 5188 2720 5241 Καὶ
2744 5187 2861 5253 νῦν,
2892 5186 3017 5255 ἔφη,
3046 5184 3364 5255 μεμάθηκα,
3398 5186 3492 5236 καὶ
3526 5183 3721 5253 πείρας
3748 5182 3947 5253 ἐτέρας
3971 5184 4030 5237 οὐ

2447 5280 2655 5348 δέομαι’
2677 5278 2992 5347 παραυτίκα
3022 5277 3077 5329 δὲ
3113 5276 3205 5329 σοῦ
3239 5276 3550 5338 κελεύοντος
3580 5274 3777 5344 ἔξειμι.
3800 5293 3818 5324 ι
3845 5273 4032 5326 Ταῦτα

2447 5372 2623 5439 λέγων
2674 5369 3024 5440 ἐδραπέτευε,
3080 5369 3174 5421 καὶ
3212 5368 3312 5437 τῆς
3364 5365 3677 5435 ἐλευθερίας
3735 5366 3765 5415 ὀ
3811 5364 4033 5432 οἰκέτης

2450 5462 2714 5528 ἀπήλαυε.
2741 5460 2849 5511 Καὶ
2882 5459 3069 5531 ἕτερον
3089 5460 3145 5511 δὲ
3179 5459 3434 5528 ἄγροικον
3464 5456 3565 5525 τῆς
3619 5455 3825 5525 μητρὸς
3860 5457 3961 5524 μὲν
3997 5456 4034 5525 ἡ

2454 5553 2659 5621 μήτηρ,
2711 5549 2819 5621 ἐμὴ
2868 5550 2925 5603 δὲ
2979 5550 3154 5619 τιτθὴ,
3212 5547 3547 5619 δαιμονῶντα
3600 5545 4040 5617 προσαγαγοῦσα

2453 5644 2731 5715 ἐπαμῦναι
2769 5642 3069 5715 παρεκάλει
3100 5643 3192 5694 τὸν
3225 5642 3325 5710 τῆς
3371 5642 3567 5703 κακίας
3617 5639 3935 5692 ἀντίπαλον.
3976 5638 4036 5691 ὐ

2452 5737 2507 5789 δὲ
2544 5736 2704 5788 πάλιν
2742 5735 3090 5797 ἐπυνθάνετο,
3140 5736 3303 5788 πόθεν
3336 5752 3397 5786 τε
3437 5735 3543 5804 εἴη,
3580 5734 3672 5788 καὶ
3713 5732 3867 5803 παρά
3892 5732 4039 5797 τίνος

2456 5829 2615 5883 ἔλαϐε
2648 5830 2744 5899 τὴν
2790 5828 2930 5883 κατὰ
2963 5827 3059 5881 τοῦ
3096 5829 3240 5882 θείου
3278 5830 3577 5900 ποιήματος
3617 5828 3889 5893 ἐξουσίαν.
3946 5828 4037 5890 '0;
