4206 6456
234 410 369 472 1385

1454 400 1857 465 RELIGIOSA
1893 400 2272 469 HISTORIA.

3342 414 3477 480 1386

226 525 281 577 δὲ
315 523 483 592 σιγῶν
532 524 735 586 ἐκεῖνος
764 522 1006 591 εἰστήκει
1053 519 1149 591 τὴν
1184 519 1475 589 ἀπόκρισιν
1513 520 1586 587 μὴ
1613 516 1801 571 ποιούο

1908 516 2239 575 famulorum
2287 535 2514 577 suorum
2573 523 2718 580 vires
2770 526 3102 583 ostenderet.
3166 528 3476 603 lterumque

229 632 407 685 μενος,
432 613 498 666 τά
548 613 750 680 γόνατα
796 610 982 672 κλίνας
1012 608 1374 679 προσηύχετο,
1423 606 1633 658 καὶτὸν
1667 604 1802 658 Θείαν

227 703 495 774 ὴντιὸόλει
533 701 700 765 δεῖξαι
740 699 820 770 τῷ
857 698 1122 769 ἀλιτηρίῳ
1150 697 1257 749 τῶν
1288 696 1502 749 οἰκείων
1536 694 1801 763 Θεραπόν-

224 810 334 846 των
380 794 480 864 τήν
520 793 770 862 δύναμιν.
816 789 929 842 Καὶ
970 788 1132 841 πάλιν
1182 788 1457 849 ἀνίστατο,
1503 786 1600 839 καὶ
1641 784 1802 838 πάλιν

227 887 433 948 έκεῖνος
462 868 777 937 ἀντιτείνων
815 881 993 949 ἐσίγα,
1024 868 1117 933 καὶ
1154 879 1329 934 ταῦτα
1359 878 1552 950 μέχρις
1575 878 1799 946 έννάτης

224 978 455 1043 ἐγίνετο.
504 976 720 1045 Ἐπειδὴ
770 972 1198 1044 δὲ’θερμοτέραν
1241 972 1335 1025 καὶ
1376 970 1800 1041 σπουδαιοτέραν

222 1067 299 1136 τῷ
328 1068 577 1138 Δεσπότῃ
622 1066 980 1137 προσενήνοχε
1017 1063 1341 1134 προσευχὴν,
1379 1062 1616 1135 ἀναστὰς
1646 1061 1799 1129 ιλεγε

228 1156 362 1225 πρὸς
396 1157 486 1208 τὸν
514 1155 815 1225 ἀλιτήριον·
848 1172 872 1205 1
907 1151 982 1205 Οὔ
1014 1169 1097 1206 σοι
1121 1152 1401 1205 ἐπιτάττει
1431 1151 1657 1221 Πέτρος,
1681 1150 1798 1204 ἀλλ’

221 1251 248 1302 ὁ
287 1248 497 1317 Πέτρου
550 1246 702 1309 Θεὸς·
739 1246 1029 1314 ἀπόκριναι
1079 1244 1260 1298 τοίνυν
1298 1244 1403 1296 ὑπὸ
1454 1244 1553 1313 τῆς
1588 1244 1798 1299 ἐκείνου

219 1338 515 1407 δυνάμεως
561 1336 1134 1406 καταναγκαζόμενος.
1189 1353 1209 1386 ι
1276 1335 1525 1406 ᾘδέσθη,
1592 1335 1797 1405 καίπερ

222 1429 575 1499 ἀναίσχυντος
603 1427 700 1493 ὢν,
719 1432 746 1482 ὁ
773 1428 1027 1497 ἀλάστωρ
1048 1428 1146 1498 τὴν
1170 1425 1265 1479 τοῦ
1296 1427 1795 1494 ἀγίουέπιείκειαν,

220 1523 313 1575 καὶ
361 1523 515 1590 φωνῇ
552 1521 779 1590 μεγίστῃ
826 1520 1169 1590 χρησάμενος
1222 1518 1373 1581 ἐϐόα,
1435 1518 1510 1581 ὡς
1554 1518 1633 1588 τῷ
1680 1518 1797 1587 δρει

224 1613 321 1684 μὲν
382 1612 464 1683 τῷ
508 1611 726 1683 Ἅμανῷ
785 1610 1054 1682 σχολάζοι·
1113 1630 1133 1662 ι
1163 1610 1363 1664 Τοῦτον
1403 1612 1459 1664 δὲ
1512 1611 1653 1665 κατὰ
1699 1612 1795 1682 τὴν

218 1705 334 1758 ὁδὸν
378 1705 716 1773 θεασάμενος
758 1702 902 1772 ὕδωρ
953 1702 1062 1755 ἀπό
1098 1719 1243 1766 τινος
1287 1703 1468 1773 πηγῆς
1494 1702 1794 1773 ἀρυόμενόν

216 1812 274 1848 τε
308 1795 407 1849 καὶ
434 1795 675 1859 πίνοντα,
720 1794 962 1863 ἠθέλησα
990 1795 1303 1865 οἰκητήριον
1329 1796 1526 1847 οἰκεῖον
1564 1796 1795 1865 ποιήσα-

219 1885 361 1937 σθαι.
424 1912 492 1924 -
559 1882 697 1935 Ἀλλ’
741 1881 896 1946 ἔξιθι,
959 1882 1145 1950 ἔλεγεν
1205 1882 1534 1936 ὁτούθεοῦ
1582 1872 1869 1963 ἀνθρωχΒ

219 1989 339 2036 πος,
375 1971 474 2024 τοῦ
506 1971 911 2041 σταυρωθέντος
958 1973 1098 2043 ὑπὲρ
1143 1973 1244 2041 τῆς
1270 1973 1593 2042 οἰκουμένης
1635 1973 1793 2026 τοῦτό

220 2081 300 2117 σοι
348 2062 793 2134 παρεγγυῶντος.
844 2084 864 2115 ι
904 2065 1137 2117 Ἤκουεν
1177 2067 1402 2130 ἐκεῖνος,
1432 2065 1539 2118 καὶ
1570 2065 1788 2133 ἔφευγε,

215 2156 307 2209 καὶ
338 2133 444 2224 τῆς
463 2133 661 2225 λύττης
687 2156 967 2227 ἐλεύθερος
989 2156 1267 2209 ἀπεδίδοτο
1290 2159 1355 2227 τῇ
1387 2156 1537 2226 τιτθῇ
1568 2158 1597 2208 ὁ
1619 2173 1789 2229 γεωρ-

214 2248 326 2314 γός.
387 2248 500 2302 Καὶ
545 2248 709 2319 ἔτερα
754 2249 812 2302 δὲ
882 2250 1049 2319 μυρία
1099 2250 1199 2319 τῆς
1253 2248 1527 2319 μακαρίας
1575 2249 1790 2317 basim};

214 2341 393 2411 ψυχῆς
419 2341 644 2395 τοιαῦτα
670 2342 807 2411 ἔχων
835 2341 1169 2412 διηγήματα,
1196 2340 1513 2410 παραλείψω
1544 2340 1615 2391 τὰ
1642 2339 1791 2391 πλεῖ-

1905 612 2167 673 οιιιτειιίι,
2201 620 2254 665 et
2284 612 2373 667 ille
2399 621 2593 667 contra
2642 617 2882 673 renitens
2934 620 3132 674 iterum
3179 623 3471 690 obmutuit,

1904 710 2065 770 atque
2089 702 2189 755 hoc
2207 705 2368 759 modo
2391 704 2457 759 ad
2492 706 2679 763 horam
2710 723 2882 778 usque
2913 728 3110 768 nonam
3141 728 3232 769 res
3255 731 3473 786 proces-

1904 791 1996 845 sit.
2031 791 2226 848 Postea
2249 810 2534 860 vero,eum
2556 798 2903 855 ardentiores
2924 799 3150 858 Domino
3188 815 3245 861 et
3297 799 3474 863 inten-

1904 880 2074 937 tiores
2107 898 2296 953 preces
2355 886 2671 951 obtnlisset,
2730 905 2985 960 surgens.
3037 898 3475 969 sceleratumque

1902 976 2257 1043 compellans,
2296 996 2315 1028 ι
2349 976 2707 1042 Noni’etrus,
2764 982 2861 1048 ait,
2912 983 3013 1038 tibi
3073 986 3321 1055 imperat,
3377 992 3473 1046 sed

1902 1065 2045 1119 Petri
2074 1065 2241 1133 Deus;
2264 1085 2431 1139 quare
2454 1071 2601 1125 illius
2620 1072 2847 1129 adactus
2872 1077 3110 1143 potentia
3129 1081 3415 1149 responde.
3447 1104 3465 1133 ι

1900 1152 2191 1211 Reveritus
2217 1168 2303 1213 est
2333 1160 2595 1226 nefarius,
2644 1162 2933 1234 impudens
2977 1167 3121 1235 licet,
3158 1174 3334 1227 sancti
3370 1175 3469 1228 viri

1898 1244 2244 1312 modestiam,
2278 1264 2577 1321 magnaque
2610 1268 2742 1309 voce
2771 1255 3120 1313 exclamans:
3156 1278 3171 1311 ι
3213 1261 3270 1315 In
3302 1264 3470 1317 Ama-

1900 1354 1992 1403 no,
2030 1339 2226 1407 inquit,
2255 1327 2437 1397 nionte
2458 1359 2648 1399 versor
2679 1362 2693 1410 ;
2751 1346 2896 1402 hunc
2931 1356 3112 1404 autem
3160 1364 3357 1420 aquam
3412 1355 3467 1408 in

1898 1430 1983 1482 via
2014 1448 2042 1484 e
2074 1430 2223 1486 fonte
2249 1432 2592 1489 haurientem
2628 1445 2685 1491 et
2724 1438 3000 1493 bibentem
3027 1457 3152 1496 cuin
3188 1443 3465 1507 vidissem,

1899 1520 1953 1573 in
2005 1537 2067 1576 eo
2129 1524 2258 1579 mihi
2324 1527 2660 1582 domicilium
2710 1534 3050 1588 constituere
3102 1535 3469 1592 volni.—At

1896 1610 2174 1679 egredere,
2228 1615 2306 1667 ait
2359 1616 2520 1669 homo
2575 1617 2688 1683 Dei,
2745 1620 2840 1673 tibi
2883 1620 2985 1675 hoc
3020 1622 3110 1677 illo
3141 1625 3463 1695 imperante.

1896 1704 2108 1772 quipro
2130 1705 2263 1761 orbe
2304 1713 2571 1761 terrarum
2603 1710 2827 1767 suffixus
2861 1722 2943 1767 est
2995 1714 3166 1769 cruci.
3204 1734 3223 1768 ι
3284 1718 3465 1772 Audiit

1897 1792 1987 1846 ille
2026 1801 2078 1847 et
2110 1793 2266 1864 fugit,
2292 1798 2606 1868 nutricique
2639 1800 2776 1856 liber
2803 1817 2833 1856 a
2883 1803 3069 1860 furore
3106 1807 3352 1863 redditus
3381 1821 3464 1864 est

1898 1884 2159 1952 agricola.
2195 1888 2344 1943 Alias
2368 1890 2418 1943 id
2454 1906 2626 1960 genus
2651 1893 2969 1950 innumeras
3015 1898 3083 1952 de
3154 1900 3309 1955 beata
3366 1902 3459 1956 illa

1897 1975 2080 2028 anima
2099 1976 2441 2035 narrationes
2474 1982 2991 2054 habens,plurimas
3025 1994 3457 2059 praetermittam.

1902 2066 2197 2121 multorum
2230 2077 2479 2127 metuens
2533 2074 2850 2144 infirmitati,
2887 2083 2980 2151 qui
3024 2083 3076 2137 in
3113 2086 3321 2156 seipsos
3366 2090 3456 2143 in-

1896 2338 2156 2394 athletam
2202 2346 2545 2414 progrediar.

218 2454 334 2503 στα,
368 2438 481 2490 τῶν
513 2437 722 2491 πολλῶν
751 2436 936 2499 δεδιὼς
963 2437 1062 2507 τὴν
1085 2436 1385 2491 ἀσθένειαν·
1422 2437 1501 2497 εἰς
1527 2434 1667 2502 σφᾶς
1690 2432 1798 2503 γὰρ
1835 2433 2168 2506 ἀφορῶντες,
2202 2439 2322 2501 ταῖς
2357 2440 2464 2495 τῶν
2522 2442 2679 2498 θείων
2743 2447 2951 2519 ἀνδρῶν
2999 2452 3283 2511 ἀπιστοῦσι
3329 2455 3457 2516 θαυ-

220 2532 596 2601 ματουργίαις.
645 2532 741 2585 Ἐν
767 2532 833 2597 δὲ,
859 2532 892 2602 ἢ
921 2530 1016 2584 δύο
1041 2531 1461 2606 διηγησάμενος,
1492 2530 1576 2596 ἐφ’
1610 2528 1793 2598 ἕτερον
1828 2529 2131 2600 ἀγωνιστὴν
2157 2532 2554 2605 μεταϐήσομαι.

282 2618 393 2677 Ἦν
419 2640 504 2688 τις
522 2624 840 2686 ἀκόλαστος,
876 2622 1180 2693 στρατηγὸς
1210 2622 1268 2673 έν
1286 2623 1399 2683 τοῖς
1430 2618 1541 2672 ἀνω
1559 2616 1789 2687 χρόνοις.

214 2718 366 2788 Κόρη
390 2718 569 2769 τοίνυν
605 2733 689 2777 τις
720 2716 1117 2785 ἀπειρόγαμος,
1161 2708 1310 2797 ᾥραν
1346 2712 1544 2781 ἔχουσα
1582 2709 1787 2780 γάμου,

214 2809 317 2861 ὑπὸ
348 2807 452 2876 τὴν
481 2806 675 2860 τούτου
710 2805 1026 2858 δεσποτείαν
1057 2802 1303 2867 τελοῦσα,
1337 2801 1437 2872 τὴν
1462 2799 1668 2871 μητέρα
1693 2816 1791 2854 κα-

214 2895 539 2958 ταλιποῦσα,
578 2895 673 2948 καὶ
708 2895 832 2954 τοὺς
860 2893 1117 2955 οἰκείους,
1149 2893 1229 2954 εἰς
1264 2890 1626 2957 γυναικονϊτιν
1652 2903 1787 2939 κατ-

214 2986 379 3056 έφυγε
437 2984 748 3057 συμμορίαν
798 2983 1023 3053 ἔχουσαν
1060 2980 1342 3050 ἀθλητῶν.
1409 2976 1785 3045 Ἀγωνίζονται

212 3077 320 3148 γὰρ
348 3078 445 3131 καὶ¹
468 3078 726 3146 γυναῖκες
744 3077 854 3137 τοῖς
875 3073 1098 3143 ἀνδράσι
1126 3069 1540 3141 παραπλησίως,
1571 3068 1665 3124 καὶ
1702 3067 1785 3131 είς

212 3171 272 3224 τὸ
297 3171 399 3240 τῆς
429 3169 633 3240 ἀρετῆς
665 3165 1051 3220 καταϐαίνουσι
1096 3163 1324 3216 στάδιον.
1352 3156 1788 3261 ’ξαύτηςιμαθὼν
1817 3201 1861 3261 C

214 3267 243 3317 δ
271 3264 581 3334 στρατηγὸς
607 3261 708 3331 τὴν
755 3258 951 3328 φυγὴν,
985 3256 1284 3327 ἐμαστίγου
1330 3251 1427 3356 τὴν
1457 3250 1667 3356 μητέρα
1696 3249 1790 3356 καίι

218 3356 553 3425 ἱκρεμάννυ·
586 3352 681 3404 καὶ⁵
713 3352 775 3404 οὐ
834 3349 1097 3420 πρότερον
1125 3346 1307 3414 ἀφῆκε
1332 3342 1564 3413 δεσμῶν,
1583 3340 1688 3403 ἓως
1728 3339 1790 3391 τὸ

214 3446 319 3499 τῶν
368 3444 614 3498 causam
663 3442 937 3512 γυναικῶν
991 3437 1236 3501 ὑπέδειξε
1292 3432 1656 3501 καταγώγιον.
1708 3430 1786 3502 Τῇ

215 3533 380 3605 λύττῃ
424 3534 606 3587 τοίνυν
661 3535 726 3603 τῇ
752 3531 928 3602 οἰκείᾳ
969 3530 1330 3600 χρησάμενος,
1365 3527 1615 3596 ἥρπασεν
1648 3526 1791 3576 ὲκεί-

216 3625 302 3676 θεν
367 3624 470 3694 τὴν
529 3624 717 3694 κόρην,
768 3623 863 3675 καὶ
892 3623 971 3683 είς
996 3620 1095 3688 τὴν
1131 3618 1337 3672 οἰκείαν
1382 3616 1561 3669 οἰκίαν
1621 3615 1787 3665 ὲπανο

216 3717 407 3786 ήγαγε·
440 3716 533 3769 καὶ
562 3714 788 3785 ήλπισεν
829 3716 858 3767 ὁ
903 3712 1131 3774 δείλαιος
1163 3711 1262 3780 τὴν
1303 3708 1509 3761 οἰκείαν
1545 3706 1789 3777 κορέσειν

214 3809 527 3861 ἀκολασίαν.
585 3806 723 3861 Ἀλλ’
770 3807 799 3858 ὀ
836 3805 928 3859 τὸν
971 3802 1171 3875 Φαραὼ
1218 3803 1475 3871 έτασμοῖς
1533 3799 1789 3869 μεγάλοις

216 3902 305 3953 καὶ
339 3902 598 3970 πονηροῖς
622 3898 822 3961 ὲτάσας
857 3896 986 3967 περί
1015 3895 1232 3966 Σάρρας
1259 3892 1357 3962 τῆς
1399 3889 1655 3958 γυναικὸς
1697 3890 1787 3941 Ἀ-

218 3987 421 4056 δραάμ,
484 3986 597 4038 καὶ·
624 3985 902 4051 ἀνέπαφον
946 3981 1185 4051 φυλάξας
1219 3981 1319 4049 τὴν
1362 3977 1632 4047 σώφρονα,
1691 3978 1786 4029 καὶ

216 4079 339 4141 τοὺς
386 4076 682 4144 Σοδομίτας
730 4073 977 4139 πατάξας
1010 4072 1265 4142 ἀορασία,
1306 4068 1659 4154 ἐμπαροινεῖς)
1712 4067 1786 4130 ὼς

219 4167 382 4234 ξένοις
408 4170 524 4231 τοῖς
546 4167 856 4236 ἀσωμάτοις
883 4165 1354 4234 ἐπιχειρήσαντας,
1377 4154 1527 4222 οὗτος
1550 4158 1644 4212 καὶ
1666 4156 1789 4210 τού-

216 4276 305 4312 του
325 4259 386 4311 τὸ
407 4258 631 4312 ὀπτικὸν
648 4256 883 4325 ἀορασίᾳ
914 4252 1111 4323 βαλὼν,
1144 4256 1208 4305 ὲκ
1241 4252 1405 4320 μέσου
1428 4249 1535 4301 τῶν
1555 4246 1787 4301 δικτύων

217 4349 523 4420 τδθήραμα
570 4348 850 4415 διαφυγεῖν
881 4342 1281 4417 παρεσκεύασε·
1312 4342 1404 4396 καὶ
1441 4341 1519 4403 είς
1556 4340 1647 4392 τὸν
1686 4338 1786 4391 θά-

217 4436 383 4507 λαμον
418 4438 584 4501 αὐτὸς
625 4436 722 4506 μὲν
752 4432 947 4503 εἰσῄει,
969 4432 1149 4503 ἐκείνη
1176 4431 1233 4484 δὲ
1264 4430 1410 4484 ἔνδον
1442 4429 1786 4496 διαφυλαττο-

1967 2616 2064 2672 Vir
2109 2631 2227 2675 erat
2281 2622 2609 2683 libidinosus
2644 2668 2659 2693 ,
2712 2632 2946 2688 militum
2981 2637 3110 2691 olim
3147 2644 3404 2710 magister
3437 2663 3452 2699 :

1893 2710 2071 2779 puella
2126 2720 2305 2768 autem
2346 2718 2588 2786 quaedam
2644 2723 2881 2778 nonduin
2920 2738 3108 2799 nupta,
3171 2734 3264 2787 sed
3297 2737 3457 2791 nubi-

1894 2801 1983 2867 lis,
2016 2818 2139 2873 qua:
2171 2806 2276 2860 sub
2331 2808 2453 2876 ejus
2487 2819 2606 2865 erat
2645 2813 2910 2880 dominio,
2953 2831 3126 2875 matre
3165 2825 3354 2879 relicta
3401 2836 3458 2881 et

1895 2893 2034 2955 suis,
2072 2895 2139 2949 ad
2182 2910 2498 2966 gynaeceum
2549 2905 2824 2972 quoddam
2856 2924 2914 2963 se
2951 2915 3201 2980 contulit,
3240 2917 3294 2970 in
3348 2934 3457 2988 quo

1894 2994 2072 3041 castus
2104 2998 2223 3043 erat
2249 2990 2607 3047 athletarum.
2654 2994 2939 3054 Decertaut
2994 3005 3138 3058 enim
3178 3009 3338 3062 etiam
3379 3010 3457 3065 fe-

1895 3073 2077 3141 minas,
2111 3077 2569 3144 quemadmodum
2629 3085 2753 3150 viri,
2786 3097 2839 3141 et
2873 3090 2930 3144 in
2959 3093 3193 3149 stadium
3228 3098 3451 3156 virtutis

1893 3159 2249 3220 descendunt.
2294 3166 2464 3238 llujus
2502 3175 2721 3242 cognita
2764 3176 2909 3248 fuga,
2947 3184 3207 3252 magister
3228 3199 3454 3245 matrem

1891 3248 2078 3322 flagris
2124 3258 2343 3323 cecidit,
2391 3271 2444 3315 et
2482 3263 2693 3335 1193
2722 3268 2960 3324 vinctam
3013 3248 3320 3344 suspendit,
3349 3296 3453 3336 nec

1890 3345 2127 3403 vinculis
2173 3352 2329 3419 prius
2361 3357 2586 3420 exemit,
2618 3364 2633 3379 '
2660 3374 2825 3428 quam
2893 3364 3275 3434 religiosariim
3333 3387 3455 3426 mn-

1890 3436 2084 3492 lierum
2147 3441 2519 3499 habitaculum
2554 3450 2817 3505 ostendit.
2882 3453 3037 3510 Illinc
3072 3473 3224 3528 ergo,
3279 3461 3455 3517 furori

1889 3528 2223 3599 obsequens,
2252 3536 2486 3603 puellam
2514 3541 2719 3609 rapuit,
2740 3550 2795 3596 et
2819 3544 3037 3600 domum
3070 3564 3225 3603 suam
3254 3553 3457 3619 perdu-

1888 3619 1991 3685 xit,
2021 3638 2247 3691 sperans
2277 3626 2467 3689 infelix
2499 3645 2558 3683 se
2589 3632 2872 3689 libidinem
2906 3652 3060 3692 suam
3086 3642 3450 3710 expleturum.

1892 3711 1995 3768 Sed
2020 3717 2109 3783 qui
2147 3717 2485 3805 P’liaraonem
2522 3728 2733 3792 magnis
2765 3737 2815 3781 et
2849 3732 3108 3797 gravibus
3157 3736 3453 3805 suppliciis

1891 3806 2069 3863 affecit
2097 3787 2316 3880 prdpter
2352 3811 2543 3868 Sarain
2576 3817 2810 3872 Abrah-e
2836 3822 3147 3892 conjugem,
3215 3787 3452 3883 etrinta-

1887 3907 2030 3955 ctam
2066 3904 2302 3958 servavit
2351 3908 2748 3977 continentem;
2782 3914 2876 3982 qui
2914 3928 2966 3968 et
3002 3913 3309 3975 Sodomitas
3346 3936 3453 3976 ca:-

1886 3990 2049 4044 citate
2073 3994 2422 4060 perstrinxit,
2453 4011 2576 4051 cum
2605 3999 2872 4057 adversus
2891 4007 3142 4073 corporis
3162 4019 3435 4078 expertes,

1886 4091 2147 4150 tanquam
2195 4085 2250 4138 in
2297 4086 2545 4156 hospites
2606 4091 2851 4147 insanire
2897 4108 3245 4162 conarentur,
3309 4100 3449 4156 idem

1888 4174 2054 4243 hnjns
2083 4192 2302 4246 quoque
2331 4181 2508 4236 oculis
2550 4183 2837 4251 caliginem
2889 4186 3197 4256 oﬂ‘undens,
3230 4192 3361 4246 fecit
3391 4203 3450 4248 ut

1887 4266 2066 4335 prceda
2088 4267 2280 4323 mediis
2309 4285 2376 4324 ex
2403 4273 2612 4327 retibus
2635 4276 2946 4332 elaberetur
2978 4298 2991 4334 :
3022 4283 3092 4333 ita
3122 4292 3179 4337 iit
3210 4284 3298 4337 ille
3322 4289 3449 4355 qni-

1886 4357 2005 4411 dem
2039 4358 2341 4414 thalamum
2395 4364 2648 4430 intraret,
2682 4367 2798 4421 haec
2824 4384 2971 4436 vero,
3000 4388 3121 4441 qua:
3166 4374 3315 4430 intus
3345 4395 3448 4432 cu-

1888 4450 2247 4513 stodiebatur,
2280 4453 2461 4507 subito
2489 4456 2751 4518 evolaret.
2785 4475 2963 4528 eoque
2993 4461 3254 4520 frustrato
3282 4484 3446 4537 expe-

221 4525 349 4597 μίνη
380 4529 695 4597 παραυτίκα
737 4522 883 4594 ὶξῄει
919 4523 1011 4575 καὶ
1044 4520 1272 4592 φροῦδος
1319 4515 1414 4624 ἢν,
1458 4520 1551 4571 καὶ
1578 4518 1784 4624 meum:

1887 4539 2042 4593 tituin
2072 4540 2175 4594 sibi
2200 4544 2617 4598 contubernium
2648 4552 3118 4617 repeteret.Qnare
3145 4515 3446 4624 agnoscens

218 4618 445 4687 πόθητον
486 4618 624 4687 αὐτῇ
650 4614 916 4669 κατέλαϐε
956 4610 1316 4680 καταγώγιον.
1346 4609 1502 4663 Οὕτω
1548 4607 1735 4679 μαθὼν
1756 4610 1784 4662 ὁ

218 4708 459 4777 ἀνόητος,
508 4708 582 4771 ὡς
615 4708 715 4777 τῆς
756 4706 850 4759 τὸν
884 4705 1023 4758 θεῖον
1071 4704 1360 4773 μνηστῆρα
1414 4700 1784 4773 προελομένης

218 4798 273 4849 οὗ
297 4802 600 4869 περιέσται,
642 4798 871 4868 ἡσυχίαν
900 4796 1052 4863 ἄγειν
1078 4794 1442 4865 ἠναγκάζετο,
1475 4793 1655 4844 οὐκέτι
1688 4792 1785 4861 τὴν

220 4887 447 4942 ἀλοῦσαν
506 4889 600 4941 καὶ
648 4888 767 4958 θεία
818 4887 1042 4955 δυνάμει
1086 4884 1451 4953 διαφυγοῦσαν
1490 4882 1781 4951 ἐπιζητῶν.

219 4981 357 5035 Αὕτη
382 4980 580 5053 χρόνου
607 4979 903 5043 διελθόντος
925 4979 1205 5049 παθήματι
1226 4978 1519 5049 περιέπεσε
1544 4974 1781 5046 χαλεπῷ·

221 5076 471 5143 καρκίνος
501 5073 557 5126 δὲ
586 5072 647 5126 τὸ
681 5071 851 5137 πάθος
879 5067 968 5142 ἦν·
1002 5071 1079 5141 τῷ
1105 5070 1161 5122 δὲ
1192 5068 1378 5139 μαστῴ
1408 5067 1784 5138 ἐξογκουμένῳ

220 5166 311 5219 καὶ
343 5168 376 5236 ή
405 5164 567 5235 ὀδύνη
607 5165 919 5234 συνηύξετο.
965 5162 1126 5217 Ἀλλὰ
1152 5162 1243 5215 τὸν
1281 5164 1452 5231 μέγαν
1474 5159 1654 5214 ἐκάλει
1679 5162 1782 5214 Πέ-

220 5272 338 5323 τρον
365 5260 422 5310 ὲν
451 5260 519 5327 τῇ
545 5257 644 5327 τῆς
668 5257 856 5327 ὀδύνης
886 5258 1059 5328 ἀκμῇ,
1085 5255 1177 5310 καὶ
1225 5253 1461 5322 ἔφασκεν
1482 5254 1639 5317 εὐθὺς
1686 5253 1782 5323 τῆς

224 5349 364 5419 ἱερᾶς
394 5349 611 5419 ἐκείνης
648 5350 832 5421 φωνῆς
862 5352 939 5413 εἰς
978 5350 1044 5403 τὰ
1087 5344 1201 5403 ὦτα
1228 5346 1576 5418 βαλλομένης,
1604 5347 1782 5399 πᾶσαν

222 5439 429 5513 ἐκείνην
457 5441 558 5513 τὴν
593 5442 786 5514 ὀδύνην
833 5441 1197 5514 κοιμίζεσθαι,
1230 5442 1323 5494 καὶ
1356 5439 1487 5511 μηδὲ
1525 5438 1783 5508 βραχεῖαν

224 5530 463 5604 αἴσθησιν
493 5533 697 5586 ἐκεῖθεν
732 5533 961 5608 ἀνιαράν
994 5531 1365 5603 ὑποδέχεσθαι.
1397 5529 1595 5584 Τούτου
1624 5529 1783 5600 χάριν

223 5622 372 5676 αὑτὸν
417 5625 515 5679 καὶ
562 5626 779 5695 συχνότε
791 5642 880 5695 ρον
924 5624 1392 5697 μεταπεμπομένη
1429 5620 1780 5691 ψυχαγωγίας

225 5714 508 5786 ἀπήλαυεν.
540 5718 788 5773 ’Λπαντα
821 5717 929 5789 γὰρ
964 5718 1113 5787 ἔλεγε
1142 5718 1231 5770 τὸν
1269 5718 1365 5786 τῆς
1408 5714 1610 5770 ἐκείνου
1641 5732 1779 5787 παρο

224 5808 396 5873 θυσίας
441 5809 633 5881 καιρὸν
662 5809 936 5873 παντελῶς
979 5810 1078 5873 τὰς
1106 5808 1397 5878 ἀλγηδόνας
1431 5803 1775 5877 ἀφίστασθαι.

531 5902 802 5963 Ρλτῐιοι.
848 5902 965 5963 Gn.
1002 5900 1318 5962 LXXX“.

1884 4639 2094 4687 vecors.
2123 4644 2181 4683 se
2213 4630 2357 4684 illam
2409 4648 2529 4702 qua:
2557 4632 2801 4690 divinum
2834 4636 3102 4707 Sponsum
3138 4647 3447 4713 praetulerat

1883 4717 2103 4772 vincere
2132 4737 2239 4774 non
2276 4737 2455 4791 posse,
2493 4727 2776 4795 quiescere
2811 4739 3038 4786 coactus
3060 4742 3296 4799 est,,nec
3326 4752 3445 4792 am-

1887 4807 2028 4872 plius
2057 4825 2177 4863 eam
2236 4816 2516 4884 persequi,
2550 4832 2674 4886 quae
2708 4827 2865 4888 capta
2899 4837 3023 4874 cum
3057 4833 3205 4879 esset
3236 4842 3332 4895 per
3362 4829 3446 4882 di-

1882 4896 2061 4949 vinam
2122 4902 2419 4967 potentiam
2475 4914 2745 4959 evaserat.
2810 4905 2933 4961 Haec
2969 4908 3084 4977 ipsa
3116 4915 3445 4980 procedente

1885 4995 2125 5054 tempore
2146 5006 2364 5059 gravem
2384 4995 2437 5048 in
2463 4996 2710 5049 morbum
2744 4997 2937 5051 incidit
2974 5000 3048 5069 (et
3076 5016 3275 5058 cancer
3296 5022 3451 5060 mor-

1884 5078 1986 5133 bus
2011 5080 2096 5134 hic
2113 5083 2275 5151 erat),
2293 5086 2640 5156 mamillaque
2658 5088 3051 5145 intumescente
3068 5091 3223 5147 dolor
3241 5097 3446 5162 pariter

1885 5170 2246 5227 increscebat.
2282 5172 2388 5228 Sed
2419 5189 2541 5229 cum
2572 5177 2779 5233 doloris
2798 5180 3031 5234 maxima
3050 5183 3132 5237 vis
3161 5192 3303 5249 erat,
3328 5201 3446 5241 ma-
3549 5170 3553 5174 ’

1884 5275 2044 5327 gnum
2068 5259 2288 5316 Petrum
2322 5263 2629 5325 invocabat.
2656 5269 2965 5338 aiebatque.
2998 5272 3160 5326 simul
3188 5288 3251 5327 ac
3284 5290 3443 5334 sacra

1884 5350 1975 5404 illa
2012 5367 2115 5405 vox
2157 5354 2386 5410 auribus
2418 5357 2766 5423 insonuerat,
2800 5368 2973 5413 totum
3007 5360 3158 5415 illum
3195 5362 3441 5437 dolorem

1883 5442 2065 5497 sedari
2099 5444 2298 5507 solere,
2330 5447 2652 5518 nullumque
2686 5465 2752 5504 ex
2784 5465 2848 5505 eo
2894 5451 3184 5508 molestum
3215 5469 3438 5511 sensum

1885 5534 2142 5590 residere.
2179 5534 2331 5591 Unde
2358 5537 2699 5607 frequentius
2730 5540 2878 5594 illum
2906 5557 3124 5612 quoque
3150 5543 3439 5601 accersens

1882 5626 2260 5682 consolatione
2320 5626 2624 5686 fruebatur.
2710 5631 3026 5687 Affirmabat
3104 5635 3273 5700 enim,
3325 5652 3437 5707 qun

1883 5724 2127 5787 tempore
2190 5733 2430 5788 prmsens
2463 5719 2674 5786 aderat,
2710 5736 2901 5778 omnes
2936 5738 3167 5792 prorsus
3220 5726 3436 5781 dolores

1882 5809 2241 5867 abscessisse.
2277 5811 2475 5869 Verum
2510 5815 2655 5871 illam
2704 5816 2921 5887 quidem
2950 5825 3069 5887 pm;
3105 5818 3231 5875 talia
3260 5830 3448 5893 ceris-

3018 5908 3090 5967 Ut
