4206 6456
776 403 906 463 1387
1806 406 2293 467 THEODORETI
2322 405 2662 468 EPISCOPI
2698 404 3061 471 CYRENSIS
3278 376 3281 377 ί
3885 416 4029 481 1368

771 520 917 573 mina
959 534 1023 575 ex
1085 522 1185 576 hac
1223 524 1332 577 vita
1383 521 1738 579 excedentem
1798 524 2046 579 victoriae
2079 524 2337 580 laudibus
2367 529 2413 586 Α

2367 529 2413 586 Α
2454 521 2593 577 Ἀλλ’
2623 526 2838 595 ἐκείνην
2890 525 2989 596 μὲν
3036 524 3209 588 οὕτως
3260 528 3682 599 ἀγωνισαμένην
3721 531 3857 600 μετά
3910 531 4026 584 τῶν

707 634 715 641 ’
768 625 1099 683 prosecutus
1131 625 1234 671 est.
1268 617 1479 679 Rursus
1513 632 1643 672 vero
1675 626 1905 672 matrem
1951 632 2151 683 meam,
2215 626 2340 687 ροει

2445 618 2727 670 ἐπινικίων
2760 618 2995 671 ἐπαίνων
3028 618 3181 671 τοῦδε
3205 618 3297 672 τῶ
3334 619 3449 689 βίου
3484 622 3825 692 προέπεμψε.
3852 625 4026 677 Πάλιν

766 714 981 774 partum
1014 722 1123 775 quo
1156 722 1241 761 me
1267 708 1431 762 enixa
1469 717 1557 763 est
1587 708 1760 761 ’morti
1798 708 2128 777 proximam,
2158 710 2337 763 nutri-

2443 710 2499 763 δὲ
2545 709 2645 780 τὴν
2695 709 2911 780 μητέρα
2961 710 3060 781 τὴν
3106 712 3265 781 ἐμὴν,
3298 714 3434 782 μετά
3486 715 3581 777 τάς
3632 716 3773 786 ἐμάς
3824 718 4025 780 ὠδῖνας

766 797 846 851 ais
884 797 1097 869 1194
1128 800 1382 868 precibus
1443 810 1719 867 exoratus,
1754 801 2050 855 adveniens
2079 817 2109 855 e
2144 802 2338 856 mortis

2443 798 2573 867 παρ’
2612 798 2777 851 αὑτοῦ
2805 801 3105 869 γενομένην
3140 801 3236 853 τοῦ
3282 802 3512 856 Θανάτου
3544 806 3644 867 τάς
3687 790 3885 869 πύλας,
3915 807 4027 858 ὐπὸ

762 889 1014 943 faucibus
1066 890 1289 961 eripuit.
1360 893 1723 947 Decumbebat
1797 893 1942 948 enim
1994 892 2242 957 medicis,
2276 902 2337 948 ut

2438 890 2538 959 τῆς
2584 889 2772 956 τιτθῆς
2814 890 3139 961 λιπαρηθεὶς
3183 893 3537 962 ἀφικόμενος,
3580 893 3855 966 ἐξήρπασε
3911 896 4026 949 τῶν

764 980 968 1043 ferunt,
1020 982 1460 1052 desperantibus,
1514 984 1831 1055 iungentibus
1889 984 2233 1048 domesticis,
2280 992 2337 1040 et

2436 979 2531 1033 τοῦ
2579 981 2809 1035 θανάτου
2847 984 3065 1053 χειρῶν.
3121 985 3339 1038 Ἐκειτο
3380 987 3510 1057 γάρ,
3557 987 3634 1051 ὥς
3679 1005 3866 1055 φασιν,
3908 989 4024 1041 ἀπ-

762 1074 971 1129 obitum
1011 1078 1482 1147 prmstolantibus,
1525 1079 1730 1133 clausis
1765 1077 1942 1131 oculis
1972 1091 2164 1147 magna
2206 1092 2332 1131 cum

2438 1074 2739 1143 ειρηκότων
2786 1075 2882 1145 μὲν
2923 1076 3032 1128 τῶν
3073 1077 3293 1147 ίατρῶν,
3325 1078 3435 1131 τῶν
3470 1079 3527 1133 δέ
3559 1081 3777 1134 οἰκείων
3819 1082 4024 1151 ὀλοφυο

759 1165 910 1220 febre
939 1168 1283 1232 conflictans,
1317 1168 1667 1223 familiarium
1702 1168 1973 1221 nemiuem
2007 1182 2327 1237 agnoscens.

2439 1163 2703 1234 ρομένων,
2746 1166 2840 1217 καὶ
2882 1166 3330 1235 προσδεχομένων
3370 1167 3433 1220 τὸ
3470 1167 3644 1230 τέλος,
3698 1171 4025 1238 μεμυκότας

757 1253 827 1309 Ut
858 1264 1039 1311 autem
1075 1260 1295 1314 advenit
1331 1261 1442 1325 ille,
1476 1262 1567 1328 qui
1592 1259 1961 1328 apostolicum
2000 1274 2197 1313 nomen
2231 1272 2330 1327 ge-

2435 1254 2632 1323 ἔχουσα
2664 1254 2787 1318 τοὺς
2820 1254 3154 1324 ὀφθαλμοὺς,
3189 1257 3375 1327 λάϐρῳ
3401 1259 3619 1329 πυρετῷ
3646 1265 4021 1333 κατεχομένη,

756 1348 908 1401 rebat
946 1357 999 1403 et
1032 1351 1283 1419 gratiam,
1335 1359 1387 1406 et
1422 1370 1439 1401 ‹
1464 1350 1577 1404 Pax
1624 1352 1743 1416 tibi,
1802 1350 1909 1404 tilia
1945 1370 1962 1401 ι
1993 1351 2128 1405 dixit
2190 1349 2328 1417 (haec

2433 1346 2620 1399 οὐδένα
2653 1346 2761 1398 τῶν
2800 1348 3046 1418 συνήθων
3083 1350 3537 1417 ἐπιγινώσκουσα.
3593 1354 3680 1417 Ὠς
3713 1354 3771 1407 δὲ
3792 1349 3932 1425 ⁴ἧκεν
3993 1357 4023 1406 ὁ

752 1442 899 1495 cnim
960 1444 1079 1509 ejus
1116 1452 1232 1496 erat
1290 1445 1611 1513 salutatio),
1674 1444 1967 1498 confestim
2028 1442 2321 1512 palpebras

2430 1438 2530 1507 τῆς
2578 1438 2940 1522 ἀποστολικῇ
2989 1440 3084 1492 καὶ
3135 1443 3509 1513 προσηγορίας
3565 1441 3864 1513 ἠξιωμένος
3920 1448 4020 1497 καὶ

750 1549 1026 1589 reserasse
1053 1533 1277 1599 dicitur,
1308 1547 1359 1591 et
1392 1537 1442 1589 in
1485 1538 1634 1589 illum
1672 1536 1791 1589 lixis
1818 1535 1992 1589 oculis
2017 1536 2319 1603 aspexisse,

2430 1526 2670 1597 χάριτος,
2732 1528 2845 1589 καὶ,
2904 1546 2922 1578 ι
2954 1530 3159 1598 Εἰρήνη
3212 1546 3317 1593 σοι,
3366 1533 3597 1596 τεκνίον,
3633 1553 3652 1584 ι
3710 1533 4020 1601 ἐφθέγξατο

748 1627 1259 1697 hencdictiouisquc
1321 1629 1561 1681 fructum
1615 1629 1949 1698 postulasse.
2024 1627 2318 1695 Postquam

2429 1622 2608 1691 (τοῦτο
2634 1623 2741 1695 γὰρ
2795 1618 2863 1693 ἦν
2901 1623 3052 1694 αὐτῷ
3086 1625 3425 1697 πρόσρημα),
3459 1627 3773 1696 παραυτίκα
3788 1627 4017 1693 λέγεται

750 1721 977 1774 ululavit
1011 1720 1334 1776 feminarum
1368 1721 1572 1776 chorus
1628 1720 1827 1791 (mista
1862 1721 2007 1774 enim
2040 1734 2162 1773 cum
2218 1718 2317 1772 do-

2427 1716 2523 1767 καὶ
2574 1715 2641 1767 τά
2678 1715 2925 1785 βλέφαρα
2985 1717 3308 1783 ἀναπτύξαι,
3356 1718 3450 1770 καὶ
3496 1718 3685 1780 ἀτενὲς
3713 1720 3793 1781 είς
3847 1719 4015 1771 αὐτὸν

748 1814 862 1866 lare
894 1812 1062 1865 animi
1098 1812 1281 1865 laetitia
1328 1814 1623 1867 clamorem
1657 1816 1674 1835 '
1705 1814 1857 1865 illum
1917 1818 2314 1881 expresserat),

2429 1808 2578 1869 ίδεῖν,
2640 1810 2732 1860 καὶ
2789 1810 2891 1878 τῆς
2944 1810 3193 1877 εὐλογίας
3240 1812 3332 1863 τὸν
3394 1811 3606 1881 καρπὸν
3658 1813 4010 1879 ἐπαγγεῖλαι.

744 1901 1003 1970 princ-cpit
1033 1902 1115 1954 vir
1146 1901 1366 1956 divinus
1394 1912 1447 1956 ut
1474 1910 1697 1955 orarent
1723 1917 1847 1955 cum
1883 1902 2003 1969 ipso
2022 1901 2310 1955 universae.
2347 1887 2388 1942 Β

2349 1887 2388 1942 Β
2430 1896 2517 1959 Ὠς
2550 1897 2606 1950 δὲ
2636 1897 2932 1963 ἀνολώλνξε
2974 1899 3082 1953 τῶν
3142 1901 3416 1967 γυναικῶν
3457 1904 3485 1953 ὁ
3531 1902 3710 1972 χορὸς,
3767 1902 4010 1971 (ἀθυμία

740 1994 831 2046 Sic
870 1996 1012 2047 enim
1045 1995 1277 2049 salutem
1315 1996 1591 2063 recepisse
1624 1995 1846 2050 dicebat
1881 1992 2193 2059 Tabitham,
2229 1992 2314 2046 vi-

2422 1988 2532 2059 γὰρ
2579 1986 2673 2039 καὶ
2708 1988 2942 2059 εὐθυμία
2980 1989 3123 2043 κατά
3154 1990 3352 2042 ταυτὸν
3397 1989 3757 2059 ἐκράθησαν),
3790 1992 3887 2043 καὶ
3908 1991 4010 2059 τὴν

741 2086 867 2141 duis
904 2085 1334 2156 lacrymantibus
1368 2094 1422 2139 et
1458 2099 1652 2155 magno
1710 2085 1874 2139 Petro
1929 2084 2146 2138 illarum
2205 2081 2313 2137 Deo

2422 2080 2548 2151 βοὴν
2594 2080 2808 2151 ἐκείνην
2853 2082 3199 2151 εἰργάσαντο,
3234 2083 3522 2152 παρεγγυᾷ
3559 2084 3588 2135 ὀ
3614 2084 3758 2145 θεῖος
3788 2082 4007 2152 ἀνθρω-

739 2177 1011 2246 lacrymas
1037 2175 1354 2231 offerentc‘.
1380 2178 1634 2240 Orarunt,
1660 2176 1996 2244 utjusserat,
2027 2182 2081 2228 et
2105 2174 2312 2243 adepta:

2419 2188 2520 2235 πος
2543 2172 2868 2241 κοινωνῆσαι
2904 2171 3052 2241 αὐτῷ
3093 2173 3195 2239 τῆς
3222 2174 3532 2243 προσευχῆς
3567 2164 3807 2237 ἁπάσας·
3861 2174 4008 2227 οὓτω

739 2275 945 2321 suntut
972 2268 1243 2337 praedixit.
1267 2266 1443 2321 Finita
1471 2269 1618 2322 enim
1660 2268 1929 2332 oratione,
1992 2267 2150 2321 finem
2172 2280 2309 2334 quo-

2416 2262 2527 2333 γὰρ
2576 2262 2727 2331 ἔλεγε
2759 2264 2854 2316 καὶ
2880 2264 2977 2333 τὴν
3018 2262 3257 2316 Ταὸίθαν
3302 2265 3403 2335 τῆς
3450 2266 3723 2335 σωτηρίας
3753 2284 3995 2337 τετυχη-

736 2376 842 2428 que
880 2361 1103 2415 morbus
1132 2360 1341 2429 accepit
1376 2378 1390 2417 :
1424 2360 1702 2429 sudorque
1736 2374 1861 2413 mox
1902 2358 2147 2427 undique
2179 2371 2308 2426 pro-

2415 2354 2593 2407 κέναι·
2625 2354 2735 2407 τῶν
2765 2356 2863 2425 μὲν
2912 2354 3096 2425 χηρῶν
3134 2356 3496 2426 ὀδυρομένων,
3527 2356 3623 2409 τοῦ
3651 2357 3709 2409 δὲ
3759 2359 4002 2428 μεγάλου

734 2450 911 2507 fluens
941 2451 1194 2506 ardorem
1228 2451 1381 2506 illum
1430 2452 1717 2517 exstinxit,
1752 2460 1805 2506 et
1831 2465 2134 2520 apparuere
2162 2448 2309 2504 indi-

2416 2446 2624 2515 Πέτρου
2655 2445 2725 2498 τὰ
2782 2446 3005 2499 ἐκείνων
3038 2447 3249 2520 δάκρυα
3293 2448 3695 2520 προσφέροντος
3747 2449 3828 2520 τῷ
3859 2452 4001 2521 Θεῷ.

738 2543 822 2597 cia
858 2544 1134 2599 sanitatis.
1164 2542 1288 2597 Haec
1330 2544 1539 2599 nostris
1566 2544 1731 2598 etiam
1780 2541 2117 2611 temporibus
2140 2541 2308 2594 mira-

2424 2540 2691 2592 Ὶκέτενον
2718 2538 2792 2604 ὼς
2808 2541 3081 2603 ἐκέλευσε,
3116 2543 3209 2594 καὶ
3233 2541 3538 2610 ἐλάμϐανον
3559 2542 3635 2606 ὠς
3671 2544 4000 2615 προείρηκε.

732 2634 856 2687 cula
886 2649 981 2703 per
1031 2632 1265 2688 famulos
1297 2650 1428 2689 suos
1458 2632 1587 2688 facit
1619 2632 1901 2688 Dominus.
1948 2630 2123 2701 Hujus
2169 2645 2307 2701 quo-

2412 2630 2577 2694 Τέλος
2607 2632 2713 2702 γὰρ
2754 2633 2850 2702 τῆς
2884 2632 3047 2704 εὐχῆς
3078 2633 3399 2705 δεξαμένης,
3448 2636 3601 2697 τέλος
3635 2637 3728 2689 καὶ
3777 2637 3811 2707 ή
3842 2638 4005 2701 νόσος

731 2740 859 2793 que,
895 2724 1038 2780 sicut
1071 2725 1376 2780 beatissimi
1409 2723 1584 2792 Pauli,
1618 2724 1942 2780 vestimenta
1994 2723 2305 2793 Operaban-

2411 2723 2647 2792 ἐδέχετο,
2683 2724 2777 2777 καὶ
2809 2723 2969 2793 ἱδρὼς
3012 2726 3277 2781 πάντοθεν
3320 2727 3581 2798 ἐξαίφνης
3617 2730 3791 2800 ερῤει,
3821 2732 4004 2784 καὶτὸ

730 2826 821 2871 tur
848 2822 873 2855 °'
909 2835 922 2871 :
984 2815 1128 2886 quod
1160 2817 1379 2887 quidem
1428 2832 1533 2871 non
1588 2816 2029 2887 exaggerationis
2070 2816 2304 2885 alicujus

2412 2815 2523 2885 πῦρ
2558 2817 2732 2867 ἐκεῖνο
2762 2816 3070 2882 ἐσϐέννυτο,
3101 2820 3196 2871 καὶ
3219 2820 3287 2872 τά
3316 2820 3417 2889 τῆς
3450 2821 3632 2889 ὐγείας
3675 2821 4006 2890 ἀνεφαίνετο

731 2909 915 2965 studio
971 2912 1153 2981 posui,
1188 2910 1283 2966 sed
1309 2910 1559 2965 veritatis
1591 2909 1765 2965 fretus
1796 2908 2139 2965 testimonio.
2167 2907 2301 2962 Nam

2410 2910 2630 2976 σημεῖα.
2661 2908 2899 2962 Τοιαῦτα
2929 2910 3023 2962 καὶ
3057 2912 3115 2962 ἐν
3163 2913 3276 2974 τοῖς
3305 2913 3594 2982 ἡμετέροις
3642 2914 3863 2984 χρόνοις
3909 2916 4000 2970 διά

730 3018 867 3057 zona
929 3018 1029 3059 sua
1082 3002 1337 3057 bifariam
1391 3000 1589 3067 divisa,
1645 3002 1756 3057 lata
1815 3003 2019 3072 quippe
2051 3009 2105 3054 et
2143 3000 2300 3069 longa

2408 2998 2518 3050 τῶν
2570 2998 2713 3051 ίδίων
2769 2999 2933 3052 αὐτοῦ
2978 3000 3332 3070 θεραπόντων
3374 3005 3403 3056 ό
3450 3006 3730 3074 Δεσπότης
3777 3006 3999 3077 θαυμα-

726 3104 865 3159 erat,
898 3109 1089 3149 crasso
1116 3109 1145 3148 e
1174 3094 1284 3147 lino
1306 3100 1585 3157 contexta,
1614 3103 1767 3163 parte
1794 3109 1899 3147 una
1926 3093 2146 3148 lumbos
2166 3110 2300 3149 suos

2406 3093 2645 3160 τουργεῖ.
2676 3088 2875 3143 Τούτου
2901 3090 2995 3143 καὶ
3045 3092 3073 3143 ὁ
3096 3092 3240 3161 χρὼς
3278 3093 3383 3145 τῶν
3414 3095 3643 3163 ίματίων
3672 3098 3717 3128 ¹⁰
3742 3096 3823 3166 τῷ
3852 3098 3999 3152 θειο-

724 3188 918 3249 cinxit,
984 3186 1153 3241 altera
1207 3200 1378 3241 meos.
1406 3184 1559 3240 Hanc
1615 3194 1790 3241 mater
1817 3186 2101 3257 :egrotanti
2163 3184 2299 3239 mihi
2337 3247 2373 3260 Α

2337 3247 2373 3260 Α
2407 3179 2555 3250 τάτῳ
2594 3178 2790 3249 Παύλῳ
2836 3180 3232 3251 παραπλησίως
3275 3185 3517 3254 ἐνήργευ
3556 3188 3649 3239 καὶ
3677 3187 3837 3242 τοῦτο
3893 3192 3997 3260 οὐχ

725 3295 867 3349 srepe
896 3247 1203 3348 imponens,
1244 3278 1455 3347 1195
1490 3294 1632 3346 saepe
1659 3279 1822 3332 etiam
1852 3247 2017 3348 patri,
2054 3279 2303 3332 morbum
2333 3247 2374 3303 (ἶ

2333 3247 2374 3303 (ἶ
2412 3247 2685 3340 ὑπερϐολῇ
2712 3247 2815 3324 τινι
2846 3247 3125 3342 χρῖῦμενος
3149 3247 3391 3339 τέθεικά,
3420 3247 3571 3329 ’ἀλλά
3601 3281 3700 3343 τὴν
3728 3247 3993 3351 ἀλήθειαζ

724 3368 949 3437 depulit,
998 3368 1295 3435 eodemque
1331 3368 1395 3421 ad
1428 3367 1712 3421 sanitatem
1736 3366 1850 3436 ipsa
1879 3367 2039 3421 etiam
2069 3380 2306 3435 persaepe

2413 3362 2878 3431 συνομολογοῦσαν
2934 3365 3091 3435 ἔχων.
3124 3367 3235 3437 Τὴν
3265 3369 3373 3439 γὰρ
3404 3371 3607 3423 οἰκείαν
3659 3371 3837 3443 ζώνην
3866 3374 3992 3444 διχῆ

726 3477 823 3517 usa
878 3468 961 3515 est
1020 3460 1281 3515 remedio.
1347 3458 1450 3513 Sed
1480 3467 1534 3513 et
1577 3459 1881 3513 amicorum
1914 3459 2171 3528 permulti
2202 3458 2302 3512 hoc

2409 3455 2590 3524 τεμὼν
2623 3455 2871 3523 (πλατεῖα
2904 3456 2956 3509 δὲ
2984 3452 3052 3528 ἦν
3091 3459 3183 3511 καὶ
3230 3460 3437 3532 μακρὰ,
3470 3462 3577 3515 ἀπὸ
3611 3462 3754 3517 λίνου
3782 3465 3993 3534 παχέος

723 3552 982 3615 scientes,
1012 3564 1205 3603 zonam
1236 3549 1305 3602 ad
1354 3564 1531 3617 aegros
1564 3549 1932 3603 sublevandos
1995 3548 2293 3603 identidem

2408 3548 2803 3617 πεπλεγμένη),
2849 3548 2926 3618 τῷ
2992 3551 3087 3617 μὲν
3137 3552 3325 3620 ἡμίσει
3374 3555 3577 3622 ταύτης
3626 3554 3725 3624 τὴν
3776 3557 3990 3611 οίκείαν

722 3644 1081 3712 accipiebant,
1117 3650 1169 3697 et
1217 3644 1403 3713 gratia:
1433 3642 1580 3695 illius
1614 3643 1717 3693 vim
1748 3641 1948 3710 ubique
1966 3639 2297 3695 declarabat.

2405 3638 2595 3706 ὀσφὺν,
2655 3639 2731 3709 τῷ
2788 3640 2959 3709 ἑτέρῳ
3005 3640 3060 3693 δέ
3107 3640 3330 3705 διέξωσε
3393 3644 3491 3713 τὴν
3539 3646 3699 3714 ἐμήν.
3762 3646 3986 3718 Ταύτην

721 3738 840 3801 Quo
875 3736 1019 3789 illam
1053 3734 1217 3787 modo
1247 3749 1371 3787 cum
1404 3732 1627 3803 quidam
1680 3732 2032 3796 obtinuisset,
2073 3746 2169 3787 eos
2201 3732 2293 3800 qui

2401 3731 2663 3793 πολλάκις
2696 3734 2792 3800 μὲν
2822 3732 2945 3802 ἐμοὶ
2979 3732 3224 3786 νοσοῦντι
3268 3735 3516 3788 ἐπιθεῖσα
3546 3737 3580 3803 ἡ
3616 3738 3821 3807 μήτηρ,
3847 3741 3984 3792 πολ-

721 3826 983 3881 dcderant
1010 3827 1259 3895 ingratus
1289 3840 1417 3894 erga
1468 3822 1741 3877 beneficos
1774 3822 1865 3875 illa
1901 3823 2173 3891 privavit:
2212 3830 2294 3875 at—

2396 3820 2553 3883 λάκις
2582 3820 2638 3872 δὲ
2676 3819 2755 3889 τῷ
2782 3821 2968 3887 πατρὶ,
2995 3820 3093 3891 τὴν
3132 3822 3285 3875 νόσον
3315 3823 3586 3893 ἀπήλασε·
3611 3825 3702 3876 καὶ
3749 3825 3892 3895 αὐτὴ
3926 3827 3984 3879 δὲ

602 3938 609 3946 ι
720 3932 827 3985 que
870 3916 946 3968 ita
973 3929 1074 3970 nos
1104 3915 1245 3968 dono
1274 3914 1381 3968 isto
1406 3914 1625 3984 spoliati
1652 3928 1865 3968 sumus.
1907 3912 1999 3967 Sic
2036 3914 2127 3968 ille
2154 3929 2263 3969 cun

2398 3910 2575 3980 τούτῳ
2600 3909 2678 3979 τῷ
2710 3911 2986 3981 φαρμάκῳ
3026 3911 3162 3981 πρὸς
3205 3910 3392 3978 ὑγείαν
3441 3914 3728 3983 ἐχρήσατο.
3787 3914 3983 3967 Πολλοὶ

719 4006 1172 4076 resplenduisset,
1203 4013 1256 4059 et
1290 4004 1633 4059 Antiochiam
1657 4006 1825 4059 radiis
1861 4005 1976 4059 suis
2012 4005 2290 4061 illustras-

2392 4001 2446 4054 δὲ
2469 4000 2564 4054 καὶ
2588 4001 2695 4053 τῶν
2719 4000 3011 4071 γνωρίμων
3050 4002 3207 4054 τοῦτο
3231 4003 3610 4073 μεμαθηκότες
3627 4006 3878 4073 συνεχῶς
3903 4010 3983 4069 εἰς

720 4108 823 4159 set,
887 4098 1247 4152 certaminum
1303 4099 1462 4151 tinem
1510 4105 1704 4151 nactus
1746 4105 1850 4159 est,
1887 4097 2178 4165 repositam
2211 4096 2290 4150 vi-

2396 4093 2714 4162 ὲπικουρίαν
2731 4092 2839 4145 τῶν
2865 4092 3164 4146 νοσούντων
3208 4094 3305 4164 τὴν
3336 4093 3511 4165 ζώνην
3530 4095 3856 4166 ἐλάμϐανονο
3886 4098 3981 4149 καὶ

718 4190 904 4243 ctorize
934 4204 1191 4243 coronam
1226 4196 1574 4258 exspectans.
1612 4187 1724 4257 Ego
1776 4203 1905 4242 vero
1935 4202 2099 4257 quam
2129 4188 2196 4242 ah
2225 4203 2290 4243 eo

2399 4168 2676 4255 πανταχοῦ
2701 4186 2797 4255 τῆς
2820 4187 3027 4238 ἐκείνου
3064 4185 3282 4257 χάριτος
3301 4187 3544 4241 ἐδίδασκε
3558 4188 3654 4258 τὴν
3672 4189 3978 4260 ἐνέργειαν.

717 4278 1156 4334 benedictionem
1176 4280 1303 4333 dum
1328 4292 1608 4348 superstes
1626 4286 1771 4333 esset
1786 4286 2118 4333 consecutus
2142 4294 2289 4345 sum,

2398 4275 2554 4331 Οὕτω
2584 4295 2664 4342 τις
2704 4278 2874 4347 αὐτὴν
2921 4277 3102 4331 λαϐὼν
3142 4280 3269 4342 τοὺς
3311 4279 3615 4343 δεδωκότας
3655 4282 3978 4352 ἐστέρησεν,

715 4370 903 4423 eadem
937 4379 995 4422 ut
1039 4384 1185 4422 nunc
1219 4370 1382 4422 etiam
1424 4368 1528 4420 frui
1590 4368 1750 4421 liceat
1788 4368 2108 4431 obsecrans,
2166 4369 2293 4423 huic

2400 4369 2670 4438 ἀγνώμων
2729 4371 2858 4441 περὶ
2911 4371 3037 4434 τοὺς
3084 4372 3378 4442 εὐεργέτας
3425 4375 3735 4442 γενόμενος·
3787 4374 3982 4427 τοῦτον

714 4474 933 4528 quoque
963 4459 1259 4511 narrationi
1296 4460 1456 4511 linem
1494 4460 1790 4527 imponam.

2393 4461 2483 4513 τὸν
2542 4465 2741 4531 τρόπον
2815 4463 3027 4532 ἐκείνης
3088 4463 3187 4532 τῆς
3248 4463 3457 4531 δωρεᾶς
3552 4464 3976 4535 ἐγυμνώθημεν.

715 4549 872 4603 Οὕτω
933 4550 1177 4620 λάμψας,
1250 4551 1341 4602 καὶ
1379 4548 1476 4618 τὴν
1524 4549 1796 4619 Ἀντιόχου
1847 4552 1963 4612 ταῖς
2000 4551 2181 4602 ἀκτῖσι
2207 4550 2471 4619 φωτίσας,
2505 4552 2610 4618 ἔξω
2636 4552 2741 4603 τῶν
2776 4552 3004 4621 ἀγώνιον
3034 4554 3272 4621 ἐγένετο,
3297 4555 3387 4607 τὸν
3444 4555 3805 4625 ἀποκείμενον
3855 4561 3974 4620 τοῖς

711 4644 1025 4715 νικηφόροις
1071 4645 1332 4713 στέφανον
1355 4645 1661 4713 ἀναμένων.
1720 4644 1860 4713 Ἐγὼ
1912 4646 1969 4699 δὲ
2013 4641 2081 4717 ἧς
2132 4648 2415 4717 περιόντος
2459 4649 2751 4719 ἀπήλαυσα
2793 4649 3066 4715 εὐλογίας,
3113 4650 3316 4721 ταύτης
3380 4652 3474 4704 καὶ
3512 4651 3607 4705 νῦν
3666 4653 3980 4709 ἀπολαῦσαι

713 4739 1125 4803 καθικετεύσας,
1158 4740 1329 4810 πέρας
1358 4740 1605 4810 ἐπιθήσω
1679 4740 1772 4792 καὶ⁵
1816 4739 1949 4809 τῷδε
2001 4741 2077 4808 τῷ
2151 4730 2467 4813 διηγήματι.

1175 4830 1245 4883 x.
1282 4861 1346 4871 —
1390 4828 1851 4885 TlIEODOSlUS.
2323 4840 2368 4895 ι)

1806 4829 1851 4881 ἦ.
2323 4840 2368 4895 ι)
2886 4837 2943 4888 1’.
2977 4865 3045 4875 -
3082 4835 3467 4890 ΘΕΟΔΟΣΙΟΣ.

783 4917 1001 4973 Rhosus
1034 4917 1266 4973 Cilicum
1297 4919 1427 4972 urbs
1483 4927 1585 4981 est,
1642 4920 1708 4972 ad
1766 4921 2011 4976 dextram
2077 4924 2141 4979 iis
2192 4924 2281 4993 qui

2468 4925 2669 4988 Ῥὦσὸς
2687 4927 2801 4978 ἐστι
2835 4926 3127 4979 Κιλίκισσα
3154 4926 3329 4994 πόλις,
3375 4929 3432 4979 ἐν
3463 4929 3612 5000 δεξιᾲ
3657 4930 3971 4985 εἰσπλέοντι

710 5010 918 5065 Cilicia:
965 5010 1143 5064 sinum
1194 5008 1596 5078 ingrediuntur.
1644 5009 1820 5079 Hujus
1871 5012 1936 5065 ad
1995 5022 2171 5066 ortmn
2228 5021 2281 5067 et

2385 5014 2474 5067 τὸν
2504 5015 2746 5068 Κιλίκιον
2790 5016 2988 5069 κόλπον
3015 5019 3078 5070 ¹¹.
3106 5016 3320 5086 Ταύτης
3346 5020 3482 5088 πρὸς
3507 5020 3581 5073 ἔω
3611 5022 3708 5073 καὶ
3754 5040 3971 5093 μεσημ-

712 5100 991 5155 meridiem
1016 5114 1170 5155 mons
1199 5108 1282 5155 est
1320 5100 1485 5165 altus,
1528 5102 1804 5169 Spatiosus
1878 5110 1931 5156 et
1964 5104 2280 5169 umbrosus,

2387 5106 2568 5177 ὁρίαν,
2598 5109 2721 5178 ὅρος
2743 5109 2893 5161 ἐστὶν
2913 5108 3483 5180 ὐψηλὸν,ἀμφιλαφές,
3515 5113 3609 5165 καὶ
3643 5114 3966 5168 κατάσκιον·

711 5190 801 5257 qui
827 5198 879 5243 et
910 5188 1051 5244 feras
1082 5204 1296 5258 quoque
1338 5198 1578 5259 agrestes
1606 5192 1660 5245 in
1709 5193 1861 5248 silvis
1917 5194 2031 5248 alit.
2088 5195 2147 5248 In
2181 5195 2281 5248 hoc

2384 5200 2574 5269 τρέφει
2603 5201 2659 5253 δὲ
2712 5202 2803 5253 καὶ
2828 5202 2998 5272 θῆρας
3047 5203 3104 5254 ἐν
3136 5205 3257 5265 ταῖς
3302 5203 3535 5272 λόχμαις
3580 5206 3834 5275 ἀγρίους.
3881 5208 3970 5260 Ἐν

712 5280 908 5340 saltum
942 5279 1229 5349 quemdam
1254 5280 1318 5333 ad
1355 5296 1504 5335 mare
1563 5291 1872 5352 vergentem
1907 5293 2123 5351 nactus,
2166 5301 2277 5338 ma-

2385 5291 2561 5361 τούτῳ
2580 5294 2757 5362 νάπην
2784 5293 2957 5364 εὑρών
2996 5311 3135 5357 τινα,
3180 5296 3317 5365 πρὸς
3343 5295 3615 5349 θάλασσαν
3638 5297 3969 5351 ἀποκλίνου-

711 5387 849 5441 gnus
916 5374 1409 5442 celeberrimusque
1487 5372 1832 5431 Theodosius
1869 5415 1881 5439 ,
1936 5392 2100 5447 parva
2175 5380 2278 5434 sibi

2391 5399 2508 5445 σαν,
2550 5384 2577 5435 ὁ
2618 5382 2790 5453 μέγας
2830 5384 2923 5436 καὶ
2954 5382 3389 5455 πολυθρύλλητος
3426 5386 3728 5451 Θεοδόσιος,
3760 5386 3966 5457 βραχᾶν

778 5550 803 5588 ἀ
826 5548 943 5605 Act.
965 5565 1039 5614 Ix,
1064 5550 1151 5605 40.
1230 5560 1249 5581 '
1280 5551 1399 5605 Act.
1424 5566 1538 5615 ns,
1571 5551 1653 5605 l2.

1973 5666 2201 5722 VARl/E
2250 5668 2627 5729 LECTIUNES

709 5829 723 5881 ι
779 5759 823 5849 ςο
851 5760 934 5839 _An
964 5759 1247 5831 legendum
1282 5762 1405 5817 ιδιά
1438 5763 1543 5815 τῶν
1583 5761 1831 5834 ἱματίων,
1857 5779 1910 5832 q,
1944 5763 1999 5818 d.
2035 5781 2232 5835 corpus
2264 5781 2308 5820 s.
2354 5781 2370 5819 ι

727 5845 976 5881 nmmsse.

2299 5806 2308 5820 .
2354 5767 2492 5821 cutis
2522 5784 2604 5836 [th
2657 5771 2872 5825 vestes?
2986 5773 3026 5802 “
3086 5772 3279 5825 πόντον
3324 5772 3538 5829 videtur
3570 5773 3791 5829 llcrreti
3821 5774 3960 5829 liber

727 5845 976 5884 ιιιυωεεε.
