4206 6456
754 365 876 428 i391

1735 361 2222 420 TIIEUDORETI
2249 362 2583 424 EPISCOPI
2617 367 2981 428 CYRENSIS

3867 375 4016 438 i392

745 477 1292 548 bostesqunquereii
1327 483 1377 528 ct
1427 473 1694 526 immanes
1749 475 1966 528 reveriti
2031 482 2179 537 sunt,
2233 476 2322 544 qui

2430 495 2596 532 νοιαν.
2651 480 2978 534 Ἐπεσκόπει
3029 482 3083 534 δὲ
3121 482 3278 544 αὐτὸς
3329 483 3542 537 ἅπαντα
3566 486 4012 555 διερευνώμενος,

741 568 1252 642 magnantOrientis
1277 576 1486 637 partem
1515 566 1760 634 ροιιιιιιιιὶ
1793 576 1939 627 Sunt,
1970 570 2328 636 captivosque

743 663 1104 716 abduxerunt.
1138 658 1453 724 Quis_enim
1486 672 1677 710 eorum
1715 659 1807 726 qui
1845 659 1943 711 has
1993 667 2168 712 terras
2223 674 2325 710 uo.

743 765 888 807 stras
927 752 1189 810 incolunt,
1228 759 1531 818 temporum
1565 749 1780 801 illorum
1822 748 2160 820 calamitates
2217 767 2326 804 non

744 847 974 906 audivit,
1009 844 1077 898 ab
1137 843 1204 896 iis
1241 842 1509 915 invectas,
1565 840 1656 910 qui
1718 839 1848 894 olim
1909 839 2135 908 Solymi,
2183 857 2328 895 nunc

745 939 915 991 Isauri
951 926 1338 1006 nuncupantur
1365 935 1388 986 ἲ
1413 934 1515 987 Sed
1542 933 1618 987 illi
1645 942 1856 995 tamen,
1908 934 2018 1002 qui
2056 948 2157 987 nec
2203 935 2325 988 urbi

745 1029 862 1091 ulli,
892 1044 993 1082 nec
1044 1028 1165 1082 vico
1196 1033 1571 1096 pepercerant,
1618 1025 1734 1088 sed,
1797 1032 2064 1093 quotquot
2131 1040 2328 1093 capere

745 1121 1235 1188 lii-uit,diGCtioni
1275 1118 1618 1188 ﬂammisque
1668 1116 2025 1175 tradiderant,
2077 1116 2326 1186 philuso-

743 1213 921 1280 phiam
962 1213 1119 1264 istaut
1152 1210 1371 1264 reveriti
1423 1218 1570 1270 sunt,
1611 1219 1662 1261 et
1697 1222 1890 1275 panem
1945 1215 2154 1260 tantum
2223 1223 2324 1277 po-

739 1317 977 1364 scentes.
1023 1316 1076 1358 ct
1121 1313 1176 1357 ut
1213 1320 1311 1372 pro
1351 1318 1407 1355 se
1438 1310 1661 1356 orarent
1714 1302 2025 1363 iunuentes,
2061 1301 2324 1354 intactum

739 1400 869 1453 illud
913 1397 1326 1461 monasterium,
1366 1398 1583 1466 1198
1609 1412 1714 1449 non
1755 1396 1944 1459 semel,
2005 1395 2099 1448 sed
2127 1395 2322 1448 iterum

737 1492 1098 1561 reliquerunt.
1130 1491 1384 1543 Attamen
1418 1491 1576 1542 veriti
1621 1487 1989 1541 Ecclesiarutn
2024 1486 2324 1550 antistites,

738 1602 803 1638 ne
833 1583 1084 1638 diabolus
1113 1585 1354 1652 pecunia:
1376 1580 1729 1648 cupiditatem
1764 1577 2013 1632 barbaris
2048 1577 2322 1645 injiciens,

737 1682 930 1728 auctor
957 1683 1100 1729 esset
1133 1683 1189 1726 ιιι
1225 1687 1482 1741 maguum
1529 1672 1711 1724 lumen
1749 1669 1882 1723 illud
1920 1670 2198 1738 captivum
2230 1670 2325 1719 ab-

735 1773 999 1826 ducerent
1034 1771 1051 1836 (
1080 1782 1175 1821 nec
1197 1769 1342 1818 enim
1381 1763 1607 1817 dubium
1656 1769 1794 1825 eral,
1826 1760 1958 1830 quin
2000 1760 2326 1828 redemptio-

2433 572 2478 622 εἰ
2522 563 2662 623 κατὰ
2694 572 2817 635 τοὺς
2872 575 3159 641 κειμένους
3193 574 3420 627 ἕκαστον
3463 576 3763 631 έπιτελοῖτο
3792 580 4009 648 νόμους.

2431 663 2584 713 Οὖτω
2613 662 2668 714 δὲ
2729 663 3162 734 πολυθρύλλητος
3190 666 3420 733 ἐγένετο,
3457 667 3532 731 ὡς
3561 668 3686 732 τοὺς
3729 670 4012 723 ναυτιλλο-

2431 753 2645 822 μένους,
2685 756 2779 807 xui
2811 755 3052 809 πλείοσιν
3087 757 3118 826 ἢ
3156 757 3346 825 χιλίοις
3396 759 3716 827 ἀφεστῶτας
3755 760 4012 823 σταδίοις,

2427 843 2516 896 τὸν
2549 844 2830 898 Θεοδοσίου
2867 846 3048 899 καλεῖν
3071 905 3076 909 η
3096 849 3152 900 ιν
3190 851 3302 911 τοῖς
3335 848 3598 914 κινδύνοις
3638 850 3791 913 Θεὸν,
3819 851 3918 915 xui
3946 855 4014 922 τῇ

2427 933 2705 988 Θεοδοσίου
2762 938 3102 1008 προσηγορία
3153 940 3569 1009 κατακοιμίζειν
3605 942 3701 1009 τῆς
3733 942 4016 1010 θαλάσσης

2425 1029 2525 1096 τὴν
2559 1028 2748 1098 ζάλην.
2793 1028 2994 1082 Τοῦτον
3024 1029 3327 1101 ᾐδέσθησαν
3352 1033 3446 1084 xui
3478 1033 3726 1102 πολέμιοι
3785 1033 4016 1104 θρασεῖς

2427 1119 2517 1170 xui
2571 1120 2858 1190 ἀνήμεροι,
2883 1122 2933 1170 οί
2965 1123 3063 1189 τῆς
3089 1120 3162 1172 ἓω
3195 1121 3254 1172 τὸ
3301 1121 3553 1174 πλεῖστον
3587 1121 3909 1193 ληϊσάμενοί
3957 1142 4015 1178 τε

2427 1209 2522 1261 καὶ
2550 1208 3156 1279 ἐξανδραποδισάμενοι.
3197 1210 3292 1274 Τίς
3327 1213 3436 1281 γάρ
3469 1212 3575 1266 τών
3596 1215 3692 1284 τὴν
3717 1216 3841 1268 καθ’
3865 1219 4016 1286 miti;

2425 1299 2753 1369 οἰκουμένην
2791 1302 3084 1354 οἰκούντων
3125 1301 3358 1371 ἀνήκοος
3389 1303 3497 1354 τῶν
3529 1306 3649 1356 κατ’
3677 1307 3886 1358 ἐκεῖνον
3913 1309 4008 1358 τὸν

2428 1391 2614 1462 καιρὸν
2677 1391 3102 1462 συμϐεδηκότων
3164 1393 3380 1460 κακῶν,
3423 1395 3528 1448 ὑπὸ
3571 1397 3679 1448 τῶν
3715 1397 3883 1451 πάλαι
3910 1399 4014 1467 μὲν

2426 1485 2702 1554 Σολύμων,
2723 1486 2839 1537 νυνὶ
2862 1485 2917 1537 δὲ
2937 1484 3193 1559 ἰσαύρων
3218 1485 3633 1558 ὀνομαζομένων
3656 1507 3668 1554 ;
3701 1490 3845 1542 Ἀλλ’
3862 1492 4012 1559 ὅμως

2428 1577 2503 1646 μὴ
2529 1577 2755 1641 πόλεως,
2796 1578 2870 1646 μὴ
2903 1577 3095 1648 κώμης
3116 1580 3313 1631 ὲκεῖνοι
3336 1580 3676 1650 φεισάμενοι,
3725 1582 3842 1635 ἀλλ’
3870 1583 4014 1636 άπά-

2426 1685 2524 1729 σας
2551 1667 2681 1730 ὅσας
2711 1666 2848 1719 ἑλεῖν
2871 1667 3212 1737 ἠδυνήθησαν
3228 1669 3546 1740 ληϊσάμενοι
3564 1672 3658 1724 καὶ
3675 1653 3808 1741 πυρί
3833 1689 4014 1742 παρα-

2423 1757 2625 1821 δόντες,
2659 1756 2874 1826 εκείνην
2892 1757 2989 1827 τὴν
3013 1758 3330 1828 φιλοσοφίαν
3343 1761 3666 1831 ᾐδέσθησαν,
3697 1762 3791 1815 xui
3811 1764 4012 1832 ἄρτους

735 1860 820 1917 nis
880 1863 1110 1933 pretium
1177 1875 1274 1928 pro
1333 1873 1400 1911 eo
1474 1856 1874 1924 amplissimum
1936 1853 2043 1905 illis
2099 1851 2320 1905 missuri

2429 1849 2623 1918 μόνους
2655 1850 3004 1917 αἰτήσαντες,
3041 1851 3135 1903 xui
3167 1853 3332 1920 εὐχὰς
3371 1853 3820 1921 ἐπαγγείλαντες,
3864 1853 4010 1906 ait»

733 1964 1129 2008 essentomnes
1159 1951 1250 2018 qui
1283 1964 1368 2002 res
1423 1947 1638 2000 divinas
1693 1944 1892 1998 habent
1939 1944 1990 1996 in
2052 1941 2320 2010 pretio),

734 2049 953 2101 hortatu
985 2059 1086 2099 suo
1114 2048 1506 2114 persuaserunt
1555 2049 1613 2093 ut
1673 2053 1731 2092 se
1792 2037 2070 2092 conferret
2131 2036 2323 2090 Antio-

734 2138 934 2192 chiam.
971 2133 1089 2189 Jam
1122 2134 1267 2187 enim
1299 2131 1548 2201 captivos
1579 2139 1805 2198 egerant
1857 2127 1997 2181 duos
2043 2126 2322 2180 Ecclesia-

733 2243 854 2282 rum
902 2226 1181 2297 praesules,
1215 2232 1268 2276 et
1311 2221 1460 2275 omni
1488 2221 1708 2289 quidem
1743 2219 1868 2274 illos
1906 2216 2082 2272 oﬂicio
2130 2216 2318 2270 colue-

741 2331 885 2382 rant,
943 2318 1038 2372 sed
1090 2313 1506 2385 quatuordeeitn
1560 2326 1854 2366 aureorum
1925 2325 2025 2379 pro
2082 2319 2317 2378 utroque

733 2413 976 2466 millibus
1009 2410 1250 2478 acceptis
1304 2409 1386 2460 ita
1449 2406 1664 2458 demum
1718 2402 1893 2456 redire
1953 2416 2062 2470 quo
2114 2401 2317 2454 vellent

733 2505 1116 2573 permiseram.
1153 2499 1494 2554 Antiochiam
1520 2512 1652 2566 ergo
1685 2509 1808 2548 cum
1842 2494 2102 2558 venisset,
2154 2492 2314 2548 habi-

733 2596 866 2650 tavit
897 2597 948 2649 in
973 2592 1276 2648 diversorio
1313 2589 1518 2644 ﬂumini
1564 2589 1764 2652 vicino,
1805 2601 2106 2657 omnesque
2143 2585 2209 2639 ad
2256 2600 2315 2640 se

731 2687 1016 2757 pertraxit,
1050 2686 1142 2755 qui
1177 2685 1306 2737 talia
1341 2683 1632 2750 decerpere
1666 2689 1951 2733 noverunt.

2425 1940 2590 2010 6ητον
2627 1941 2688 1991 τὸ
2747 1940 3042 2009 ἀσκητικὸν
3092 1941 3270 1994 ἐκεῖνο
3319 1944 3609 1997 κατέλιπον
3636 1947 4009 2014 καταγώγιον,

2426 2031 2520 2082 καὶ
2553 2029 2710 2082 τοῦτο
2738 2032 2836 2099 οὐχ
2871 2030 3038 2095 ἅπαξ,
3071 2033 3206 2084 ἀλλὰ
3259 2035 3352 2087 xui
3386 2035 3465 2098 δὶς
3506 2038 3861 2107 πεποιήκασι.
3893 2040 4011 2090 Δεί-

2426 2137 2618 2184 σαντες
2658 2121 2700 2173 δ¹
2750 2122 2898 2191 ὅμως
2938 2123 3045 2174 τῶν
3095 2125 3432 2195 Ἐκκλησιῶν
3491 2129 3536 2179 οἱ
3595 2129 3869 2198 πρόεδροι,
3934 2131 4008 2199 μὴ

2426 2213 2725 2282 χρημάτων
2770 2213 2949 2284 ἔρωτα
2990 2218 3100 2277 τοῖς
3153 2215 3450 2287 βαρϐάροις
3489 2220 3517 2271 ὁ
3553 2219 3796 2282 διάϐολος
3835 2221 4010 2289 susu—

2425 2304 2552 2369 λὼν,
2585 2304 2924 2376 δορυάλωτον
2961 2307 3218 2374 γενέσθαι
3270 2313 3666 2382 παρασκευάσῃ
3705 2311 3794 2363 τὸν
3831 2312 4011 2381 μέγαν

2423 2401 2626 2451 ἐκεῖνον
2681 2400 2945 2469 φωστῆρα
2970 2414 2982 2426 '
3057 2401 3154 2453 xui
3189 2400 3297 2471 γὰρ
3352 2398 3418 2473 ἦν
3461 2404 3607 2466 είκδς
3637 2404 3810 2474 λύτρα
3842 2407 4014 2475 πάμ-

2426 2490 2599 2543 πολλα
2622 2490 2963 2560 πανταχόθεν
2991 2492 3130 2563 ὑπὲρ
3164 2493 3330 2546 αὑτοῦ
3364 2494 3513 2565 παρὰ
3540 2494 3760 2549 πάντων
3794 2496 3910 2549 τῶν
3941 2498 4010 2559 τά

2423 2583 2541 2636 θεῖα
2577 2583 2864 2653 τιμώντων
2885 2585 3301 2655 πεμφθήσεσθαι
3334 2589 3514 2649 αὐτοῖς
3540 2605 3554 2617 ο
3584 2589 4011 2659 παρακαλέσαν-

2421 2693 2511 2738 τες
2541 2675 2784 2730 πείθουσι
2809 2677 2906 2746 τὴν
2944 2677 3272 2747 Ἀντιόχειαν
3329 2679 3680 2733 καταλαϐεῖν.
3719 2682 3858 2750 Ἤδη
3901 2682 4014 2751 γὰρ

730 2781 824 2833 δύο
855 2779 964 2832 τῶν
998 2777 1332 2847 Ἐκκλησιῶν
1369 2776 1659 2846 προέδρους
1687 2771 2066 2843 αἰχμαλώτους
2123 2771 2395 2838 εἰλήφασι,
2438 2768 2530 2820 xui
2553 2767 2846 2836 θεραπείας
2864 2769 2960 2837 μὲν
2993 2770 3206 2838 ἁπάσης
3241 2771 3496 2840 ἠξίωσαν.
3530 2773 4014 2842 Τετρακισχιλίους

731 2877 902 2930 δὲκαὶ
939 2877 1163 2946 μυρίους
1195 2875 1334 2944 ὑπὲρ
1379 2873 1704 2942 ἀμφοτέρων
1736 2871 2018 2939 δεξάμενοι
2053 2865 2307 2937 χρυσοῦς,
2349 2864 2523 2926 οὕτως
2549 2863 2857 2933 ἐπέτρεψαν
2880 2865 3197 2918 ἐπανελθεῖν
3225 2868 3347 2918 ὅποι
3415 2867 3709 2936 βούλοιντο.
3787 2871 4013 2941 Ἐπειδὴ

731 2973 787 3024 δὲ
819 2974 898 3034 είς
932 2971 1030 3040 τὴν
1073 2969 1408 3038 Ἀντιόχειαν
1471 2968 1719 3032 ἀφίκετο,
1755 2965 1940 3034 ᾠκησε
2003 2964 2104 3033 μὲν
2136 2964 2479 3030 καταγώγιον
2532 2961 2608 3030 τῷ
2660 2960 2890 3030 ποταμῷ
2950 2962 3386 3032 παρακείμενον·
3457 2964 3664 3027 πάντας
3736 2966 3792 3018 δὲ
3870 2969 4012 3033 πρὸς

733 3069 923 3122 ἑαυτὸν
957 3067 1170 3120 εἵλκυσε
1204 3068 1327 3129 τοὺς
1385 3066 1450 3117 τὰ
1491 3063 1713 3117 τοιαῦτα
1760 3063 1967 3134 τρυγᾷν
2005 3061 2424 3130 ἐπισταμένους.

803 3165 1070 3218 Caeterum
1100 3161 1367 3216 orationis
1394 3176 1560 3213 cursu
1605 3161 1865 3230 abreptus
1910 3157 2236 3210 miraculum
2286 3170 2315 3208 a

733 3257 920 3309 divino
969 3255 1087 3307 viro
1147 3252 1349 3306 iactum
1399 3251 1743 3320 praatermisi,
1790 3249 1933 3321 quod
1995 3248 2317 3302 incredibile

733 3349 971 3404 fortasse
993 3345 1177 3398 multis
1205 3343 1502 3404 videbitur,
1527 3343 1621 3396 sed
1653 3351 1834 3395 manet
1858 3341 2125 3396 hactenus
2152 3340 2312 3394 [idem
2345 3374 2386 3430 ϐ

733 3437 1035 3492 narrationi
1091 3448 1369 3497 asserens,
1411 3433 1724 3502 decensque
1771 3433 1984 3503 qualem
2040 3433 2129 3486 ille
2173 3431 2315 3500 apud

735 3529 901 3583 Deum
926 3526 1157 3596 gratiam
1181 3525 1546 3592 ﬁduciamque
1565 3524 1858 3576 obtineret.
1905 3521 2079 3590 Supra
2125 3537 2319 3574 mona-

735 3623 962 3675 steriutn
999 3622 1064 3670 ah
1100 3632 1163 3670 eo
1212 3615 1494 3670 conditum
1549 3622 1823 3685 przerupta
1877 3629 2041 3682 rupes
2091 3614 2315 3675 eminet,

736 3714 884 3765 arida
910 3718 1091 3762 autem
1136 3708 1223 3760 illa
1284 3707 1414 3760 olim
1484 3720 1708 3773 prorsus
1765 3713 1903 3767 erat,
1962 3716 2014 3758 et
2072 3703 2318 3757 humoris

733 3817 947 3872 expers.
979 3799 1034 3852 In
1069 3800 1170 3852 hoc
1218 3799 1306 3852 ille
1369 3798 1806 3866 aquaeductuma
1851 3797 2056 3850 vertice
2092 3796 2157 3849 ad
2204 3811 2319 3848 mo-

735 3892 1035 3946 u'tsterium
1068 3904 1242 3958 usque
1265 3887 1594 3953 designavit,
1626 3887 1785 3956 quasi
1812 3902 2075 3956 aquarum
2111 3885 2316 3937 ﬂuxum

732 3985 952 4038 haberet
982 3984 1035 4036 in
1082 3999 1178 4036 sua
1241 3989 1527 4051 potestate.
1579 3979 1779 4034 Plenus
1833 3995 1962 4048 ergo
2011 3978 2222 4032 ﬁduciae
2263 3978 2316 4030 in

731 4075 924 4139 Deum,
984 4081 1297 4140 certusque,
1333 4079 1390 4124 ut
1421 4078 1679 4139 apparet,
1712 4069 2004 4139 propitium
2041 4069 2144 4122 sibi
2197 4082 2319 4121 esse

732 4166 1045 4230 Dominum,
1083 4173 1134 4219 et
1169 4164 1326 4218 ﬁdem
1367 4179 1560 4233 gerens
1605 4161 1957 4230 intrepidam,
2001 4170 2165 4215 noctu
2207 4160 2319 4214 evi-

735 4260 909 4327 gilans
952 4258 1016 4310 ad
1066 4271 1342 4311 summum
1411 4255 1794 4324 aqu-eductum
1839 4252 2107 4314 ascendit,
2142 4253 2319 4321 prius-

733 4367 897 4420 quam
944 4349 1160 4404 sodales
1215 4355 1280 4402 ad
1336 4358 1628 4402 consuetas
1698 4360 1888 4414 preces
1933 4353 2315 4414 exsurgerent.

735 4443 1014 4510 Deumque
1046 4441 1278 4510 supplex
1333 4454 1520 4502 orans,
1555 4448 1608 4492 et
1637 4438 1710 4490 illi
1742 4436 2024 4491 conlidens
2059 4437 2151 4505 qui
2191 4435 2320 4489 facit

729 4535 1059 4587 voluntatem
1081 4531 1608 4600 titttetttititti1199
1625 4531 1823 4598 ipsum,
1847 4546 2031 4598 rupem
2053 4531 2198 4598 virga
2215 4543 2318 4597 qua

731 4625 1073 4678 innitebatur
1136 4623 1431 4691 percussit,
1472 4631 1525 4675 et
1562 4621 1652 4673 illa
1682 4636 1806 4673 mox
1839 4619 2318 4687 diruptalluminis

2505 3157 2642 3209 ’Υπὸ
2675 3156 2729 3209 δὲ
2763 3156 2859 3224 τῆς
2895 3155 2988 3208 τοῦ
3029 3155 3186 3224 λόγου
3233 3157 3411 3227 ῥύμης
3442 3157 3753 3228 ἑλκόμενος,
3776 3161 4010 3232 παρῆκα

2422 3249 2784 3320 διηγήσασθαι
2812 3248 3016 3318 θαῦμα,
3049 3249 3152 3301 ὑπὸ
3190 3250 3284 3302 τοῦ
3317 3250 3603 3304 θεσπεσίου
3632 3251 3823 3306 τούτου
3851 3257 4010 3322 γενό-

2426 3337 2605 3412 μενον.
2635 3345 2699 3394 Ὃ
2719 3342 2861 3409 τάχα
2900 3345 3012 3404 τοῖς
3048 3341 3264 3404 πολλοῖς
3290 3343 3385 3396 καὶ
3409 3343 3639 3396 ἄπιστον
3670 3340 3809 3397 εἶναι
3839 3345 4008 3413 δόξει,

2420 3435 2663 3504 διαμένει
2689 3435 2960 3501 -μέντοιγε
3011 3434 3322 3505 μαρτυροῦν
3385 3435 3464 3504 τῷ
3523 3436 3664 3506 λόγῳ
3710 3437 3874 3506 μέχρι
3913 3439 4007 3491 xui

2420 3524 2534 3588 νῦν,
2573 3527 2669 3577 xui
2731 3524 2977 3578 δεικνῠον
3037 3526 3155 3587 οἵας
3211 3526 3401 3596 ἔτυχεν
3435 3530 3463 3580 ὀ
3509 3527 3810 3597 θαυμάσιος
3847 3523 4006 3593 οὗτος

2420 3618 2559 3687 ἀνὴρ
2593 3617 2741 3688 παρὰ
2757 3617 2835 3687 τῷ
2859 3618 2978 3688 Θεῴ
3008 3619 3226 3688 χάριτός
3281 3636 3337 3672 τε
3371 3620 3465 3673 xui
3492 3623 3826 3691 παρρησίας.
3853 3623 4008 3692 Κρη-

2423 3709 2641 3780 μνώδης
2672 3728 2753 3772 τις
2784 3711 2959 3780 πέτρα
3019 3711 3340 3780 ὑπέρκειται
3390 3711 3485 3764 τοῦ
3547 3715 4003 3784 φροντιστηρίου,

2420 3794 2592 3869 οὗπερ
2619 3799 2780 3861 αὐτὸς
2811 3799 3080 3870 ἐδείματο,
3136 3799 3367 3870 ἄνικμος
3402 3802 3458 3855 δὲ
3495 3803 3589 3855 xui
3638 3803 3777 3872 ξηρὰ
3801 3821 4006 3858 παντε-

2421 3884 2527 3947 λῶς
2580 3885 2792 3955 ὑπῆρχε
2840 3886 2899 3937 τὸ
2949 3887 3234 3956 πρότερον.
3291 3887 3381 3940 Ἐν
3440 3889 3613 3959 ταύτῃ
3660 3889 4008 3957 ὑδραγώγιον

2421 3976 2677 4045 εποίησεν
2711 3977 2818 4028 ἀπὸ
2843 3977 2941 4046 τῆς
2968 3979 3214 4047 κορυφῆς
3235 3978 3328 4030 ἐπὶ
3358 3979 3417 4031 τὸ
3453 3981 3817 4049 μοναστήριον
3843 3984 4008 4052 φερό-

2423 4085 2603 4136 μενον,
2633 4067 2821 4136 ὥσπερ
2863 4069 2967 4120 ὑπὸ
2996 4071 3154 4140 χεῖρα
3206 4069 3346 4138 έχων
3383 4070 3480 4136 τὴν
3529 4071 3638 4123 τῶν
3662 4072 3872 4126 ὑδάτων
3908 4091 4007 4141 φο-

2422 4161 2540 4231 ράν.
2571 4160 2961 4229 Πεποιθήσεως
3006 4160 3061 4213 δὲ
3111 4159 3296 4230 γέμων
3327 4163 3406 4224 είς
3430 4162 3584 4225 Θεὸν,
3621 4163 3716 4216 xui
3757 4163 4004 4234 θαρῤὦν,

2421 4253 2496 4315 ώς
2533 4253 2698 4314 είκὸς,
2724 4252 2928 4322 εὐμενῆ
2953 4253 3043 4304 τὸν
3079 4252 3358 4322 Δεσπότην
3398 4252 3762 4322 κεκτημένος,
3795 4256 3891 4306 xui
3921 4257 4008 4307 πί-

2425 4361 2541 4396 στιν
2575 4344 2712 4413 εχων
2765 4343 3110 4407 ἁδίστακτον,
3167 4344 3362 4406 νυκτὸς
3419 4344 3745 4415 διεγερθεὶς,
3795 4347 4007 4399 ἄνεισιν

2421 4435 2515 4486 ἐπὶ
2545 4433 2642 4504 τὴν
2671 4433 2846 4502 ἄκραν
2900 4432 2992 4485 τοῦ
3047 4432 3387 4502 ὑδραγωγοῦ,
3423 4434 3554 4502 πρὶν
3575 4434 3700 4495 τοὺς
3728 4433 4008 4499 θιασώτας

2422 4526 2515 4578 ἐπὶ
2560 4526 2656 4588 τὰς
2691 4525 2942 4592 συνήθεις
2977 4525 3142 4594 εὐχὰς
3174 4524 3544 4592 διαναστῆναι.
3578 4526 3683 4577 Καὶ
3705 4526 3794 4578 διὰ
3829 4545 4005 4598 προσ.

2422 4620 2595 4689 ευχῶν
2622 4621 2712 4671 τὸν
2746 4619 2874 4670 Θεὸν
2919 4617 3229 4682 ἱκετεύσας,
3264 4617 3483 4688 θαρρὦ
3534 4616 3610 4687 τῷ
3659 4617 3908 4671 ποιοῦντι
3947 4623 4006 4673 τὸ

731 4717 905 4769 instar
943 4729 1142 4782 aquam
1198 4711 1386 4766 eﬂ‘utlit
1423 4729 1435 4764 :
1479 4726 1598 4781 quae
1656 4712 1707 4763 iu
1768 4711 2153 4763 monasterium
2219 4725 2313 4779 per

2422 4710 2635 4780 θέλημα
2698 4709 2805 4761 τῶν
2866 4709 3215 4778 φοϐουμένων
3246 4709 3428 4770 αὑτὸν,
3484 4712 3550 4777 τῇ
3619 4709 3824 4780 ῥάϐδῳ,
3870 4709 4002 4785 ένῇ

733 4806 1114 4876 aquaeductum
1156 4803 1374 4868 delata,
1411 4818 1656 4872 ususque
1711 4803 1786 4855 illi
1844 4817 2034 4855 omnes
2099 4803 2314 4856 abunde

732 4896 1182 4957 sulnninistrans,
1213 4893 1338 4947 inde
1385 4894 1437 4946 in
1469 4909 1618 4946 mare
1657 4894 1967 4962 proximum
2023 4893 2310 4946 evolvitur.

731 4987 796 5039 I-lt
831 4986 1063 5040 Mosaica
1092 4983 1780 5054 inagnineodosiigratia
1839 4985 1892 5036 in
1950 4984 2095 5035 hunc
2141 5001 2315 5052 usque

733 5079 874 5131 diem
917 5092 1153 5146 operans
1183 5077 1511 5129 ostenditur.
1549 5074 1809 5144 Satisque
1844 5074 1946 5127 hoc
2010 5091 2178 5128 unum
2230 5086 2314 5130 est

734 5171 798 5223 ad
823 5171 968 5224 illius
987 5184 1114 5238 erga
1157 5166 1325 5221 Deum
1351 5168 1603 5222 ﬁduciam
1629 5167 2128 5222 demonstrandam.
2158 5166 2313 5221 Brevi

732 5269 913 5314 autem
969 5259 1110 5329 apud
1163 5259 1512 5313 Antiochiam
1577 5269 1822 5329 tempore
1891 5271 2189 5328 superstes,
2260 5261 2314 5313 in

732 5349 1048 5418 angelorum
1090 5361 1290 5403 cmtum
1326 5357 1576 5418 receptus
1599 5360 1701 5404 est.
1747 5349 2071 5418 Elatumque
2101 5360 2185 5404 est
2219 5365 2316 5418 per

728 5438 963 5492 mediam
1008 5438 1195 5492 urbem
1243 5454 1460 5492 sacrum
1511 5453 1753 5508 corpus,
1809 5449 2071 5508 tanquam
2132 5441 2315 5494 aureis

729 5531 1056 5594 quibusdam
1101 5533 1321 5585 coronis
1357 5529 1501 5585 ferro
1545 5533 1636 5585 illo
1672 5541 2018 5595 exornatum,
2057 5549 2309 5603 praeeun-

733 5623 876 5675 tibus
900 5623 1134 5687 eunetis,
1153 5623 1315 5676 etiam
1335 5639 1580 5678 summos
1599 5626 1950 5691 magistratus
1969 5627 2303 5693 gerentibus.

730 5711 964 5779 Eratque
998 5715 1139 5767 «irca
1177 5716 1434 5769 feretrum
1466 5716 1532 5769 Iis
1561 5724 1614 5770 ct
1643 5718 2002 5780 concertatio,
2044 5718 2305 5771 omnilms

729 5803 870 5859 ferre
913 5805 1389 5872 contendentibus,
1431 5806 1798 5877 ﬂuentemque
1855 5824 1916 5861 ex
1951 5823 2014 5863 eo
2080 5809 2301 5863 bene-li-

2420 4802 2856 4872 σκηριπτόμενος
2907 4800 3222 4869 ἐτύγχανεν,
3278 4800 3439 4869 ἔτυψε
3471 4801 3567 4870 την
3607 4801 3849 4870 πέτραν·
3878 4805 3910 4872 ἡ
3945 4804 4000 4856 δὲ

2421 4894 2649 4961 ραγεῖσα
2680 4890 2825 4960 ὕδωρ
2883 4891 3192 4960 ποταμηδδν
3248 4891 3505 4942 ἁνέόλυσε
3540 4908 3552 4919 ·
3587 4893 3680 4943 καὶ
3736 4893 3871 4945 εἴσω
3905 4897 4001 4946 τοῦ

2422 4987 2783 5056 μοναστηρίου
2835 4987 2920 5038 διὰ
2975 4985 3068 5038 τοῦ
3107 4986 3424 5055 ὑδραγωγοῦ
3459 4988 3768 5055 γενόμενον,
3792 4989 3891 5040 xui
3923 4991 4004 5049 είς

2417 5083 2598 5134 πᾶσαν
2627 5082 2816 5149 χρείαν
2843 5079 3111 5141 πλουσίως
3151 5079 3442 5153 χορηγοοῦν,
3474 5082 3552 5140 εἰς
3603 5081 3702 5146 τὴν
3732 5096 4004 5149 παρακει-

2421 5171 2588 5242 μένην
2641 5169 2915 5223 θάλασσαν
2959 5169 3298 5239 ἐκκρίνεται,
3356 5169 3466 5221 Καὶ
3495 5168 3771 5222 δείκνυται
3837 5170 4002 5242 μέχρι

2411 5260 2590 5330 δεῦρο,
2653 5262 2745 5314 τοῦ
2804 5261 3039 5330 μεγάλου
3110 5259 3389 5312 Θεοδοσίου
3437 5262 3469 5329 ἡ
3518 5243 3788 5329 Μωσαῑκὴ
3839 5262 4001 5331 χάρις

2414 5352 2729 5422 ὲνεργοῦσα.
2775 5352 3014 5421 Ἀποχρη
3069 5351 3126 5403 δὲ
3184 5351 3279 5402 xui
3318 5349 3473 5402 τοῦτο
3505 5350 3664 5419 μόνον
3703 5349 3876 5414 δεῖξαι
3905 5349 4000 5403 τοῦ

2414 5442 2605 5512 ἀνδρὸς
2626 5441 2723 5511 τὴν
2759 5442 2896 5512 πρὸς
2920 5442 3012 5493 τὸν
3043 5440 3174 5492 Θεὸν
3228 5438 3560 5510 παρρησίαν.
3613 5438 3827 5506 Ὀλίγον
3851 5438 3909 5492 δὲ
3943 5442 4000 5490 ὲν

2429 5535 2730 5605 Ἀντιοχείᾳ
2774 5532 3074 5595 ἐπιϐιώσας
3101 5532 3312 5603 χρόνον,
3367 5531 3503 5602 πρὸς
3543 5530 3640 5601 τὴν
3699 5531 3999 5602 ἀγγελικὴν

2423 5625 2655 5694 μετέστη
2688 5625 2928 5693 χορείαν.
2955 5623 3049 5676 Διὰ
3077 5624 3132 5676 δὲ
3161 5622 3326 5692 μέσου
3355 5621 3448 5674 τοῦ
3463 5623 3652 5683 ἄστεος
3675 5621 3737 5672 τὸ
3756 5621 3920 5690 σῶμα
3942 5623 4002 5672 τὺ

2417 5718 2557 5786 ξερὸν
2587 5717 2828 5786 ἐφέρετο,
2861 5715 2972 5769 οἷόν
3001 5733 3108 5768 τισι
3145 5717 3429 5783 στεφάνοις
3451 5717 3672 5783 Χρυσοῖς
3702 5715 4000 5785 timaram?

2416 5807 2608 5876 ἐκείνῳ
2647 5806 3038 5877 ὼραῖζόμενον,
3095 5805 3311 5858 πάντων
3367 5803 3708 5874 ἡγουμένων,
3763 5805 3999 5855 καὶτῶν
