4206 6456
202 389 342 454 ηπ,

1423 396 1826 457 RELIGIOSA
1863 397 2246 457 HISTORIA.

3309 401 3439 466 I396

195 499 290 563 τὰς
353 501 595 569 μεγάλας
653 502 828 574 ἀρχὰς
879 505 1345 574 πεπιστευμένων.
1393 506 1548 576 Ἔρις
1591 506 1647 558 δὲ
1691 501 1760 576 ἦν
1790 513 1834 568 Α

1790 513 1834 568 Α
1863 509 2097 560 ctionem
2123 509 2523 578 expetentibus.
2560 508 2648 562 Sic
2679 511 2877 570 elatus.
2911 510 2962 563 in
2987 509 3099 564 ade
3127 523 3435 565 sanctorum

193 588 320 657 περὶ
349 589 451 658 τὴν
479 589 687 661 κλίνην,
726 593 822 646 καὶ
861 592 1098 665 διαμάχη
1135 595 1322 664 φέρειν
1351 594 1554 665 ταύτην
1581 596 1756 649 ἀπάν-

193 694 297 764 των
329 679 724 764 επειγομένων,
745 684 838 737 καὶ
871 684 970 754 τῆς
1000 685 1247 738 ἐντεῦθεν
1269 687 1518 754 εὐλογίας
1539 687 1759 757 ἐφιεμέ-

192 761 502 826 νων.’οὖτω
525 776 841 846 φερόμενος,
875 778 954 840 εις
983 777 1072 830 τὸν
1111 778 1218 832 τῶν
1266 779 1436 846 ἀγίων
1465 779 1758 849 μαρτύρων

193 864 354 930 σηκὸν
404 866 772 931 κατατίθεται,
838 867 1122 922 Ἰουλιανοῦ
1167 869 1261 922 τοῦ
1319 872 1612 941 νικηφόρου
1659 872 1757 942 τῆς

189 953 473 1018 εὐσεϐείας
497 957 797 1023 ἀγωνιστοῦ
845 959 1150 1029 όμόσκηνός
1215 978 1273 1014 τε
1313 963 1407 1015 καὶ
1431 964 1756 1034 ὁμορῤόφιος

189 1044 448 1110 γεγονώς.
487 1046 642 1116 Θήκη
683 1049 739 1101 δὲ
781 1049 942 1102 αὐτὸν
1013 1050 1326 1116 ὑπεδέξατο,
1359 1052 1393 1121 ἢ
1425 1053 1518 1104 καὶ⁵
1546 1052 1634 1104 τὸν
1664 1053 1754 1105 θε-

189 1136 411 1186 σπέσιον
437 1140 527 1189 καὶ
559 1140 826 1210 μακάριον
873 1142 1202 1213 Ἀφραάτην.
1251 1143 1360 1214 Τὴν
1407 1143 1462 1196 δὲ
1491 1143 1590 1212 τῆς
1623 1144 1754 1211 ἀγέ-

188 1223 279 1289 λης
310 1227 608 1298 ἡγεμονίαν
653 1231 924 1296 Ἐλλάδιος
945 1234 973 1286 6
1019 1233 1322 1303 θαυμάσιος
1359 1235 1630 1299 διεδέξατο
1654 1253 1666 1265 ·
1699 1235 1756 1298 ὃς

187 1315 451 1384 ιξήκοντα
481 1320 580 1388 μὲν
603 1322 660 1374 ὲν
687 1323 912 1387 ἐκείνοις
956 1325 1066 1386 τοῖς
1096 1324 1277 1387 πόνοις
1307 1322 1605 1378 διετέλεσεν
1636 1325 1753 1396 ἔτη,

186 1402 300 1460 εἶτα
327 1410 432 1479 τὴν
466 1412 704 1466 Κιλίκων
745 1413 930 1467 θεόθεν
989 1415 1207 1480 ἐδέξατο
1267 1415 1588 1485 προεδρίαν·
1633 1415 1755 1468 οὔτε

183 1500 278 1569 τὴν
311 1501 635 1572 φιλοσοφίαν
687 1507 786 1576 τὴν
841 1507 1114 1577 προτέραν
1144 1507 1479 1571 καταλιπὼν,
1515 1509 1608 1560 καὶ
1641 1510 1756 1572 τοῖς

183 1591 360 1656 πόνοις
394 1595 622 1659 ἐκείνοις
653 1597 778 1660 τοὺς
799 1599 896 1667 τῆς
929 1599 1336 1670 ἀρχιερωσύνης
1378 1598 1604 1670 ἱδρῶτας
1661 1599 1754 1651 ὀσ-

183 1702 214 1752 η
225 1686 392 1757 μέραι
419 1692 752 1760 προστιθείς.
781 1695 982 1748 Τούτου
1019 1699 1112 1750 καὶ
1148 1697 1418 1766 Ῥώμυλος
1443 1699 1471 1752 6
1488 1700 1754 1769 μακάριος

182 1779 454 1850 ἀκροατὴς
489 1783 749 1850 γεγονὼς,
804 1787 1003 1857 ἀγέλης
1051 1790 1313 1860 μεγίστης
1359 1789 1582 1860 ἡγεμὼν
1649 1793 1754 1844 ἀπ-

1869 609 2170 667 martyrum
2216 599 2498 668 depositus
2565 607 2687 662 est,
2750 599 2991 663 .lnliaui,
3051 601 3436 670 triumphantis

1870 688 2087 742 athleta:
2147 689 2382 758 pictatis,
2424 691 2840 746 contubernalis
2903 692 3142 761 tectique
3206 707 3437 748 consors

1869 776 2066 841 factus,
2099 778 2399 847 eademque
2419 780 2534 849 ipsa
2561 795 2665 850 qua
2692 781 2907 834 divinus
2940 789 2992 833 ει
3017 781 3208 835 beatus
3232 781 3436 850 Aphra-

1869 876 1986 921 ates
2027 882 2148 924 arca
2182 870 2458 922 conditus.
2488 867 2678 940 Cregis
2722 885 2851 924 vero
2887 869 3264 937 praefecturam
3316 887 3440 925 sus-

1866 959 2008 1029 ccpit
2031 960 2379 1017 admirandus
2400 960 2692 1023 llelladius,
2712 963 2825 1030 qui,
2853 977 2948 1031 per
2967 976 3141 1016 annos
3157 964 3435 1032 sexaginta

1866 1050 2146 1104 laboribus
2181 1051 2287 1106 illis
2327 1053 2639 1116 defunctus,
2661 1051 2897 1106 Cilicum
2931 1052 3192 1107 divinitus
3249 1062 3436 1121 postea

1867 1140 2041 1196 factus
2069 1152 2153 1195 est
2192 1144 2441 1206 antistes,
2476 1143 2764 1212 pristinam
2792 1159 2898 1197 non
2947 1145 3204 1200 deserens
3259 1145 3434 1214 philo-

1865 1234 2135 1303 sophiam,
2169 1235 2262 1290 sed
2303 1235 2581 1290 laboribus
2619 1236 2726 1290 illis
2794 1235 3134 1306 pontilicales
3189 1237 3435 1306 quotidin

1863 1324 2093 1378 sudores
2120 1324 2405 1392 adjiciens.
2438 1323 2613 1394 Hujus
2643 1341 2862 1396 quoque
2889 1326 3017 1380 olim
3048 1328 3262 1380 auditor
3305 1329 3432 1382 bea-

1867 1423 1958 1470 tus
2011 1414 2283 1470 Romulus
2335 1417 2561 1470 maximi
2626 1419 2806 1487 gregis
2851 1427 3033 1472 rector
3070 1419 3247 1473 factus
3301 1429 3431 1474 est:

1863 1515 2156 1576 manetque
2213 1507 2496 1578 hucusque
2543 1508 2689 1563 illius
2752 1519 2931 1563 emtus
2985 1509 3126 1564 idem
3190 1510 3432 1565 retinens

1864 1601 2198 1655 institutum.
2236 1601 2461 1670 Adjacet
2486 1612 2668 1656 autem
2693 1603 2812 1672 ejus
2864 1604 3201 1658 monasterio
3254 1604 3430 1666 vicus.

1863 1693 1952 1748 cui
1985 1693 2208 1764 Syriaca
2243 1695 2428 1761 lingua
2479 1710 2674 1749 nomen
2709 1704 2794 1750 est
2844 1694 3072 1749 Marato.
3143 1694 3251 1765 Ego
3303 1709 3431 1748 vero

1865 1786 2197 1840 narrationis
2271 1785 2436 1854 hujus
2496 1785 2655 1840 ﬁnem
2723 1787 2810 1840 hic
2863 1796 3131 1850 statuens,
3197 1803 3296 1842 oro
3374 1796 3433 1840 ut

183 1869 390 1939 εφάνθη
410 1889 425 1903 ·
458 1875 550 1926 καὶ
577 1875 808 1946 διέμεινέ
828 1894 884 1931 τε
912 1881 1006 1932 καὶ
1032 1883 1060 1933 6
1087 1881 1292 1934 ἐκείνου
1319 1883 1476 1952 χορὸς
1496 1884 1574 1944 είς
1591 1881 1748 1952 δεῦρο
1779 1874 1820 1928 Β

1496 1884 1574 1944 εἰς
1591 1881 1748 1952 δεῦρο
1779 1874 1820 1928 Β
1851 1879 1976 1934 inde
2019 1894 2236 1948 quoque
2265 1880 2660 1934 benedictionis
2694 1880 2963 1948 particeps
3008 1880 3150 1933 tiam.

181 1967 272 2034 τῆς
308 1964 484 2033 αὐτῆς
536 1968 808 2034 πολιτείας
854 1973 1128 2043 ἐχόμενος.
1183 1974 1515 2044 Παράκειται
1567 1974 1625 2028 δὲ
1670 1975 1749 2044 τῷ
1810 1974 2210 2044 φροντιστηρίῳ
2267 1973 2447 2042 κώμη,
2510 1969 2753 2042 Μαρατὼ
2817 1972 3035 2042 Συριστὶ
3099 1971 3428 2042 καλουμένη·

195 2052 326 2120 Ἐγὼ
382 2057 440 2110 δὲ
489 2058 643 2114 τοῦδε
698 2061 790 2116 τοῦ
842 2064 1178 2136 διηγήματος
1217 2065 1375 2118 τοῦτο
1415 2066 1781 2140 ποιησάμενος
1819 2067 2010 2138 πέρας,
2049 2067 2277 2117 ἱκετεύω
2338 2063 2431 2115 καὶ
2488 2063 2586 2132 τῆς
2635 2062 2881 2115 ἐντεῦθεν
2935 2066 3223 2134 μετασχεῖν
3283 2063 3432 2115 εὐλο-

179 2144 314 2210 γίας.

670 2245 769 2299 IA'.
815 2277 885 2290 —
913 2248 1254 2307 ΡΩΜΑΝΟΣ.

255 2330 321 2382 '0
345 2331 447 2400 μὲν
468 2327 560 2386 οὖν
595 2333 767 2404 μέγας
824 2336 1098 2402 Θεοδόσιος
1143 2342 1251 2394 ἀπὸ
1298 2343 1394 2412 τῆς
1436 2344 1750 2414 Ἀντιοχέων

178 2421 515 2491 ὁρμώμενος,
573 2426 666 2479 καὶ
723 2428 781 2479 ὲν
842 2431 952 2493 τοῖς
1009 2430 1289 2496 Ῥωσικοίς
1341 2436 1747 2506 ἀγωνισάμενος

180 2515 376 2582 δρεσιν,
406 2516 488 2578 είς
511 2516 610 2586 τὴν
655 2515 928 2589 Ἀντιόχου
946 2521 1098 2574 πόλιν
1122 2523 1452 2586 ἐπανελθὼν,
1477 2526 1618 2579 οὖτω
1651 2528 1744 2580 τοῦ

180 2601 288 2669 βίου
325 2605 388 2658 τδ
439 2607 589 2672 τέλος
641 2608 877 2674 ἐδέξατο.
930 2613 1207 2683 Ῥωμανδς
1239 2615 1294 2668 δὲ
1343 2618 1370 2670 ὁ
1407 2617 1569 2683 θεῖος,
1599 2620 1656 2670 ὲν
1679 2622 1742 2691 τῇ

189 2694 370 2766 Ῥώσῳ
405 2699 503 2750 καὶ
528 2700 758 2769 τεχθεὶς,
785 2704 878 2755 καὶ
900 2703 968 2756 τά
1007 2705 1198 2774 πρῶτα
1238 2709 1484 2776 τραφεὶς,
1519 2710 1577 2761 ἐν
1628 2711 1746 2763 Ἀνο

177 2789 377 2857 τιοχεία
411 2792 539 2854 τοὺς
577 2793 674 2862 τῆς
704 2794 903 2864 ἀρετῆς
929 2797 1220 2861 ὑπεδέξατο
1250 2799 1463 2863 ἄθλους,
1497 2801 1602 2865 ἔξω
1648 2803 1747 2872 μὲν

177 2877 276 2929 τῶν
321 2881 417 2933 τοῦ
482 2884 671 2948 ἀστεος
729 2887 1026 2956 περιϐόλων
1058 2929 1072 2952 ,
1140 2891 1287 2962 παρὰ
1327 2892 1425 2962 τὴν
1473 2893 1746 2964 ὑπώρειαν

179 2968 572 3040 ἰσκηνωμένος,
624 2975 681 3027 ὲν
736 2975 999 3047 ἀλλοτρίῳ
1048 2979 1102 3031 δὲ
1151 2981 1378 3051 οξκιδίῳ,
1436 2985 1528 3036 καὶ
1575 2985 1747 3055 τούτῳ

181 3061 411 3130 σμικρῷ,
450 3063 624 3117 πάντα
682 3066 774 3119 τὸν
828 3068 1014 3136 χρόνον
1043 3069 1354 3135 διαϐιώσας.
1383 3075 1657 3128 Διετέλεσε
1687 3077 1742 3129 δὲ

182 3150 331 3220 μέχρι
356 3154 565 3224 γήρως,
590 3157 726 3227 μήτε
757 3159 888 3229 πυρὶ
912 3162 1274 3230 χρησάμενος,
1311 3167 1445 3234 μήτε
1475 3164 1744 3236 λυχνιαίον

179 3236 462 3306 δεξάμενος
487 3243 815 3315 φῶς.Τροφὴ
844 3247 950 3317 γὰρ
985 3246 1052 3320 ἦν
1090 3251 1237 3322 αὐτῷ
1265 3253 1427 3322 ἄρτος
1457 3257 1549 3308 καὶ
1581 3256 1704 3320 ἅλες
1729 3275 1741 3287 ’

2189 2240 2398 2309 1200
2429 2237 2518 2292 XI.
2551 2269 2618 2278 —
2654 2236 3004 2294 ROMANUS.

1928 2335 2156 2405 Magnus
2198 2349 2329 2402 ergo
2397 2331 2735 2387 Theodosius
2795 2333 3082 2387 Antiochia
3131 2337 3424 2399 oriundus.

1853 2444 1976 2482 cum
2011 2427 2065 2481 in
2108 2426 2359 2481 Rhosicis
2411 2425 2686 2479 montibus
2725 2425 3078 2491 tlecertasset,
3142 2429 3194 2481 in
3240 2430 3426 2484 urbem

1852 2519 2248 2574 Antiochenam
2308 2525 2497 2585 postea
2553 2532 2842 2582 reversus,
2894 2519 2966 2572 ita
3019 2519 3178 2572 vitam
3232 2521 3367 2576 ﬁniit
3410 2541 3424 2586 ;

1851 2613 2072 2667 divinus
2103 2625 2234 2665 vero
2265 2608 2572 2672 Romanus,
2617 2618 2670 2662 et
2731 2607 2902 2664 Rhosi
2956 2612 3194 2680 genitus,
3246 2623 3300 2668 et
3354 2621 3422 2673 ibi

1849 2705 2085 2774 primum
2115 2703 2404 2767 educatus,
2442 2701 2657 2754 virtutis
2699 2702 2997 2756 certamina
3023 2707 3264 2775 suscepit
3315 2705 3428 2759 An-

1850 2798 2088 2860 tiochiae,
2121 2804 2274 2850 extra
2303 2795 2455 2850 urbis
2480 2793 2710 2855 tnt'nnia,
2761 2795 2870 2847 imo
2901 2794 2954 2847 in
3011 2806 3196 2850 monte
3243 2797 3426 2852 sedent

1853 2888 2047 2958 ﬁgens,
2079 2897 2133 2941 et
2158 2887 2333 2941 aliena
2371 2888 2422 2940 in
2476 2886 2612 2942 cella
2659 2901 2833 2956 eaque
2884 2898 3119 2956 angusta
3161 2896 3426 2958 perpetuo

1849 2982 2060 3036 vivens.
2086 2980 2234 3033 Vixit
2267 2987 2448 3034 autem
2486 2978 2554 3033 ad
2601 2990 2872 3034 senectam
2918 2995 3113 3049 usque,
3157 2996 3254 3034 nec
3305 2981 3426 3052 igne

1849 3078 2030 3131 utens.
2057 3085 2155 3124 nec
2179 3069 2414 3124 lucerna:
2447 3070 2626 3123 lumen
2657 3069 2969 3124 admittens.
2991 3070 3156 3124 Cibus
3192 3086 3427 3142 namque

1847 3165 1922 3219 illi
1978 3165 2134 3234 panis
2168 3175 2284 3218 erat
2317 3180 2439 3218 cum
2486 3163 2620 3230 sale,
2664 3173 2824 3232 potus
2865 3178 2992 3217 vero
3028 3178 3168 3233 aqua
3196 3181 3225 3218 e
3254 3164 3423 3228 fonte,

1848 3258 2101 3313 caesaries
2135 3272 2330 3327 magno
2363 3272 2460 3327 par
2484 3254 2816 3319 Theodosio,
2842 3257 3116 3326 vestisque
3139 3267 3191 3312 et
3222 3256 3422 3312 ferrum

181 3327 320 3396 πόμα
342 3329 398 3383 δὲ
422 3337 701 3403 κρηνιαίον
718 3339 884 3406 νᾶμα,
918 3315 1062 3410 κόμη
1102 3341 1156 3395 δὲ
1304 3315 1527 3414 μεγάλῳ
1561 3315 1745 3399 Θεοδο-
1772 3315 1813 3372 C

1772 3315 1813 3372 Ο
1847 3351 2118 3404 similiter.
2149 3348 2448 3403 Praestabat
2480 3349 2566 3402 bic
2589 3357 2771 3403 autem
2809 3365 3024 3402 morum
3069 3349 3423 3418 simplicitate

182 3421 272 3489 σίῳ
296 3427 677 3496 παραπλησία,
711 3431 804 3482 καὶ
856 3432 1016 3503 ἐσθὴς
1052 3435 1146 3486 καὶ
1204 3436 1420 3508 σίδηρος
1459 3438 1741 3502 ὡσαύτως.

192 3510 554 3568 Ἐπλεονέκτει
583 3517 640 3569 δὲ
669 3514 821 3582 οὗτος
843 3521 1003 3590 ήθους
1031 3525 1311 3595 ἁπλότητι,
1351 3529 1443 3580 καὶ
1480 3529 1744 3598 πραότητι

182 3603 410 3668 τρόπων,
458 3607 551 3658 καὶ
581 3610 928 3679 φρονήματος
978 3621 1312 3687 μετριότητι.
1382 3619 1488 3671 Καὶ
1553 3621 1743 3673 τούτου

181 3694 352 3748 εἵνεκα
381 3699 483 3767 τῆς
515 3699 662 3764 θείας
710 3703 928 3771 χάριτος
962 3707 1112 3776 ἠφίει
1161 3710 1258 3779 τὴν
1308 3711 1522 3780 αἴγλην.
1558 3731 1573 3762 ι
1624 3715 1744 3766 Ἐπὶ

182 3786 288 3840 τίνα
326 3791 456 3860 γάρ,
487 3793 670 3860 φησὶν,
723 3796 1017 3866 ὲπιὸλέῲω,
1073 3801 1186 3852 ἀλλ’
1219 3801 1251 3870 ἢ
1291 3803 1383 3854 ἐπὶ
1427 3804 1517 3855 τὸν
1549 3807 1744 3875 πρᾶον,

183 3879 268 3931 καὶ
293 3881 540 3950 ήσύχιον,
570 3885 663 3938 καὶ
705 3887 980 3958 τρέμοντά
1021 3909 1120 3961 μου
1166 3894 1291 3955 τοὺς
1331 3893 1551 3961 λόγους;
1584 3915 1602 3947 ι
1638 3896 1745 3949 Kal.

182 3975 280 4036 τοῖς
317 3975 466 4040 ἰδίοις
495 3977 550 4029 δὲ
577 3978 735 4033 πάλιν
779 3981 931 4050 ἔλεγε
977 3985 1244 4056 μαθηταῖς
1273 4003 1284 4013 ·
1326 4006 1343 4038 ι
1382 3988 1596 4040 Μάθετε
1649 3990 1742 4040 ἀπ’

181 4067 323 4134 tuo},
373 4071 457 4124 ὅτι
531 4073 706 4142 πρᾶός
755 4076 894 4143 εἰμι,
944 4078 1036 4128 καὶ
1095 4079 1351 4140 ταπεινὸς
1407 4082 1472 4149 τῇ
1526 4081 1742 4151 καρδίᾳ,

181 4161 263 4212 καὶ
293 4162 553 4233 εὑρήσετε
608 4167 913 4220 ἀνάπαυσιν
959 4172 1077 4230 ταῖς
1107 4169 1307 4239 ψυχαῖς
1359 4171 1532 4240 ὑμῶν.
1581 4191 1598 4222 ι
1636 4173 1744 4226 Καὶ

182 4252 361 4305 πάλιν·
403 4274 421 4307 ε
456 4258 732 4329 Μακάριοι
768 4261 818 4311 οἱ
858 4263 1068 4329 πραεῖς,
1100 4263 1180 4316 ὅτι
1224 4263 1377 4316 αὐτοὶ
1413 4263 1745 4336 κληρονομή-

182 4360 321 4399 σουσι
351 4348 449 4418 τὴν
481 4349 604 4418 γῆν.
641 4370 658 4402 ι
695 4353 805 4405 Καὶ
835 4353 1059 4406 Μωῦσεῖ
1084 4355 1142 4406 δὲ
1189 4354 1267 4425 τῷ
1299 4355 1562 4428 νομοθέτῃ
1587 4357 1745 4410 τοῦτο

180 4431 239 4503 ἦν
261 4437 317 4490 τὸ
343 4438 452 4491 τῶν
482 4441 920 4512 κατορθωμάτων
949 4445 1239 4516 ἐπίσημον.
1265 4465 1282 4497 ι
1310 4442 1419 4500 Ἦν
1444 4447 1742 4519 γὰρ,φησὶο

181 4527 407 4599 Μωῦαῆς
459 4533 766 4600 πραότατος
825 4537 976 4607 παρά
1007 4537 1216 4600 πάντας
1264 4538 1583 4607 ἀνθρώπους
1614 4540 1744 4603 τοὺς

1847 3450 1901 3496 ει
1952 3440 2200 3501 lenitate,
2249 3439 2529 3508 animique
2589 3438 2877 3504 modestia,
2942 3455 3173 3509 eamque
3204 3442 3273 3494 ob
3312 3457 3433 3493 rem

1850 3531 2046 3586 divina:
2075 3532 2260 3600 grati-.e
2284 3530 2452 3584 radiis
2482 3531 2771 3584 emicabat.
2799 3549 2817 3581 ι
2851 3531 2926 3583 Ad
2965 3546 3124 3600 quem
3147 3532 3314 3592 enim,
3350 3531 3425 3582 ait

1850 3621 2470 3690 Dominus,respiciatn,
2493 3620 2597 3674 nisi
2629 3634 2797 3688 super
2835 3621 3020 3673 mitem
3053 3635 3116 3674 ac
3149 3621 3420 3689 quietum,

1849 3724 1903 3766 et
1949 3720 2284 3767 reverentem
2344 3725 2628 3765 sermones
2665 3725 2814 3764 meos
2845 3708 2870 3747 δ
2898 3710 2920 3762 ?
2951 3729 2968 3761 ι
3029 3710 3092 3763 Et
3137 3711 3421 3781 discipulis

1849 3798 1963 3853 suis
1987 3811 2202 3851 rursum
2235 3797 2412 3849 aiebat
2448 3815 2460 3849 :
2503 3814 2518 3846 ι
2549 3794 2747 3850 Discite
2779 3810 2806 3847 a
2840 3811 2942 3857 me,
2976 3795 3101 3864 quia
3136 3796 3279 3849 mitis
3302 3811 3421 3848 sum

1847 3899 1900 3945 et
1935 3890 2157 3943 humilis
2213 3890 2397 3952 corde,
2439 3898 2489 3942 et
2522 3886 2810 3941 invenietis
2860 3887 3102 3955 requiem
3136 3888 3422 3940 animabus

1848 3983 2044 4036 vestris
2085 3983 2141 4045 ί;
2187 3999 2204 4030 ι
2255 3990 2308 4034 ει
2368 3982 2603 4034 iterum:
2650 3997 2666 4030 ι
2734 3977 2879 4032 Beati
2917 3978 3100 4040 mites.
3162 3979 3417 4045 quoniam

1848 4072 1948 4139 ipsi
1979 4071 2342 4141 possidebunt
2361 4078 2561 4123 terram
2600 4068 2644 4124 i.
2692 4089 2708 4119 ι
2742 4068 2804 4121 Ει
2830 4069 2964 4124 Mosi
2986 4070 3280 4138 Iegislatori
3319 4070 3420 4122 hoc

1848 4161 2146 4215 illustrium
2201 4163 2504 4215 facinorum
2559 4160 2670 4213 fuit-
2719 4161 2953 4230 insigne,
2989 4179 3006 4211 ι
3072 4161 3198 4213 Erat
3248 4159 3415 4222 enim,

1847 4254 2042 4322 inquit,
2076 4252 2252 4308 Moses
2287 4253 2368 4305 vir
2392 4252 2720 4307 mitissimus
2749 4267 2914 4320 super
2940 4267 3131 4306 onmes
3169 4251 3419 4305 homines

1845 4349 1936 4416 qui
1973 4346 2174 4400 suntin
2210 4354 2355 4399 terra
2380 4346 2425 4398 ιι.
2461 4365 2478 4395 ι
2519 4343 2627 4398 Iloe
2688 4345 2864 4414 ipsum
2915 4351 2968 4396 et
3030 4342 3098 4398 de
3154 4344 3417 4413 propheta

1847 4437 2046 4494 Davide
2083 4446 2315 4493 testatus
2337 4448 2419 4492 cst
2460 4437 2696 4507 Spiritus
2758 4445 3025 4491 sanctus:
3058 4454 3075 4486 ι
3117 4435 3409 4497 Memento,

1852 4528 2098 4590 Domine,
2135 4527 2374 4593 Davidis,
2415 4539 2464 4582 et
2499 4528 2679 4583 omnis
2716 4527 3156 4581 mansuetudinis
3187 4527 3307 4596 ejus
3334 4524 3410 4580 ι.»

181 4617 325 4680 (me;
349 4621 443 4672 ἐπὶ
474 4621 573 4690 τῆς
604 4622 726 4692 γῆς.
770 4642 788 4674 ι
828 4625 999 4678 Τοῦτο
1037 4627 1132 4680 καὶ
1187 4626 1266 4696 τῷ
1294 4629 1547 4700 προφήτῃ
1577 4629 1746 4682 Δαϐὶδ
1775 4651 1818 4705 ι)

1775 4651 1818 4705 D
1848 4620 1911 4673 Et
1938 4621 2002 4676 de
2033 4621 2339 4690 patriarcha
2372 4618 2576 4674 Jacobo
2600 4619 2918 4681 didicimus,
2945 4618 3091 4688 quod
3137 4619 3218 4672 vir
3255 4617 3417 4672 fuerit

182 4706 234 4757 τὸ
268 4710 533 4778 πανάγιον
568 4712 913 4784 ἐμαρτύρησε
943 4715 1170 4786 Πνεῦμα
1192 4733 1204 4744 ·
1245 4736 1262 4768 ι
1294 4718 1578 4788 Μνήσθητι
1605 4720 1734 4790 γὰρ,

182 4801 324 4866 φησι,
355 4801 450 4854 τοῦ
481 4802 667 4870 Δαδὶδ,
701 4805 792 4857 καὶ
820 4802 1000 4877 πάσης
1032 4807 1132 4876 τῆς
1164 4808 1466 4879 πραότητος
1493 4810 1678 4862 αὑτοῦ.
1716 4830 1734 4862 ι

180 4891 281 4944 Καὶ
318 4893 552 4964 περὶτοῦ
587 4895 923 4967 πατριάρχου
976 4899 1169 4951 Ἰακὼὸ
1214 4901 1633 4972 μεμαθήκαμεν,
1659 4904 1741 4956 ὅτι

181 4981 442 5049 ἄπλαστος
471 4983 562 5056 ἦν,
586 4987 751 5040 οίκῶν
774 4989 970 5044 οἰκίαν.
983 4990 1198 5055 Ταύτας
1231 4997 1380 5062 δίκην
1406 4994 1659 5065 μελίττης
1676 4999 1742 5050 ἐκ

183 5073 281 5126 τῶν
303 5076 461 5130 θείων
478 5078 702 5131 ἐκείνων
731 5079 1009 5149 λειμώνων
1038 5082 1132 5145 τὰς
1162 5085 1362 5153 ἀρετάς
1387 5085 1664 5156 ἀθροίσας,
1682 5087 1743 5140 τὸ

183 5165 271 5234 τῆς
295 5167 553 5237 ἀληθείας
579 5171 948 5225 κατεσκεύασε
987 5173 1126 5242 μέλι.
1191 5176 1328 5229 Ἀλλ’
1360 5179 1420 5230 ού
1460 5179 1616 5246 μόνος
1638 5179 1744 5231 τῶν

187 5255 349 5308 πόνων
377 5257 680 5329 ἀπήλαυσε.
735 5261 1025 5330 Προὺχεῖτο
1069 5263 1125 5314 δὲ
1187 5265 1348 5318 αὖτοῦ
1381 5268 1471 5318 καὶ
1504 5267 1581 5327 εἰς
1619 5268 1744 5330 τοὺς

187 5344 279 5408 ἕξω
305 5348 371 5401 τά
394 5349 587 5419 ἥδιστα
620 5351 834 5420 νάματα
858 5370 870 5385 ·
898 5357 1117 5418 καὶτοῖς
1147 5357 1281 5425 πρὸς
1309 5358 1470 5410 αὐτὸν
1498 5359 1744 5426 ἀφικειονο

189 5437 374 5502 μένοις,
420 5443 486 5511 τῇ
551 5443 751 5512 πραείᾳ
811 5446 901 5497 καὶ
932 5445 1157 5516 γλυκείᾳ
1197 5448 1533 5518 κεχρημένος
1569 5453 1740 5519 φωνῇ,

189 5528 371 5593 πολλὰς
398 5534 496 5601 μεν
531 5535 655 5602 περὶ
715 5535 1078 5604 φιλαδελφίας,
1111 5538 1308 5601 πολλὰς
1339 5541 1392 5592 δὲ
1445 5541 1571 5609 περὶ
1610 5541 1740 5610 ὁμο-

188 5623 320 5685 νοίας
341 5643 397 5678 τε
426 5628 519 5679 καὶ
548 5628 1082 5700 εέρήνηςπροσὲφερε
1111 5635 1452 5701 παραινέσεις
1476 5651 1485 5660 ·
1520 5633 1742 5696 πολλοὺς

251 5799 274 5839 ⁵
307 5801 404 5857 lsa.
443 5820 588 5867 mu,
619 5805 670 5856 ‘3.

757 5806 988 5860 'Matth.
1026 5825 1097 5870 \I,
1136 5809 1220 5863 29.
1305 5823 1313 5855 ι
1362 5807 1545 5864 Matth.
1584 5827 1630 5860 γ.
1672 5811 1720 5862 l.
1800 5808 1821 5846 ¹ι
1852 5808 2010 5863 Num.
2051 5825 2142 5872 λιι,
2175 5811 2224 5862 5.

1847 4711 2094 4777 simplex,
2131 4710 2275 4763 domi
2327 4725 2385 4764 se
2425 4710 2713 4763 continens
2745 4721 2802 4761 ιη.
2852 4707 2960 4760 llas
3015 4709 3238 4762 virtutes
3291 4726 3416 4761 cum

1849 4801 1991 4856 velut
2015 4803 2132 4869 apis
2164 4818 2225 4855 ει
2257 4801 2454 4854 divinis
2498 4800 2703 4868 1201
2735 4801 2841 4853 illis
2887 4801 3057 4869 pratis
3083 4800 3415 4869 collegisset,

1849 4895 1952 4949 mel
1982 4894 2216 4947 conl'ceit
2247 4908 2386 4946 vera:
2415 4893 2789 4961 phi|030pbi2e.
2828 4893 2894 4944 At
2926 4907 3030 4944 non
3051 4891 3202 4946 solus
3233 4891 3413 4944 fructu

1849 4987 2092 5040 laborum
2127 4986 2331 5053 potitus
2362 4994 2463 5039 est.
2515 4983 2804 5037 Manabant
2847 4983 3010 5036 etiam
3071 4983 3134 5035 ad
3198 4992 3416 5038 exteros

1849 5077 2175 5133 suavissima
2205 5057 2348 5130 illius
2378 5077 2607 5129 ﬂuenta:
2630 5083 2682 5128 et
2705 5077 2770 5129 iis
2793 5075 2884 5144 qui
2915 5076 3094 5144 ipsum
3125 5077 3415 5130 convenie-

1849 5169 1997 5230 bant,
2024 5167 2126 5220 leni
2160 5166 2415 5236 dulcique
2451 5180 2599 5230 voce,
2631 5167 2829 5219 multas
2850 5167 2915 5220 de
2943 5164 3183 5220 fraterno
3212 5180 3415 5225 amore.

1850 5259 2049 5312 multas
2077 5258 2141 5311 de
2170 5256 2483 5318 concordia,
2513 5258 2709 5310 multas
2729 5256 2794 5311 de
2836 5272 2964 5326 pace
3017 5257 3418 5311 admonitiones

1850 5350 2173 5420 suggerebat
2203 5370 2214 5404 :
2245 5351 2444 5404 multos
2490 5349 2654 5402 etiam
2705 5350 2819 5403 solo
2851 5357 3071 5417 aspectu
3104 5349 3413 5404 divinarum

1849 5458 2024 5496 rerum
2055 5451 2328 5497 amatores
2346 5440 2542 5495 etfecit.
2577 5441 2707 5505 Quis
2739 5442 2882 5493 enim
2913 5455 3019 5494 non
3058 5453 3140 5496 cst
3180 5439 3416 5496 admi’ra-

1849 5542 1959 5592 tus.
1980 5537 2569 5603 sencm,eontemplans
2601 5531 2862 5586 membris
2892 5531 3224 5593 confectum,
3269 5531 3417 5586 ferro

1853 5629 2085 5699 plurimo
2107 5644 2202 5682 sua
2239 5637 2428 5698 sponte
2473 5636 2750 5691 onustum,
2786 5635 2838 5681 et
2865 5625 3078 5680 cilicina
3106 5636 3250 5679 veste
3279 5629 3414 5678 ami-

2324 5809 2332 5846 l
2377 5807 2725 5870 Psachut,
2779 5809 2820 5860 ι.
2931 5818 2964 5836 ¹“
2996 5810 3123 5864 (ἔθη.
3171 5808 3412 5864 “v.27.
