4206 6456
765 404 897 467 1395
1739 401 2228 461 THEODORETI
2259 401 2597 463 EPISCOPI
2627 406 2990 466 CYRENSIS
3878 399 4019 466 i396

758 530 929 580 etum,
978 519 1211 586 cihoque
1258 516 1351 584 qui
1394 522 1622 571 mortem
1686 518 2068 572 tantummodo
2124 525 2334 572 arceret
2365 523 2409 578 Α

2365 523 2409 578 Α
2437 518 2493 572 δέ
2527 519 2635 573 τῶν
2662 521 2820 575 θείων
2846 521 2941 576 καὶ
2958 521 3116 592 μόνον
3143 521 3419 592 ὁρώμενος
3436 522 3715 592 ἀπέφηνεν
3748 520 4014 590 ἐραστάς.

761 608 1356 664 victitantem?Pr:eter
1386 608 1818 678 magnitudinem
1858 624 2025 678 porro
2049 618 2106 665 et
2152 610 2337 663 multi-

2444 611 2539 674 Τίς
2557 612 2667 681 γὰρ
2695 613 2796 666 οὐκ
2828 613 2894 666 ἂν
2919 612 3277 684 ὑπερηγάσθη
3308 612 3620 685 πρεσϐύτην
3647 611 3921 682 θεώμενος
3953 613 4018 663 τὸ

758 700 1001 753 tudinem
1026 700 1294 763 laborum,
1328 714 1450 769 qua:
1481 701 1537 754 in
1567 715 1631 755 eo
1656 699 1882 755 ﬂorebat
1915 702 2111 771 gratia,
2145 707 2162 724 ‘
2191 712 2247 755 ut
2279 703 2332 756 iu

2440 706 2598 776 σῶμα
2627 706 3055 778 τετρυχωμένον,
3082 707 3177 759 καὶ
3207 706 3423 777 σίδηρον
3444 708 3524 759 ὅτι
3551 705 3798 759 πλεῖστον
3823 706 4017 776 φέρειν

756 794 1118 847 admiratione
1141 793 1454 863 honoreque
1478 802 1643 858 esset,
1670 794 1928 850 omnibus
1951 795 2329 864 persnadebat.

2436 796 2779 868 αἱρούμενον,
2804 798 2898 852 καὶ
2930 798 3007 868 τῷ
3040 799 3102 850 ἐκ
3132 796 3336 868 τριχῶν
3362 796 3627 868 ἐσθήματι
3645 797 4012 868 κεχρημένον,

757 883 1050 936 Multorum
1082 882 1248 937 etiam
1278 898 1419 953 saepe
1447 898 1639 953 graves
1670 884 1892 938 morbos
1932 884 2157 952 depulit,
2198 885 2333 937 rnqu

2435 891 2527 942 καὶ
2551 891 2754 960 τροφῆς
2808 890 3149 945 ἀπολαύοντα
3204 889 3444 944 κωλύσαι
3491 890 3648 960 μόνον
3678 889 4016 960 ἀποχρώσης

732 977 829 1030 ηιὶε
852 976 1131 1032 sterilibus
1164 976 1383 1031 feminis
1415 977 1618 1031 liberos
1646 977 1977 1047 impetravit.
2017 975 2084 1029 Et
2117 984 2327 1032 tantam

2431 981 2520 1032 τὸν
2549 981 2615 1035 ἐκ
2647 979 2805 1051 λιμοῦ
2856 982 3083 1036 θάνατον
3110 998 3124 1047 ;
3163 982 3310 1052 Πρὸς
3363 982 3421 1034 δέ
3447 981 3525 1051 τῷ
3552 982 3771 1051 μεγέθει
3806 982 3905 1035 καὶ
3933 982 4014 1051 τῷ

756 1083 785 1119 a
819 1068 1004 1121 divino
1044 1068 1246 1137 Spiritu
1316 1076 1639 1135 potestatem
1701 1070 1952 1138 adeptus,
2009 1069 2223 1139 inopem
2272 1086 2330 1125 se

2432 1070 2626 1141 πλήθει
2658 1072 2765 1125 τῶν
2795 1073 2995 1136 πόνων,
3030 1074 3123 1126 καὶ
3145 1075 3177 1143 ή
3202 1071 3509 1127 ἐπανθοῦσα
3527 1073 3683 1144 χάρις
3708 1073 4014 1142 θαυμάζειν

755 1157 1179 1226 rnendicumque
1209 1158 1541 1226 appellabat.
1579 1157 1954 1234 Omnesergo
2007 1159 2099 1226 qui
2148 1160 2325 1228 ipsum

2429 1161 2592 1214 αὑτὸν
2613 1162 2858 1226 ἅπαντας
2890 1163 2983 1217 καὶ
3031 1163 3310 1234 γεραίρειν
3350 1162 3624 1216 ἀνέπειθε.
3652 1162 3875 1216 Πολλῶν
3911 1163 4013 1231 μὲν

754 1246 1199 1315 frequentabant,
1235 1256 1289 1302 et
1328 1256 1571 1317 aspectu,
1603 1255 1657 1301 et
1720 1232 1972 1304 sermone
2023 1249 2323 1317 beneficiis,

2426 1253 2534 1323 γὰρ
2563 1256 2821 1319 πολλάκις
2876 1232 3122 1325 χαλεπάς
3158 1232 3405 1325 ἀπήλασε
3451 1256 3657 1319 νόσους,
3697 1255 3927 1317 πολλαῖς
3955 1253 4012 1305 δὲ

754 1342 929 1407 quoad
961 1340 1113 1402 vixit,
1152 1342 1434 1396 cumulare
1486 1355 1596 1393 non
1654 1342 1896 1396 destitit:
1933 1350 1989 1396 ct
2034 1350 2322 1413 postquam

2425 1344 2637 1412 γυναιξὶ
2669 1346 2953 1417 στερίφαις
3015 1346 3306 1417 ἐχαρίσατο
3348 1347 3565 1410 παῖδας.
3599 1347 3706 1399 Καὶ
3732 1344 4012 1413 τοσαύτην

751 1429 879 1483 hinc
907 1431 1060 1496 abiit,
1089 1432 1517 1500 angelorumque
1546 1430 1599 1483 in
1636 1438 1836 1484 emtum
1879 1434 2178 1486 translatus
2217 1442 2319 1498 est,

2424 1435 2575 1506 πιίρά
2605 1435 2696 1488 τοῦ
2734 1434 2879 1488 θείου
2910 1436 3225 1507 Πνεύματος
3261 1436 3548 1507 δεξάμενος
3577 1437 3825 1506 δύναμιν,
3860 1452 4011 1487 πτω-

751 1522 1067 1577 memoriam
1115 1522 1355 1589 reliquit,
1405 1537 1514 1575 non
1566 1536 1671 1575 una
1694 1537 1816 1575 cum
1853 1536 2083 1591 corpore
2121 1538 2320 1579 conse-

2422 1527 2516 1599 χὸν
2536 1528 2723 1581 ἐαυτὸν
2753 1527 2846 1580 καὶ
2880 1527 3180 1598 προσαίτην
3226 1528 3528 1598 ὠνόμαζεν.
3566 1528 3782 1591 Πάντας
3822 1529 4009 1579 τοίνυν

752 1612 976 1679 pultam,
1004 1612 1096 1667 sed
1125 1628 1245 1682 quae
1264 1612 1419 1665 ﬂoret
1448 1611 1725 1680 vigetque,
1759 1619 1813 1664 et
1846 1611 2170 1667 incxstincta
2201 1629 2321 1683 per-

2420 1620 2546 1681 τοὺς
2573 1620 2700 1689 παρ’
2722 1619 2870 1690 αύτῷ
2894 1620 3215 1687 φοιτῶντας,
3235 1619 3684 1690 καὶφαινὸμενος,
3713 1621 3806 1673 καὶ
3838 1618 4010 1689 φθεγ-

752 1713 914 1772 petuo
932 1713 1131 1769 manet,
1148 1719 1210 1760 ac
1229 1703 1534 1757 volentibus
1554 1718 1711 1773 opem
1750 1702 1891 1758 ferre
1914 1713 2113 1772 potest.
2139 1704 2319 1770 Quare

2420 1711 2665 1781 γόμενος,
2718 1711 2985 1779 ὠφελείας
3042 1711 3266 1782 πληρῶν
3330 1711 3422 1764 τὸν
3477 1711 3691 1769 ἅπαντα
3732 1710 4008 1764 διετέλεσε

752 1795 880 1850 hinc
938 1806 991 1852 et
1051 1813 1149 1867 ego
1203 1794 1641 1851 benedictionem
1692 1811 2013 1865 exposcens,
2077 1797 2311 1851 aliorum

2420 1802 2553 1872 βίον.
2581 1804 2691 1856 Καὶ
2717 1802 2970 1855 ἐντεῦθεν
2990 1802 3045 1854 δὲ
3070 1803 3406 1873 ἐκδημήσας,
3426 1804 3521 1856 καὶ
3545 1806 3624 1866 εἰς
3650 1798 3746 1872 τὴν
3776 1799 3977 1868 ἀγγελι
3994 1827 4007 1839 -

747 1904 965 1957 quoque
991 1888 1321 1942 athletarum
1349 1904 1437 1942 res
1456 1897 1639 1957 gestas
1661 1902 1759 1955 pro
1780 1887 1994 1942 viribus
2016 1903 2309 1958 exponam.
2345 1874 2386 1928 Β

2345 1874 2386 1928 Β
2415 1892 2517 1963 κὴν
2557 1892 2775 1963 χορείαν
2825 1892 3162 1961 μετατεθεὶς,
3212 1893 3471 1947 κατέλιπε
3530 1893 3834 1963 μνήμηνού
3870 1907 4001 1942 συν-

745 1981 1006 2045 ταφείσαν
1038 1979 1269 2050 σώματι,
1300 1980 1411 2033 ἀλλ’
1441 1979 1724 2041 ἀνθοῦσαν,
1755 1981 1848 2033 καὶ
1892 1981 2199 2050 τεθηλυῖαν,
2227 1984 2319 2036 καὶ
2357 1985 2617 2040 ἄσϐεστον
2655 1988 2734 2051 είς
2795 1987 2883 2041 ἀεὶ
2928 1987 3309 2057 διαμένουσαν,
3353 1988 3445 2040 καὶ
3510 1989 3587 2049 εἰς
3635 1987 3820 2054 ὄνησιν
3887 1986 4003 2042 τοῖς

748 2072 1093 2144 βουλομένοις
1111 2074 1402 2144 ἀρκοῦσαν.
1437 2073 1548 2126 Καὶ
1570 2074 1671 2145 τὴν
1708 2075 1956 2129 ἐντεῦθεν
1990 2078 2164 2130 τοίνυν
2190 2078 2578 2150 ἐρανισὰμενος
2607 2082 2877 2151 εὐλογίαν,
2905 2082 2999 2135 καὶ
3019 2080 3089 2133 τά
3122 2080 3262 2133 κατὰ
3321 2082 3445 2143 τοὺς
3499 2080 3691 2144 ἄλλους
3752 2078 4021 2150 ἀθλητὰς·

745 2166 821 2229 ὠς
866 2160 975 2218 οἷόν
1002 2183 1062 2218 τε
1088 2167 1417 2237 διηγήσομαι

1306 2258 1513 2314 ΧΙΙ.-
1550 2259 1751 2314 ZENO.
2938 2258 3038 2314 lB'.
3074 2289 3143 2298 —
3180 2260 3436 2313 ΖΗΝΩΝ.

816 2346 1210 2402 Admirandum
1243 2364 1372 2403 vero
1416 2349 1687 2405 Zenonem
1739 2366 1847 2405 non
1895 2352 2051 2405 multi
2092 2353 2311 2423 quidem

2486 2352 2706 2421 Ζήνωνα
2736 2352 2827 2404 τὸν
2862 2350 3163 2419 θαυμάσιον
3184 2350 3245 2402 οὐ
3276 2350 3460 2402 πολλοὶ
3484 2350 3582 2420 μὲν
3610 2350 3992 2417 γινώσκουσιν,

745 2449 997 2503 norunt,
1030 2441 1123 2494 sed
1149 2441 1241 2510 qui
1280 2453 1484 2497 norunt
1516 2444 1739 2497 laudare
1771 2458 1869 2512 pro
1892 2443 2157 2514 dignitate
2203 2460 2311 2498 non

2414 2441 2463 2493 οἱ
2495 2440 2551 2493 δὲ
2579 2439 2936 2508 γινώσκοντες
2973 2438 3272 2508 θαυμάζειν
3302 2438 3465 2503 ἀξίως
3498 2440 3556 2491 ού
3583 2438 3862 2494 δύνανται.
3890 2435 3990 2493 Οὗ-

746 2539 999 2601 possunt.
1053 2530 1154 2587 llic
1203 2534 1347 2588 enim
1394 2536 1608 2605 1202
1643 2535 1997 2603 amplissimis
2030 2535 2227 2606 opibus
2260 2536 2312 2590 in

2414 2547 2505 2594 τος
2535 2528 2645 2601 γάρ
2678 2528 2907 2583 πλοῦτον
2933 2530 3015 2583 ὅτι
3047 2529 3280 2599 μάλιστα
3302 2529 3553 2582 πλεῖστον
3589 2532 3646 2582 ἐν
3676 2534 3739 2600 τῇ
3768 2533 3990 2603 πατρίδι

744 2624 918 2690 patria
945 2664 960 2689 ,
994 2623 1095 2677 hoc
1117 2632 1233 2689 est,
1266 2625 1319 2679 in
1352 2624 1562 2689 Ponto,
1595 2626 1840 2695 .relictis,
1872 2623 2061 2680 Basilii
2087 2628 2266 2697 magni
2299 2668 2312 2690 ,

2414 2620 2729 2676 καταλιπὼν
2760 2620 2919 2692 (αὕτη
2957 2621 3014 2674 δὲ
3040 2616 3108 2692 ἦν
3144 2622 3172 2673 ὁ
3209 2621 3456 2689 Πόντος),
3512 2622 3793 2692 άπήλαυσε
3866 2626 3988 2694 μὲν,

748 2725 803 2768 ut
828 2715 1041 2778 aiebat,
1076 2716 1320 2771 vicinam
1365 2716 1769 2787 Cappadociam
1819 2717 2102 2787 irrigantis
2136 2717 2307 2771 imbu-

2414 2713 2488 2777 ὡς
2514 2713 2687 2782 ἔλεγε,
2713 2713 2820 2767 τῶν
2850 2713 3131 2767 Βασιλείω
3159 2713 3253 2766 τοῦ
3319 2714 3558 2783 μεγάλου
3592 2716 3849 2784 ναμάτων
3877 2734 3991 2783 γει-

744 2811 836 2855 tus
861 2810 947 2857 est
982 2801 1230 2867 liuentis,
1282 2814 1336 2858 et
1380 2806 1596 2861 l‘ruetus
1652 2807 1967 2877 irrigatione
1998 2807 2085 2860 illa
2117 2807 2313 2878 dignos

2411 2803 2737 2867 τονεύοντος,
2767 2803 2859 2857 καὶ
2885 2802 2981 2873 τὴν
3016 2804 3402 2857 Καππαδοκῶν
3435 2804 3771 2874 ἀρδεύοντος,
3798 2807 3899 2876 τῆς
3935 2808 3990 2861 δὲ

744 2888 888 2942 tulit.
921 2888 1097 2944 Simul
1134 2906 1197 2945 ac
1230 2894 1376 2947 enim
1411 2892 1616 2949 Valens
1653 2895 1951 2964 imperator
1978 2910 2008 2951 e
2040 2895 2149 2949 vita
2179 2896 2310 2950 sub~

2413 2895 2633 2965 ἀρδείας
2689 2894 2873 2959 ἀξίους
2927 2896 3177 2953 ἀπέδωκε
3210 2898 3337 2960 τοὺς
3362 2897 3627 2968 καρπούς.
3664 2900 3842 2963 Εὐθὺς
3889 2900 3994 2970 μέν

745 2982 887 3035 latus
907 2990 1011 3045 est,
1046 2983 1253 3038 militiae
1274 2986 1558 3056 cingulum
1586 2985 1862 3056 deposuit,
1887 3002 2012 3042 cum
2042 2988 2095 3041 in
2118 3002 2307 3042 eorum

2415 2985 2521 3055 γάρ
2570 2984 2865 3048 Οὐάλεντος
2925 2986 3017 3039 τοῦ
3085 2985 3346 3055 βασιλέως
3408 2988 3824 3057 ἀναιρεθέντος,
3890 2990 3990 3059 τὴν

744 3088 975 3127 numero
1010 3075 1307 3141 militaret,
1334 3078 1426 3145 qui
1466 3077 1851 3148 imperatorum
1879 3079 2089 3134 litteras
2114 3080 2309 3134 celeri-

2416 3076 2808 3147 στρατιωτικὴν
2850 3076 3082 3131 ἀπέθετο
3109 3077 3304 3146 ζώνην.
3350 3078 3758 3147 Ἐγκατείλεκτο
3782 3081 3839 3133 δὲ
3871 3084 3989 3143 τοῖς

744 3172 827 3219 ter
851 3164 1128 3220 deferunt.
1155 3165 1234 3220 Ex
1261 3168 1462 3236 palatio
1489 3178 1670 3224 autem
1700 3169 1756 3223 in
1794 3170 2105 3239 sepulcrum
2135 3170 2309 3239 quod-
2339 3222 2375 3240 η

2339 3222 2375 3240 η
2412 3167 2481 3220 τὰ
2537 3168 2798 3236 βασιλέως
2840 3168 3006 3235 ὀξέως
3050 3168 3426 3238 διακομίζουσι
3487 3171 3808 3240 γράμματα.
3853 3172 3990 3225 Ἀπὸ

743 3255 865 3307 dam
906 3271 963 3309 se
998 3258 1322 3323 conferens,
1372 3260 1679 3329 cujusmodi
1713 3261 1768 3314 in
1802 3260 1979 3315 vicino
2010 3262 2309 3316 Antiochia:
2336 3222 2377 3279 ϐ

2336 3222 2377 3279 C
2409 3261 2465 3314 δὲ
2494 3222 2602 3315 τῶν
2647 3222 2932 3331 βασιλείων
2963 3222 3041 3326 είς
3079 3222 3395 3332 τιναιτάφον
3441 3222 3687 3333 ὁρμήσας
3735 3222 3993 3330 (πολλούς

743 3355 927 3400 monte
954 3355 1086 3403 sunt
1134 3349 1365 3417 plurima
1392 3392 1405 3416 ,
1461 3352 1613 3406 solus
1658 3352 1732 3407 ibi
1774 3353 2039 3423 degebat,
2071 3356 2306 3407 animam

2409 3354 2464 3407 δέ
2490 3352 2599 3422 ἔχει
2632 3353 2693 3406 τὸ
2722 3352 2787 3424 τῇ
2828 3354 3132 3424 Ἀντιοχείᾳ
3165 3354 3567 3425 παρακείμενον
3606 3355 3754 3425 ὅρος)
3776 3372 3789 3385 ·
3829 3357 3990 3425 μόνος

743 3437 1077 3506 puriﬁcans,
1112 3440 1343 3510 ejusque
1387 3442 1558 3497 aciem
1611 3459 1955 3515 expurgans,
2006 3453 2059 3499 et
2110 3445 2309 3500 divinae

2408 3445 2583 3515 διῆγε,
2613 3444 2710 3516 τὴν
2746 3444 2924 3515 ψυχὴν
2965 3444 3333 3517 ἐκκαθαίρων,
3366 3446 3460 3499 καὶ
3493 3446 3554 3498 τὸ
3596 3447 3798 3517 ταύτης
3831 3447 3992 3501 dmi.-

743 3543 941 3583 vacans
998 3532 1488 3601 contemplationi,
1560 3534 1765 3605 Deique
1838 3537 2188 3592 ascensiones
2252 3538 2305 3591 in

2409 3536 2504 3588 κὸν
2529 3535 2917 3607 ἀπορρύπτων,
2954 3537 3049 3589 καὶ
3074 3536 3171 3603 τὴν
3198 3536 3350 3590 θείαν
3392 3536 3799 3607 φανταζόμενος
3846 3538 3988 3590 θεω-

740 3622 906 3676 corde
955 3638 1055 3677 suo
1118 3624 1444 3693 disponens',
1496 3634 1551 3681 et
1594 3628 1708 3682 alas
1751 3636 1947 3697 optans
1996 3630 2172 3682 instar
2213 3645 2309 3684 co-

2410 3628 2549 3698 ρίαν,
2600 3629 2693 3681 καὶ
2738 3627 2836 3692 τὰς
2891 3628 2984 3681 τοῦ
3034 3628 3169 3682 Θεοῦ
3236 3629 3529 3691 ἀναϐάσεις
3574 3631 3630 3681 ἐν
3669 3632 3733 3699 τῇ
3783 3631 3988 3700 καρδίᾳ

742 3712 971 3773 Ιιιιιιὺαι.
1000 3719 1053 3769 ει
1106 3714 1157 3766 ἰη
1208 3714 1447 3769 divinam
1495 3718 1737 3784 requiem
1784 3720 2003 3773 evolare
2056 3720 2303 3790 cupiens.

2407 3718 2707 3789 τιθέμενος,
2756 3721 2848 3772 καὶ
2888 3720 3163 3789 πτέρυγας
3223 3720 3407 3774 λαϐεῖν
3470 3720 3601 3772 ὡσεὶ
3656 3725 3990 3791 περιστερᾶς

740 3800 1105 3866 Quamobrem
1148 3804 1346 3859 lectum
1393 3821 1502 3860 non
1543 3808 1767 3874 habuit,
1826 3825 1934 3864 non
1986 3811 2302 3876 lucernam,

2408 3810 2711 3879 ἐφιέμενος,
2747 3810 2840 3862 καὶ
2872 3811 2952 3872 είς
2994 3812 3091 3880 τὴν
3114 3811 3265 3863 θείαν
3297 3811 3643 3864 κατάπαυσιν
3669 3812 3985 3879 ἀναπτῆναι

740 3909 847 3948 non
894 3894 1073 3948 locum
1095 3937 1110 3958 ,
1143 3910 1249 3949 non
1284 3898 1445 3951 ollam
1472 3937 1486 3961 ,
1520 3914 1627 3952 non
1658 3900 1953 3969 lecytlium,
1998 3915 2104 3955 non
2144 3916 2307 3955 arcu-

2409 3899 2607 3954 ποθῶν.
2661 3901 2860 3954 Τούτου
2921 3902 3100 3972 χάριν,
3141 3903 3202 3956 οὐ
3246 3902 3435 3973 κλίνην
3480 3900 3647 3971 εἶχεν,
3673 3904 3733 3956 οὐ
3766 3903 3982 3973 λύχκον,

740 3988 884 4050 lam,
962 4001 1071 4040 non
1145 3988 1375 4053 librum,
1432 4004 1540 4043 non
1596 3990 1744 4044 aliud
1793 3992 2088 4061 quidquam
2147 4007 2160 4045 :
2210 3994 2303 4047 sed

2407 3992 2505 4045 οὐκ
2544 3993 2799 4062 ἐσχάραν,
2823 3994 2883 4047 οὐ
2915 3993 3139 4064 χύτραν,
3173 3994 3233 4047 οὐ
3268 3994 3524 4064 ληκύθιον
3546 4033 3559 4057 ,
3598 3996 3656 4047 οὐ
3704 3995 3982 4056 κιϐώτιον,

736 4076 968 4131 vetustis
1025 4078 1383 4132 amiciebatur
1450 4080 1738 4145 amiculis,
1798 4090 1851 4135 et
1914 4084 2304 4137 calceamentis

2406 4084 2465 4137 οὐ
2508 4084 2730 4154 βιϐλίον,
2755 4087 2855 4140 οὐκ
2891 4086 3018 4139 ἄλλο
3040 4104 3091 4139 τι
3119 4103 3130 4115 ·
3153 4086 3289 4139 ἀλλά
3347 4085 3511 4155 ῥάκια
3544 4087 3640 4156 μὲν
3678 4086 3986 4156 ἠμπείχετο

736 4167 1009 4233 similiter,
1056 4183 1176 4237 qua:
1212 4170 1281 4223 ob
1317 4169 1547 4225 detritas
1595 4172 1775 4225 soleas
1811 4173 2047 4228 vinculis
2096 4174 2305 4245 indige-

2407 4176 2630 4240 παλαιά,
2655 4179 2749 4230 καὶ
2778 4178 3098 4248 ὑποδήματα
3123 4178 3178 4230 δὲ
3196 4177 3457 4240 ὡσαύτως
3478 4178 3691 4248 δεσμῶν
3721 4179 3976 4248 δεόμενα·

739 4268 879 4314 rent.
913 4260 996 4314 Ab
1043 4276 1154 4315 uno
1191 4268 1402 4316 tanmm
1454 4277 1521 4321 ex
1573 4264 1769 4318 amicis
1804 4265 2007 4319 victum
2044 4282 2302 4323 necessa-

2404 4268 2625 4339 διῄρητο
2678 4268 2786 4340 γάρ
2832 4269 2941 4322 τῶν
3000 4270 3360 4341 καττυμάτων
3404 4269 3474 4323 τὰ
3520 4270 3787 4340 δέρματα.
3846 4272 3983 4341 Παρ’

737 4350 878 4404 rium
923 4352 1248 4422 accipiebat.
1296 4351 1347 4407 Is
1402 4361 1583 4408 autem
1637 4366 1754 4409 erat
1792 4356 1951 4426 panis
1993 4373 2135 4412 unus
2165 4360 2303 4417 duos

2406 4358 2524 4421 ἐνὸς
2552 4359 2608 4411 δὲ
2645 4359 2805 4427 μόνου
2836 4358 2945 4412 τῶν
2979 4361 3272 4430 γνωρίμων
3296 4362 3395 4430 τὴν
3421 4362 3725 4428 ἀναγκαίαν
3770 4363 3983 4431 τροφὴν

736 4445 791 4498 in
826 4444 945 4499 dies
972 4444 1290 4499 attributus.
1322 4444 1531 4514 Aquam
1564 4448 1755 4516 procul
1786 4449 2039 4503 haustam
2078 4451 2303 4518 ipsemet

2406 4450 2720 4521 ἐπορίζετο·
2760 4449 2899 4519 αὕτη
2926 4450 2981 4503 δὲ
3019 4446 3087 4520 ἦν
3116 4445 3195 4513 εἷς
3227 4451 3388 4521 ἄρτος
3434 4451 3527 4503 δύο
3574 4452 3984 4521 χορηγούμενος

737 4533 1021 4589 aﬂ‘erebat.
1065 4532 1311 4604 Rogatus
1342 4545 1521 4591 autem
1552 4552 1579 4590 a
1618 4540 1887 4607 quodam,
1924 4540 2017 4607 qui
2046 4555 2168 4595 eum
2200 4541 2303 4596 sub
2336 4558 2378 4612 ι)

2336 4558 2378 4612 ι)
2407 4542 2639 4613 ἡμέραις
2674 4558 2687 4572 ·
2733 4542 2793 4594 τὸ
2825 4541 2882 4594 δὲ
2930 4541 3073 4612 ὕδωρ
3120 4541 3399 4613 πόρρωθεν
3462 4544 3763 4613 ἀρυόμενος
3819 4546 3980 4607 αὐτὸς

734 4641 902 4680 onere
927 4625 1170 4689 viderat,
1209 4634 1268 4680 ut
1314 4628 1549 4682 allevare
1581 4631 1834 4696 liceret‘,
1859 4634 2036 4700 primo
2080 4633 2298 4702 quidem

2406 4634 2586 4703 ἔφερε.
2615 4633 2722 4687 Καί
2754 4634 2880 4687 ποτέ
2904 4650 2985 4696 τις
3012 4632 3171 4685 αὑτὸν
3192 4634 3596 4705 ἀχθοφοροῦντα
3622 4619 3980 4705 θεασάμενος.

736 4718 966 4779 restitit,
1035 4717 1177 4772 ferre
1224 4734 1295 4773 se
1348 4735 1457 4774 non
1515 4736 1677 4790 posse
1732 4721 1959 4786 dicens,
2011 4732 2069 4777 ut
2104 4739 2301 4793 aquam
2347 4719 2353 4727 ’

2347 4719 2353 4727 ’
2408 4728 2648 4779 ἱκέτευσε
2697 4728 2953 4794 κουφῖσαι
3008 4724 3102 4778 τοῦ
3158 4725 3318 4778 πόνου
3355 4741 3369 4755 °
3403 4726 3509 4778 ὁδέ
3536 4726 3605 4778 τά
3642 4726 3737 4795 μὲν
3788 4726 3984 4793 πρῶτα

739 4818 983 4865 sumeret
1013 4825 1176 4880 quam
1212 4812 1351 4864 alter
1376 4812 1671 4867 attulisset.
1700 4810 1768 4866 Ut
1797 4828 1924 4867 vero
1955 4828 2014 4868 se
2046 4829 2152 4868 non
2188 4831 2307 4884 per-

2405 4818 2678 4873 άντέτεινε
2706 4857 2721 4881 ,
2768 4818 3034 4871 διδάσκων
3078 4818 3153 4882 ὡς
3204 4820 3304 4872 οὐκ
3359 4819 3605 4885 ἀνέξεται
3655 4818 3982 4887 μεταλαϐεῖν

737 4900 971 4954 suadere
995 4900 1417 4967 animadvertit,
1456 4916 1624 4954 urnas
1659 4901 1885 4955 tradidit
1930 4920 1941 4954 :
1981 4903 2117 4955 duas
2161 4904 2303 4955 enim

2408 4911 2597 4974 ὓδατος
2628 4912 2719 4964 ὑπ’
2765 4910 2925 4965 ἄλλου
2979 4909 3354 4981 κομισθέντος.
3390 4912 3477 4975 Ὠς
3503 4912 3558 4963 δὲ
3593 4912 3694 4963 οὐκ
3742 4911 3980 4976 ἔπεισεν,

734 4992 999 5044 ambabus
1032 4991 1283 5045 manibus
1302 4991 1532 5046 ferebat.
1558 4989 1662 5045 Sed
1687 5007 1808 5045 cum
1838 4992 1905 5045 ad
1933 4993 2057 5046 atrii
2079 4993 2301 5062 januam

2405 5002 2571 5055 ἔδωκε
2604 5001 2673 5054 τά
2713 5002 2967 5071 σταμνίω
3030 5002 3122 5055 δύο
3155 5004 3262 5072 γὰρ
3288 5004 3489 5072 ἀμφοῖν
3520 5006 3641 5056 ταῖν
3664 5006 3848 5075 χεροῖν
3884 5007 3981 5057 ἐπ-

736 5082 1101 5151 pervenisset,
1128 5081 1299 5136 ell'usa
1324 5097 1464 5151 aqua
1488 5090 1541 5136 et
1562 5082 1809 5151 dispersa
1833 5123 1846 5147 ,
1882 5082 2078 5136 iterum
2108 5098 2306 5135 cucur-

2411 5093 2654 5161 ἐφέρετο.
2703 5090 2789 5154 Ὠς
2817 5092 2874 5145 δὲ
2903 5092 3033 5145 εἴσω
3056 5092 3155 5161 τῆς
3188 5092 3372 5145 αὐλίου
3408 5092 3578 5163 θύρας
3613 5094 3853 5161 ἐγένετο,
3888 5094 3980 5145 ἐκ-

738 5175 807 5226 rit
840 5173 906 5227 ad
940 5172 1142 5227 fontem
1164 5210 1180 5235 ,
1232 5186 1293 5225 ea
1328 5186 1450 5242 quae
1496 5171 1709 5226 dixerat
1752 5186 1915 5241 opere
1947 5171 2301 5226 conﬁrmans.

2405 5187 2535 5249 χέας
2566 5181 2627 5232 τδ
2652 5179 2795 5251 ὕδωρ
2834 5181 2927 5233 καὶ
2961 5180 3277 5251 διαῤῥάνας,
3314 5182 3477 5235 πάλιν
3506 5183 3742 5253 ἔδραμεν
3769 5185 3865 5236 ἐπὶ
3892 5185 3984 5237 τὸν

740 5264 850 5334 Ego
878 5278 1095 5333 quoque
1126 5264 1243 5333 ipse
1272 5300 1286 5327 ,
1324 5279 1448 5318 cum
1481 5264 1716 5333 primum
1752 5265 1872 5333 ejus
1906 5264 2123 5318 videndi
2170 5265 2308 5318 desi-

2406 5272 2655 5341 κρουνδν,
2705 5272 2850 5342 ἔργῳ
2885 5271 3188 5341 βεϐαιώσας
3210 5275 3334 5336 τοὺς
3362 5273 3575 5341 λόγους.
3616 5273 3789 5340 Κάγὼ
3812 5275 3870 5327 δέ
3892 5276 3980 5328 ὅτε

738 5355 893 5409 derio
922 5355 976 5407 in
998 5361 1234 5409 montem
1261 5354 1509 5418 aseendi,
1531 5372 1698 5411 urnas
1721 5358 1973 5412 manibus
1999 5357 2208 5427 1203
2228 5366 2307 5411 te-

2407 5363 2621 5431 πρῶτον
2646 5360 2805 5413 αὑτὸν
2831 5362 3112 5433 ἱστορῆσαι
3136 5362 3375 5433 ποθήσας
3399 5365 3477 5427 είς
3492 5363 3552 5415 τὸ
3577 5363 3701 5432 ὅρος
3724 5365 3979 5434 ἀνῆλθον,

740 5456 953 5500 uentem
981 5446 1089 5499 vidi
1116 5464 1128 5499 :
1158 5446 1359 5502 deinde
1387 5461 1512 5501 cum
1542 5448 1880 5511 seiscitarer,
1914 5449 2135 5503 ubinam
2163 5458 2307 5503 esset

2406 5451 2721 5522 ἐθεασάμην
2752 5454 2873 5505 ταῖν
2917 5455 3096 5523 χεροῖν
3122 5452 3189 5505 τά
3227 5453 3458 5522 σταμνία
3496 5454 3813 5522 κατέχοντα.
3849 5450 3984 5507 Εἶτα

736 5537 1045 5595 admirandi
1074 5537 1312 5595 Zenonis
1358 5539 1734 5595 habitaculum
1762 5580 1776 5604 ,
1812 5542 2022 5595 nullum
2060 5556 2119 5596 se
2145 5555 2305 5595 nosse

2407 5543 2643 5613 ⁴ὴρόμην,
2676 5543 2808 5596 ὅπου
2837 5544 2921 5615 εἴη
2963 5544 3024 5597 τὸ
3053 5544 3146 5597 τοῦ
3194 5544 3494 5614 θαυμασίου
3540 5545 3786 5614 Ζήνωνος
3844 5562 3981 5597 κατ-

736 5631 1064 5685 mouachum
1093 5632 1231 5687 dixit
1257 5673 1272 5698 ,
1315 5631 1406 5702 qui
1445 5632 1545 5686 hoc
1579 5635 1799 5688 nomine
1820 5641 2124 5689 vocaretur.
2149 5632 2305 5689 Unde

2407 5632 2665 5699 αγώγιον·
2691 5634 2718 5684 ὁ
2738 5632 2795 5685 δὲ
2815 5633 3017 5703 ἥκιστα
3047 5633 3231 5701 ἔλεγεν
3250 5632 3444 5685 εἰδέναι
3470 5631 3774 5701 μονάζοντα
3804 5631 3983 5705 ταύτῃ

736 5718 886 5771 illum
920 5719 1095 5788 ipsum
1118 5736 1240 5776 esse
1268 5720 1561 5776 verborum
1593 5737 1655 5775 ex
1685 5723 1952 5777 modestia
1983 5723 2302 5793 conjiciens,

2405 5727 2468 5793 τῇ
2511 5724 2853 5795 προσηγορίᾳ
2912 5724 3264 5795 καλούμενον.
3329 5722 3468 5790 Ἐγὼ
3516 5722 3574 5775 δὲ
3617 5722 3779 5776 αὑτὸν
3841 5719 3981 5777 εἶναι

734 5816 959 5872 secutus
986 5824 1105 5865 sum
1123 5850 1136 5877 ,
1159 5808 1496 5881 januamque
1525 5810 1899 5883 introgressus
1920 5855 1932 5879 ,
1968 5814 2165 5870 lectum
2192 5812 2299 5868 vidi

2406 5816 2646 5880 τοπάσας
2676 5808 2925 5887 εἱπόμην,
2962 5817 3263 5887 τεκμήριον
3300 5816 3619 5887 ποιούμενος
3664 5815 3774 5870 τῶν
3804 5815 3984 5885 λόγων
