4206 6456
186 396 207 458 1
219 400 319 461 397

1404 404 1812 464 RELIGIOSA
1850 404 2233 463 HISTORIA.

3283 406 3420 475 1398

176 508 234 560 τὺ
267 507 510 577 μέτριον.
547 504 632 572 Ὠς
663 509 719 561 δὲ
753 510 884 563 είσω
930 511 1029 581 τῆς
1081 511 1250 582 θύρας
1294 515 1579 586 ἐγενόμην,
1633 532 1747 567 στι-

1853 527 1920 567 cx
1955 513 2078 567 fcno
2102 522 2480 572 constructum
2503 554 2516 579 ,
2562 526 2614 572 et
2657 519 2817 572 aliam
2851 518 3145 587 quamdam
3185 527 3421 575 storcam

178 599 308 653 ϐάδα
335 594 603 654 εἶδονάπδ
627 602 819 671 χόρτου
844 602 1231 674 συγκειμένην,
1269 604 1364 657 καὶ
1405 604 1592 675 ἕτερόν
1621 599 1772 657 τινα’

176 691 407 760 φορυτδν
434 692 525 743 ἐπὶ
552 692 658 744 τῶν
686 692 848 745 λίθων
878 695 1347 764 κατεστρωμένον,
1371 695 1448 757 ώς
1476 697 1745 767 μηδεμίαν

174 780 381 833 ἐκεῖθεν
398 783 447 833 οἱ
473 784 558 835 ἐπ’
589 783 780 854 ἐκείνῳ
801 783 1115 863 -καθήμενοι
1130 787 1493 857 ἀποφέροιντο
1517 788 1741 859 βλάϐην.

184 872 266 934 Ὠς
299 872 357 925 δὲ
384 872 614 936 πολλοὺς
648 874 777 943 περὶ
829 873 1147 943 φιλοσοφίας
1190 873 1520 947 ἐκινῆσαμεν
1558 876 1745 945 λόγους

177 963 305 1031 (ἐγὼ
339 965 566 1035 μὲνγὰρ
599 964 998 1036 ἐπυνθανόμην,
1033 968 1193 1032 αὐτὸς
1224 968 1281 1021 δὲ
1315 971 1445 1038 ἡμῖν
1473 969 1744 1022 ἀνέπτασε

172 1052 236 1104 τά
265 1051 599 1125 ζητούμενα)
622 1072 637 1087 ο
667 1058 760 1109 καὶ
800 1056 905 1109 ἔδει
951 1058 1137 1111 λοιπὸν
1170 1059 1475 1112 -ἐπανιὲναι
1535 1060 1741 1122 οἴκαδε,

175 1138 412 1192 ίκέτευον
455 1141 617 1195 αὐτὸν
648 1143 828 1199 δοῦναι
857 1145 926 1198 τὰ
953 1146 1054 1215 τῆς
1074 1148 1324 1215 εὐλογίας
1356 1150 1563 1217 ἐφόδια.
1607 1150 1665 1203 '0
1688 1151 1745 1203 δὲ

171 1230 461 1296 ἀντέτεινε,
502 1233 738 1303 πληροῦν
781 1237 929 1306 ἡμᾶς
964 1236 1060 1308 τὴν
1116 1239 1282 1309 εὐχὴν
1326 1239 1551 1309 ἔννομον
1599 1236 1742 1295 εἶναι

173 1319 339 1387 λέγων
368 1340 382 1353 ο
422 1324 517 1375 καὶ
547 1326 737 1379 ἐαυτὸν
764 1327 863 1397 μὲν
893 1328 1110 1400 ἰδιώτην
1149 1332 1350 1398 καλῶν,
1405 1332 1742 1404 στρατιώτας

171 1411 223 1464 δὲ
251 1414 400 1481 ἡμᾶς
433 1416 736 1486 ὀνομάζων.
772 1422 881 1473 Καὶ
904 1420 1014 1490 γὰρ
1040 1422 1338 1492 ἐτύγχανον
1365 1426 1621 1492 τηνικάδε
1645 1426 1743 1489 τὰς

173 1500 317 1569 ῑεράς
351 1503 582 1569 Βίϐλους
612 1506 691 1577 τῷ
717 1507 845 1577 θείῳ
878 1511 1344 1579 ὑπαναγινώσκων
1379 1513 1511 1583 λαῷ.
1554 1514 1742 1584 Ἠμῶν

168 1592 223 1646 δὲ
250 1596 350 1665 τὴν
390 1598 620 1668 νεότητα
650 1601 1144 1674 προϐαλλομένων,-
1174 1610 1268 1659 καί¹
1300 1608 1398 1677 τῆς
1428 1608 1646 1677 ἡλικίας
1682 1610 1741 1662 τὸ

170 1684 339 1754 ἄωρον
392 1688 541 1759 (ἄρτι
590 1692 697 1761 γάρ
744 1693 919 1747 ίούλου
975 1696 1231 1767 βραχεῖάν
1287 1716 1409 1752 τινα
1471 1701 1740 1772 προϐολὴν

169 1778 516 1848 ὲᾶδέγμεθα)
543 1822 558 1845 ,
590 1784 684 1836 καὶ
708 1784 1079 1854 δίομνυμένων
1111 1788 1185 1848 ὡς
1204 1791 1300 1860 οὐχ
1336 1792 1537 1863 ἥξομεν
1562 1790 1736 1856 αὖθις,

1854 604 2128 673 lapidibus
2156 607 2439 660 instratam
2469 645 2483 669 ,
2535 614 2596 659 ut
2629 609 2850 662 minime
2883 609 3210 662 Imderentur
3235 610 3328 676 qui
3368 611 3421 662 iu

1853 695 1938 750 his
1978 696 2348 751 considerent.
2387 697 2514 752 Post
2538 698 2740 753 inultos
2766 709 2942 753 autem
2976 702 3042 755 de
3081 700 3421 770 philosophia

1851 789 1993 843 inter
2016 804 2116 843 nos
2163 788 2378 843 habitos
2435 805 2722 845 sermones
2771 791 2892 862 (ego
2934 794 3077 846 cnim
3128 800 3421 862 perconta-

1851 880 1969 944 bar,
2016 889 2071 936 et
2113 880 2206 935 ille
2241 882 2470 950 quaesita
2509 881 2896 952 explanabat),
2930 897 3052 936 cum
3100 885 3278 939 redire
3305 884 3421 953 jam

1851 972 2071 1027 domum
2107 979 2425 1042 oporteret,
2469 973 2691 1026 orabam
2745 980 2802 1026 ιιι
2848 972 3245 1027 benedictionis
3272 973 3423 1027 viati-

1850 1076 1973 1115 cum
2031 1063 2207 1117 daret.
2260 1061 2357 1117 Ille
2412 1078 2544 1119 vero
2592 1066 2970 1134 repugnabat,
3031 1079 3244 1135 mquam
3299 1078 3422 1118 esse

1849 1154 2075 1218 dicens,
2109 1163 2169 1208 ut
2203 1170 2304 1210 nos
2338 1170 2531 1225 preces
2571 1170 2958 1237 perageremus
2985 1197 2998 1219 .
3039 1157 3423 1226 privatumque

1850 1261 1911 1301 se
1950 1246 2241 1301 nominans
2267 1288 2282 1313 ,
2312 1247 2514 1329 milites
2544 1262 2648 1302 nos
2693 1246 3018 1317 appellabat.
3052 1246 3249 1301 Lector
3272 1249 3420 1301 enim

1848 1346 1983 1392 tunc
2002 1353 2181 1403 eram,
2210 1345 2265 1392 et
2287 1338 2500 1393 divinas
2530 1338 2844 1409 Scripturas
2869 1337 3072 1408 populo
3099 1337 3418 1400 recitabam.

1847 1429 2097 1499 Cumque
2154 1419 2614 1493 adolescentiam,
2693 1437 3018 1499 aetatemque
3072 1429 3418 1482 immaturam

1848 1522 2267 1577 ob’tendcremus
2294 1560 2309 1585 ,
2353 1530 2411 1574 ιιι
2467 1521 2671 1592 quibus
2700 1522 2787 1575 vix
2838 1522 3013 1590 prima
3064 1521 3265 1589 lanugo
3293 1533 3420 1574 suc-

1848 1622 2152 1677 cresceret,
2189 1627 2251 1666 ac
2284 1628 2385 1668 nos
2412 1612 2611 1667 iterum
2640 1625 2750 1665 non
2779 1619 3043 1665 venturos
3068 1612 3415 1680 juraremus,

1849 1704 1891 1756 si
1927 1704 2029 1757 hoc
2060 1718 2206 1757 nunc
2253 1702 2429 1757 facere
2480 1717 2821 1773 cogeremur,
2854 1716 2999 1770 aegre
3038 1700 3251 1756 tandem
3293 1714 3417 1770 pre-

1847 1793 2005 1848 cibus
2033 1792 2288 1856 inﬂexus,
2316 1790 2425 1847 Deo
2451 1793 2672 1862 quidem
2703 1792 3161 1847 intercessionem
3185 1791 3413 1853 obtulit,

170 1867 393 1922 εἰτοῦτο
430 1870 629 1941 δράσαι
675 1875 769 1929 νῦν
805 1876 1161 1949 βιασθείημεν
1196 1898 1208 1911 ο
1255 1883 1406 1951 μόλις
1454 1885 1551 1952 ὀψέ
1609 1903 1737 1939 ποτε

1844 1884 1937 1939 sed
1984 1884 2439 1939 intercessionem
2495 1884 2657 1954 longa
2713 1885 3072 1938 excusatione
3124 1883 3412 1952 purgavit,

166 1962 277 2022 ταῖς
296 1962 561 2027 ἱκετείαις
586 1967 975 2037 ἐπικαμφοεὶς,
1008 1974 1351 2042 προσήνεγκε
1390 1976 1486 2045 μὲν
1516 1977 1594 2046 τῷ
1618 1978 1737 2048 Θεῴ

167 2051 259 2120 τὴν
286 2055 585 2123 πρεσϐείαν
606 2073 618 2086 ·
658 2061 876 2131 μακρὰν
896 2061 951 2115 δὲ
974 2062 1112 2133 ὑπὲρ
1147 2066 1249 2136 τῆς
1277 2068 1575 2137 πρεσϐείας
1605 2072 1738 2123 ἁπο-

168 2142 349 2210 λογέαν
368 2147 627 2213 ἐξέτεινε,
654 2150 872 2221 ἀγάπης
899 2154 1086 2207 εἵνεκα
1116 2158 1209 2209 καὶ
1235 2158 1737 2235 εὐπειθείαςιτουτο

168 2240 525 2306 πεποιηκέναι
574 2240 748 2309 λέγων
783 2260 797 2275 ’
830 2246 922 2297 καὶ
966 2246 1075 2317 γὰρ
1123 2249 1391 2320 ἠκούομεν
1446 2242 1737 2323 εύχὸμένου

166 2328 504 2394 πελάζοντες.
540 2333 614 2385 Τὸ
632 2332 688 2385 δὲ
718 2335 771 2386 ὲν
835 2337 1077 2407 τοσούτῳ
1124 2340 1444 2410 φιλοσοφίας
1479 2343 1605 2411 ὕψει
1648 2363 1738 2400 το-

164 2418 360 2490 σαύτην
417 2422 564 2493 ἔχειν
632 2431 976 2497 φρονήματος
1039 2432 1367 2504 μετριότητα
1426 2437 1735 2510 πρεσϐύτην

160 2511 322 2581 ἄνδρα
362 2513 799 2586 (τεσσαράκοντα
834 2518 943 2588 γὰρ
973 2518 1068 2589 ἐτη
1099 2522 1156 2573 ὲν
1197 2525 1260 2593 τῇ
1292 2524 1525 2595 ἀσκήσει
1554 2526 1737 2598 διηνυ-

161 2600 262 2665 κὼς
299 2602 648 2675 ἐτύγχανεν),
690 2608 775 2672 τίς
813 2608 878 2663 ἂν
915 2610 1082 2677 ἀξίως
1112 2612 1448 2684 θαυμάσειε;
1492 2620 1651 2671 ποίαν
1679 2621 1735 2673 δὲ

159 2692 218 2744 ἀν
242 2712 324 2758 τις
343 2696 423 2766 τῷ
455 2698 675 2767 μεγέθει
722 2703 1033 2774 πρόσφορον
1090 2706 1364 2777 εὐφημίαν
1419 2712 1731 2780 ποιήσαιτος

159 2784 422 2841 Τοσοῦτον
462 2790 517 2842 δὲ
554 2791 753 2862 ἀρετῆς
806 2797 1145 2865 κεκτημένος
1196 2799 1447 2863 πλοῦτον,
1479 2803 1554 2865 ώς
1577 2806 1735 2877 πενίᾳ

158 2879 215 2945 τῇ
235 2878 439 2950 ἐσχάτῃ
474 2882 674 2948 συζῶν,
717 2886 798 2948 είς
825 2888 925 2958 τὴν
956 2886 1107 2942 θείαν
1140 2891 1437 2961 ἐκκλησίαν
1468 2895 1605 2962 μετά
1625 2896 1733 2949 τῶν

158 2967 359 3023 πολλῶν
382 2972 529 3025 κατά
552 2975 833 3048 Κυριακὴν
863 2978 1075 3049 ἡμέραν
1097 2982 1305 3049 ἐφοίταο
1325 2984 1543 3037 καὶτῶν
1573 2985 1734 3041 θείων

157 3060 355 3115 ἐπαΐων
410 3063 612 3133 λόγων,
661 3070 757 3120 καὶ
806 3072 920 3132 τοῖς
962 3070 1304 3136 διδασκάλοις
1361 3074 1640 3141 ὑποτιθεὶς
1664 3079 1733 3132 τὰ

156 3141 280 3216 ὦτα,
295 3152 391 3205 καὶ
411 3153 514 3222 τῆς
532 3158 800 3227 μυστικῆς
823 3159 1252 3230 μεταλαμϐάνων
1268 3164 1564 3234 τραπέζης,
1582 3169 1660 3230 είς
1673 3168 1733 3221 τὸ

160 3245 333 3296 καινὸν
368 3248 551 3299 ἐκεῖνο
574 3249 915 3318 καταγώγιον
945 3252 1196 3324 ἐπανῄειο
1234 3254 1294 3307 οὐ
1322 3255 1552 3310 κλειδίον
1571 3257 1731 3327 ἔχων,

159 3336 211 3388 ού
231 3337 450 3405 φύλακα
470 3340 913 3412 καταλιμπάνων·
930 3343 1130 3399 ἄϐατον
1151 3345 1256 3417 γὰρ
1277 3343 1344 3419 ἦν
1368 3352 1477 3412 τοῖς
1496 3350 1734 3422 κακούρ-

158 3444 285 3496 γοις,
307 3430 405 3484 κα)⁵
432 3432 711 3497 παντελῶς
756 3434 976 3500 ἄσυλον,
1014 3439 1172 3506 μόνον
1205 3438 1343 3509 ἔχων
1406 3441 1613 3495 ἐκεῖνον
1640 3444 1733 3496 τὸν

160 3522 401 3589 φορυτόν.
436 3522 628 3577 Βίϐλον
653 3523 707 3578 δὲ
734 3525 863 3595 μίαν
912 3528 1065 3598 παρά
1096 3528 1205 3581 τῶν
1232 3530 1477 3598 συνήθων
1520 3530 1733 3601 λαμϐά-

158 3625 286 3675 νων,
336 3613 711 3680 ἀνεγίνωσκεν
754 3618 973 3670 ἆπασαν
1009 3635 1021 3648 ·
1060 3619 1154 3672 καὶ
1196 3620 1402 3692 ταύτην
1447 3624 1732 3689 ἀποδιδοὺς

157 3704 437 3773 πρότερον,
497 3704 669 3770 οὕτως
742 3709 937 3777 ἑτέραν
998 3710 1326 3780 ἐλάμϐανεν.
1384 3715 1522 3767 Ἀλλ’
1580 3717 1731 3786 ὅμως

157 3794 373 3865 κλεῖθρα
401 3798 505 3850 οὐκ
531 3797 690 3867 ἔχων,
728 3800 850 3853 οὐδὲ
909 3803 1124 3871 μοχλοῖς
1166 3804 1465 3874 χρώμενος,
1498 3808 1602 3860 ὑπὸ
1632 3810 1732 3878 τῆς

156 3885 349 3940 ἀνωθεν
421 3890 649 3959 χάριτος
712 3894 1051 3965 ἐφρουρεῖτο.
1090 3898 1201 3949 Καὶ
1241 3897 1401 3951 τοῦτο
1447 3901 1632 3970 σαςρῶς
1661 3904 1728 3956 δι’

156 3978 314 4046 αὐτῆς
335 3981 438 4049 τῆς
466 3982 663 4052 πείρας
700 3983 997 4055 ἐμάθομεν.
1036 3986 1164 4040 Ὅτε
1196 3988 1301 4058 γάρ
1335 3990 1443 4042 τῶν
1470 3992 1728 4064 Ἰσαύρων

156 4068 181 4118 ό
206 4068 354 4139 λόχος
395 4072 617 4143 νύκτωρ
661 4075 925 4129 κατέλαϐε
960 4077 1058 4148 τὴν
1100 4081 1413 4152 ἀκρόπολιν,
1440 4080 1559 4138 εἶτα
1593 4092 1727 4156 μετά

157 4160 244 4228 τὴν
266 4164 338 4217 ἒω
374 4165 573 4236 μέχρις
591 4167 761 4236 αὐτῆς
789 4170 886 4238 τῆς
908 4169 1186 4239 ὑπωρείας
1206 4175 1569 4245 κατέδραμον,
1604 4178 1730 4231 πολ-

157 4253 270 4320 λοὺς
302 4260 402 4327 μὲν
432 4260 654 4329 ἄνδρας,
686 4263 887 4326 πολλάς
913 4264 970 4316 δὲ
998 4268 1261 4332 γυναῖκας
1305 4268 1399 4320 τὸν
1430 4270 1729 4341 ἀσκητικὸν

161 4345 440 4411 μετιούσας
478 4347 617 4417 βίον,
647 4350 874 4419 ἀπηνῶς
926 4354 1342 4423 κατηκόντισαν.
1376 4358 1509 4411 Τότε
1549 4359 1727 4416 τοίνυν

156 4435 328 4501 ὁθεῖος
356 4434 514 4502 οὗτος
540 4442 699 4512 ἀνὴρ,
726 4443 834 4495 τῶν
860 4444 1034 4498 ἀλλων
1062 4446 1333 4515 θεώμενος
1366 4451 1462 4513 τὰς
1494 4457 1725 4522 σφαγὰς,

1842 1978 2131 2031 charitatis
2166 1977 2602 2045 obedientiaeque
2657 1976 2833 2044 gratia
2869 1990 2927 2030 se
2962 1974 3159 2029 fecisse
3184 1974 3412 2035 dicens:

1840 2071 2065 2139 propius
2111 2069 2259 2122 enini
2310 2071 2638 2123 accedentes
2664 2075 2981 2137 precantem
3034 2066 3412 2121 audiebamus.

1838 2161 1993 2227 Quod
2028 2172 2208 2216 autem
2243 2160 2309 2215 ad
2342 2167 2555 2213 tantum
2614 2160 2974 2228 philosophiae
3017 2159 3234 2213 culmen
3279 2172 3408 2213 eve-

1838 2261 1992 2317 ctus,
2044 2261 2250 2305 tantam
2293 2252 2455 2306 animi
2508 2251 2940 2306 moderationem
2992 2250 3282 2306 retinuerit
3328 2251 3415 2305 vir

1837 2344 2196 2415 grandaevus,
2252 2345 2346 2415 qui
2403 2359 2578 2399 annos
2622 2343 2991 2414 quadraginta
3026 2351 3325 2413 perpetuos
3355 2343 3408 2396 in

1836 2437 2140 2491 monastica
2195 2436 2593 2491 exercitatione
2628 2442 2923 2504 posuerat,
2965 2435 3091 2503 quis
3127 2434 3266 2489 satis
3313 2435 3412 2488 ad-

1837 2528 2027 2581 mirari
2056 2571 2072 2594 ,
2104 2536 2197 2582 aut
2234 2528 2360 2597 quis
2408 2526 2772 2598 magnitudini
2809 2541 2970 2597 pares
2994 2526 3190 2581 alferre
3221 2526 3410 2580 laudes

1837 2618 2053 2688 possit?
2085 2617 2150 2672 Et
2177 2629 2358 2674 tamen
2382 2657 2396 2680 ,
2430 2633 2555 2673 cum
2605 2624 2789 2671 tantas
2818 2616 3038 2672 virtutis
3072 2631 3204 2687 opes
3234 2617 3411 2686 possi-

1836 2711 2023 2772 deret,
2068 2711 2223 2778 quasi
2273 2720 2515 2764 extrema
2562 2710 2820 2763 laborans
2869 2708 3097 2786 in0pia,
3148 2708 3403 2763 veniebat

1836 2817 1956 2855 eam
1998 2802 2198 2870 populo
2238 2801 2304 2855 ad
2338 2803 2585 2855 divinam
2624 2802 2913 2856 ecclesiam
2954 2801 3045 2854 die
3088 2799 3406 2861 Dominico,

1840 2892 2051 2962 1204
2102 2901 2156 2947 et
2202 2892 2419 2947 divinos
2471 2891 2729 2947 audiebat
2782 2905 3098 2956 sermones,
3143 2898 3197 2945 et
3247 2904 3409 2945 aures

1837 2982 2115 3049 praebebat
2142 2982 2461 3037 doctoribus
2496 3019 2513 3045 ,
2546 2992 2600 3036 et
2628 2982 2870 3052 mystica:
2901 2995 3103 3036 mensae
3132 2979 3408 3049 particeps

1837 3071 2050 3136 factus,
2126 3075 2340 3128 redibat
2396 3074 2462 3128 ad
2516 3088 2717 3128 novum
2769 3072 2947 3128 illud'
2992 3072 3405 3137 habitaculum,

1837 3179 1944 3218 non
1979 3166 2186 3220 clavem
2234 3165 2480 3229 habens,
2538 3180 2648 3218 non
2703 3178 2915 3227 seram,
2963 3177 3067 3217 nec
3123 3163 3404 3217 custodem

1839 3258 2008 3310 ullum
2066 3257 2419 3327 relinquens,
2471 3256 2601 3327 quia
2652 3256 2860 3310 invium
2907 3262 3024 3309 erat
3068 3269 3407 3325 prorsusque

1837 3350 2150 3403 inviolabile
2175 3349 2470 3416 maleficis,
2498 3356 2555 3403 ut
2585 3350 2731 3418 quod
2765 3355 2962 3419 praeter
2984 3355 3221 3401 stoream
3256 3348 3404 3401 illam

1835 3445 1972 3500 nihil
2009 3444 2251 3499 haberet.
2289 3443 2467 3500 Unum
2506 3443 2706 3498 librum
2748 3457 2777 3496 a
2808 3442 3088 3498 sodalibus
3129 3443 3406 3511 accipiens

1834 3543 2010 3589 totum
2064 3534 2409 3603 perlegebat,
2468 3534 2661 3588 ethoc
2713 3534 2868 3603 prius
2916 3533 3128 3587 reddito
3172 3533 3402 3586 alterum

1835 3625 2157 3695 accipiebat.
2203 3624 2404 3680 Verum
2438 3640 2590 3679 seras
2620 3625 2748 3678 licet
2799 3640 2908 3679 non
2970 3624 3192 3679 haberet
3233 3623 3403 3677 vccn—

1832 3718 2044 3787 busque
2071 3730 2177 3776 non
2212 3721 2479 3778 uteretur,
2510 3728 2539 3767 a
2572 3727 2807 3783 superna
2837 3714 3011 3784 gratia
3056 3712 3405 3767 custodieba-

1834 3818 1925 3863 tur
1973 3827 1986 3863 :
2030 3805 2179 3878 quod
2226 3806 2448 3876 quidem
2482 3806 2818 3875 experientia
2854 3806 2975 3874 ipsa
3027 3803 3240 3874 liquido
3279 3817 3404 3872 per-

1834 3902 2133 3971 speximus.
2189 3897 2321 3952 Nam
2371 3913 2482 3968 quo
2528 3906 2773 3966 tempore
2818 3898 3132 3949 Isaurorum
3184 3900 3401 3946 caterva

1830 4004 1994 4048 noctu
2052 4006 2233 4045 arcem
2294 3991 2471 4060 cepit,
2535 4002 2802 4058 maneque
2854 3988 2922 4042 ad
2979 3986 3178 4041 montis
3234 4000 3406 4054 usque

1830 4084 2045 4138 radices
2070 4083 2377 4151 progressi,
2410 4081 2679 4152 plurimos
2707 4089 2820 4133 tum
2851 4079 3001 4133 viros
3021 4085 3136 4132 tum
3172 4076 3404 4131 feminas

1831 4177 1996 4230 vitam
2030 4186 2253 4245 agentes
2302 4175 2665 4230 monasticam
2709 4173 2970 4228 atrociter
3000 4170 3401 4230 confoderunt,

1830 4268 1912 4322 vir
1933 4267 2019 4321 hic
2041 4267 2259 4320 divinus
2285 4266 2513 4319 aliorum
2532 4265 2708 4319 caedes
2733 4265 2970 4326 intuens,
2989 4263 3205 4317 illorum
3228 4261 3404 4315 oculis

1832 4374 1992 4430 prece
2020 4371 2120 4413 sua
2157 4357 2415 4412 tenebras
2451 4356 2646 4410 olfudit
2669 4395 2684 4419 ,
2724 4356 2798 4409 ita
2833 4356 3138 4424 utjanuam
3184 4360 3406 4422 practer-

1830 4459 2023 4506 euntes
2052 4466 2162 4505 non
2208 4458 2521 4504 cernerent.
2558 4446 2627 4502 Ut
2656 4458 2834 4503 autem
2875 4446 3174 4509 referebat,
3209 4452 3400 4499 testem

158 4527 276 4599 εὖχῇ
310 4531 409 4594 τὰς
438 4532 665 4585 ἐκείνων
689 4535 935 4604 κατεμαύ
949 4553 1121 4607 ρωσεν
1144 4538 1294 4607 ὄψεις
1316 4559 1328 4571 .
1368 4544 1462 4595 καὶ
1486 4544 1573 4596 διὰ
1628 4548 1726 4615 τῆς

1835 4544 2113 4613 appellans
2136 4541 2438 4603 veritatem,
2471 4548 2582 4593 tres
2602 4540 2769 4594 etiam
2793 4540 3168 4592 adolescentes
3196 4535 3405 4604 perspio

159 4616 316 4687 θύρας
376 4622 552 4687 ίόντες
603 4624 703 4677 οὐκ
769 4624 1037 4696 ἐθεώρουν
1099 4628 1195 4699 τὴν
1261 4632 1484 4688 εἷσοδον.
1541 4636 1627 4697 Ὡς
1670 4639 1725 4693 δὲ

159 4704 370 4774 ἔφασκε,
438 4714 693 4783 μάρτυρα
756 4715 938 4769 καλῶν
987 4718 1084 4787 τὴν
1116 4719 1396 4789 ἀλήθειαν,
1447 4727 1541 4778 καὶ
1601 4731 1725 4799 τρία

1833 4653 1932 4692 cue
1966 4637 2118 4697 vidit,
2151 4635 2243 4703 qui
2272 4642 2446 4687 totum
2477 4631 2610 4686 illud
2648 4645 2841 4700 agmen
2879 4628 3259 4701 profligahant,
3295 4625 3405 4680 Deo

1834 4728 2167 4801 peculiarem
2212 4739 2367 4779 suam
2416 4723 2649 4793 gratiam
2691 4730 2879 4790 aperte
2911 4722 3343 4777 demonstrautc.

161 4802 411 4871 μειράκια
438 4804 687 4874 ἐναργῶς
712 4805 975 4861 ἐθεάσατο
996 4807 1143 4864 ἅπαν
1166 4813 1342 4866 ἐκεῖνο
1387 4814 1735 4880 ἐξελαύνοντα
1789 4825 1851 4879 τὸ
1891 4821 2098 4889 στίφος,
2137 4816 2322 4884 σαψῶς
2349 4816 2443 4869 τοῦ
2476 4813 2612 4867 θεοῦ
2646 4812 2748 4883 τὴν
2801 4813 3005 4867 οἰκείαν
3056 4812 3214 4881 Χάριν
3270 4812 3401 4863 ὑπ’

157 4890 469 4962 δεικνύντος.

230 4988 442 5043 Ὀποίον
475 4991 578 5061 μὲν
605 4988 698 5045 οὗν
725 4992 821 5064 ἔζη
856 4994 970 5065 βίον
1000 4998 1028 5051 ό
1052 4996 1193 5062 θεῖος
1241 4993 1398 5067 οὗτος
1435 5005 1595 5077 ἀνὴρ,
1626 5009 1722 5062 καὶ

159 5075 263 5139 σίας
301 5078 489 5134 θεόθεν
537 5083 822 5152 ἀπήλαυσε
881 5086 1122 5157 χάριτος,
1181 5090 1396 5164 ἀπόχρη
1434 5075 1724 5151 καὶταῦτα

160 5166 373 5259 διδάξαι.
405 5172 569 5227 Ἀλλά
601 5175 712 5246 γὰρ
742 5177 1038 5246 ἀναγκαῖον
1076 5181 1295 5237 κάκεῖνο
1321 5185 1529 5251 τούτοις
1560 5206 1728 5259 προσ-

162 5256 337 5318 θεῖναι.
380 5265 520 5318 Δίαν
566 5266 727 5320 αὐτὸν
775 5268 903 5336 ἡνία
954 5272 1049 5324 καὶ
1094 5273 1305 5340 ἔδακνε,
1366 5278 1427 5330 τὸ
1452 5256 1726 5349 διαμεῖναι

162 5350 251 5421 τὴν
302 5358 622 5428 περιουσίαν
655 5398 669 5423 ,
728 5360 823 5414 καὶ
887 5361 961 5432 μὴ
1029 5364 1169 5417 κατά
1224 5366 1315 5419 τὸν
1374 5370 1728 5438 εὐαγγελικὸν

162 5441 517 5516 διαπραθῆναί
559 5465 619 5501 τε
655 5451 749 5503 καὶ
782 5450 1176 5523 διανεμηθῆναι
1223 5457 1405 5526 νόμον.
1453 5459 1634 5513 Αἴτιον
1670 5460 1728 5514 δὲ

164 5534 339 5591 τούτου
366 5534 435 5610 ἦν
456 5540 557 5607 τῆς
577 5540 685 5593 τῶν
700 5542 942 5612 ἀδελφῶν
966 5545 1182 5615 ἡλικίας
1203 5547 1265 5600 τί,
1293 5549 1494 5620 ἄωρον.
1512 5551 1728 5622 Ἐπειδὴ

166 5628 262 5699 γὰρ
305 5630 461 5685 κοινά
493 5628 562 5703 ἦν
591 5634 662 5687 τά
687 5652 747 5687 τε
777 5637 1050 5707 κτήματα,
1096 5639 1188 5692 καὶ
1220 5640 1287 5693 τὰ
1320 5643 1600 5713 χρήματα,
1634 5644 1731 5696 αὖ·

158 5719 251 5809 1τος
281 5724 376 5793 μὲν
406 5724 735 5779 καταλαϐεῖν
764 5726 866 5796 τῆς
894 5728 1155 5799 διανομῆς
1200 5730 1387 5785 ἕνεκεν
1436 5733 1533 5803 τὴν
1582 5736 1733 5802 ὲνεγ⁴

160 5812 359 5869 αοῦσαν
388 5817 488 5870 οὐκ
520 5815 710 5887 ἢθελεν
747 5834 757 5848 ·
800 5820 969 5893 ἑτέρῳ
990 5820 1044 5874 δὲ
1083 5822 1182 5893 τῆς
1222 5823 1408 5886 οὐσίας
1443 5825 1732 5882 ἀπιδόσθσι

1901 4998 2130 5066 Qualem
2166 4994 2495 5064 ergovitam
2526 4995 2610 5047 vir
2649 4994 2752 5047 iste
2784 5002 3007 5048 sanctus
3050 4993 3301 5059 duxerit,
3347 5003 3402 5050 et

1834 5106 1996 5162 quam
2027 5087 2292 5143 divinitus
2325 5085 2557 5155 gratiam
2608 5084 2910 5153 acceperit,
2949 5083 3165 5139 abunde
3202 5084 3403 5144 docere

1836 5187 1949 5240 haec
1994 5189 2224 5253 possunt
2288 5199 2299 5233 :
2362 5178 2457 5233 sed
2512 5184 2697 5231 tamen
2756 5175 2886 5230 illud
2926 5177 3092 5231 etiam
3139 5177 3224 5232 his
3275 5177 3399 5231 addi

1835 5289 2061 5329 necesse
2087 5278 2193 5326 est.
2222 5268 2471 5339 Angebat
2510 5268 2660 5321 illum
2693 5267 2997 5334 urchatque
3033 5269 3404 5326 vehementer,

1837 5365 1982 5436 quod
2028 5364 2253 5432 integrae
2296 5368 2580 5414 manerent
2612 5361 2784 5429 ipsius
2816 5357 3144 5418 facultates.
3196 5367 3251 5414 et
3294 5375 3401 5413 non

1832 5459 1987 5528 juxta
2047 5457 2216 5524 legem
2281 5452 2648 5523 evangelicam
2698 5451 2933 5504 venditat
2986 5464 3050 5503 ac
3100 5440 3415 5503 distribu’lan.

1839 5549 2092 5604 fuissent.
2127 5546 2310 5601 Causa
2344 5553 2525 5599 autem
2559 5542 2679 5611 ejus
2711 5543 2786 5597 rei
2821 5540 3002 5595 fuerat
3042 5539 3229 5593 fratris
3264 5538 3404 5594 filio-

1839 5658 1959 5699 rum
2001 5654 2133 5696 aatas
2172 5641 2487 5695 immatura.
2527 5634 2662 5689 Nam
2703 5647 3021 5689 communes
3056 5648 3178 5686 cum
3224 5641 3407 5687 essent

1844 5735 2223 5807 possessiones
2252 5740 2305 5786 ct
2338 5729 2581 5800 pecuniae
2608 5769 2621 5792 ,
2656 5742 2757 5782 nec
2789 5727 2841 5779 in
2876 5726 3108 5793 patriam
3136 5725 3249 5793 ipse
3276 5724 3407 5776 divi.

1842 5828 2015 5883 sionis
2050 5826 2221 5898 gratia
2248 5822 2518 5895 proficisci
2550 5820 2799 5885 volebat,
2835 5825 2887 5874 et
2922 5818 3239 5873 facultatum
3282 5831 3379 5886 pan
