4206 6456
759 386 889 450 1399

1705 378 2191 438 THEUDORETI
2259 379 2596 442 EPISCOPI
2649 385 3015 448 CYRENSIS

3876 394 4026 458 1100

755 509 863 552 tem
907 495 1117 567 1205
1149 495 1467 550 venundare
1494 495 1807 560 verebatur,
1842 511 1911 551 ne
1931 496 1976 551 si
2008 496 2232 552 avarius
2263 496 2332 552 ab

2441 498 2496 552 τὸ
2538 502 2706 573 μέρος
2761 505 2975 567 ἐδεδίει,
3009 509 3084 578 μὴ
3132 509 3418 581 πλεονεξίᾳ
3443 513 3491 564 oi
3540 513 3835 583 ὠνούμενοι
3874 515 4017 567 κατά

753 592 1095 660 emptoribus
1140 596 1513 641 tractarentur
1561 586 1794 642 fratrum
1843 587 1983 655 ﬁlii,
2041 589 2096 643 in
2150 589 2329 658 ipsum

755 681 1059 733 calumniae.
1083 676 1477 731 redundarent.
1531 677 1656 732 Hac
1697 677 1842 746 apud
1891 693 1953 733 se
1999 679 2182 732 animo
2213 695 2332 732 ver-

755 785 886 826 sans
910 768 1278 822 venditionem
1317 769 1411 823 diu
1447 769 1680 824 distulit.
1723 768 1920 825 Postea
1961 785 2086 824 cum
2114 770 2331 824 cuidam

755 877 821 914 ex
855 861 962 914 sibi
1016 861 1166 914 notis
1193 861 1380 915 omnia
1412 859 1781 926 vendidisset,
1840 877 2089 932 magnam
2123 871 2330 932 partem

755 951 876 1020 Ipse
925 951 1268 1016 distribuit”
1307 966 1370 1005 ac
1417 950 1484 1006 de
1533 953 1751 1008 caeteris
1803 953 2107 1008 deliberare
2141 954 2332 1008 morbo

755 1043 1158 1101 lnterveniente
1209 1052 1434 1100 coactus
1482 1053 1586 1099 est.
1640 1045 1832 1099 Accito
1879 1045 2047 1114 igitur
2092 1044 2332 1100 civitatis

754 1135 1005 1189 antistite
1048 1137 1118 1202 (is
1148 1143 1330 1190 autem
1375 1145 1496 1189 erat
1527 1152 1756 1205 magnus
1789 1134 2125 1203 Alexander,
2150 1137 2333 1207 splen?-

757 1228 860 1280 dor
898 1227 1228 1296 religionis,
1280 1215 1562 1297 exeniplar
1595 1228 1856 1292 virtutis,
1909 1237 2102 1284 exacta
2153 1230 2333 1298 imago

755 1318 1179 1390 philosophiae):
1221 1339 1239 1372 ι
1277 1319 1554 1376 Adesdum
1582 1370 1599 1388 ,
1643 1322 1859 1392 inquit,
1901 1336 1933 1374 ο
1959 1322 2330 1378 venerandum

755 1413 890 1466 mihi
917 1422 1082 1483 caput
1108 1455 1122 1478 ,
1149 1424 1267 1468 esto
1297 1414 1527 1469 istarum
1553 1431 1772 1485 quoque
1793 1415 2152 1484 pecuniarum
2186 1415 2330 1484 opti-

756 1521 880 1560 mus
916 1507 1282 1573 dispensator,
1315 1522 1410 1561 eas
1447 1507 1602 1576 juxta
1634 1507 1726 1562 Dei
1775 1509 2108 1561 voluntatem
2142 1507 2332 1562 distri-

756 1595 931 1650 buens
957 1635 972 1656 ,
1006 1605 1268 1665 tanquam
1329 1596 1430 1665 ipsi
1467 1596 1639 1664 judici
1686 1597 1955 1654 rationem
1994 1597 2328 1652 redditurus.

755 1687 909 1742 Alias
934 1689 1080 1742 enim
1114 1704 1240 1743 mea
1270 1689 1384 1757 ipse
1410 1703 1574 1742 manu
1610 1703 1774 1757 quam
1807 1689 2012 1758 Optime
2037 1689 2217 1742 visum
2247 1696 2332 1742 est

757 1775 1072 1847 dispensari
1103 1817 1118 1840 ,
1157 1787 1213 1832 et
1262 1779 1504 1848 reliquas
1547 1779 1804 1834 similiter
1836 1779 2161 1848 dispensare
2210 1777 2332 1830 ani-

760 1878 1048 1923 mus‘erat.
1088 1867 1194 1924 Sed
1219 1870 1480 1939 quoniam
1510 1872 1663 1925 abire
1691 1873 1800 1925 ex.“
1835 1870 1935 1924 hac
1962 1870 2074 1924 vita
2107 1869 2329 1939 jubeor,

761 1959 954 2013 harum
987 1969 1041 2014 te
1080 1961 1521 2031 dispensatorem
1560 1963 1788 2017 instituo
1812 2005 1826 2028 ,
1864 1963 1960 2030 qui
1997 1969 2052 2016 et
2087 1961 2331 2031 pontifex

761 2065 842 2115 es,
895 2061 949 2105 et
990 2051 1309 2120 pontiﬁcatu
1364 2054 1587 2124 dignam
1618 2054 1786 2109 vitam
1825 2053 1967 2123 agis.
2004 2073 2026 2106 δ
2066 2053 2338 2108 Pecunias

759 2160 892 2214 ergo
926 2146 1079 2200 velut
1102 2147 1288 2200 divino
1321 2147 1585 2216 qumstori
1619 2146 1845 2200 tradidit
1875 2165 1888 2200 :
1921 2148 2036 2214 ipse
2061 2161 2199 2201 vero,
2225 2162 2334 2199 non

762 2236 934 2290 multo
983 2247 1106 2307 post
1140 2245 1384 2306 tempore
1435 2244 1754 2307 superstes,
1798 2246 2054 2306 tanquam
2093 2237 2336 2307 Olympi-

761 2343 860 2381 cus
900 2328 1075 2382 victor
1107 2328 1381 2397 quispiam
1438 2343 1506 2383 ex
1555 2329 1738 2382 stadio
1772 2328 2051 2389 decessit,
2101 2343 2210 2381 non
2269 2327 2336 2380 ab

760 2420 1077 2475 hominibus
1117 2421 1535 2485 tantummodo,
1590 2420 1684 2475 sed
1732 2419 1801 2474 ab
1855 2419 2063 2490 angelis
2114 2433 2336 2488 quoque

764 2509 950 2566 laudes
977 2511 1239 2566 referens.
1274 2511 1384 2581 Ego
1416 2519 1597 2566 autem
1626 2513 1774 2566 hunc
1815 2511 1979 2565 etiam
2025 2509 2158 2563 mihi
2190 2507 2335 2578 apud

762 2601 932 2655 Deum
972 2600 1392 2656 intercessorem
1444 2601 1785 2672 deposcens,
1828 2600 1896 2654 ad
1929 2601 2158 2656 alteram
2210 2615 2341 2654 nar-

763 2693 1038 2747 rationem
1076 2691 1337 2763 deinceps
1363 2707 1450 2747 me
1481 2699 1819 2747 convertam.

1188 2876 1330 2931 XIII.
1360 2907 1424 2919 -—-
1444 2874 1909 2932 MACEDONIUS.

835 2969 1217 3026 Macedonium
1249 2984 1381 3024 vero
1401 3008 1417 3033 ,
1456 2970 1550 3040 qui
1574 2969 1940 3040 Critophagus
1967 2969 2043 3039 (id
2069 2976 2184 3034 est,
2213 2971 2340 3023 lior-

763 3060 918 3115 deum
974 3061 1154 3130 edens)
1199 3060 1506 3131 appellatus
1545 3068 1631 3115 est
1669 3059 1796 3130 (hoc
1823 3061 1968 3114 enim
2001 3060 2083 3115 illi
2131 3075 2340 3131 cogno-

2435 592 2543 645 τῶν
2573 595 2817 664 ἀδελφῶν
2850 601 3210 671 χρησάμενοι,
3249 605 3620 676 βλασφημίαις
3665 607 3830 661 αὐτὸν
3859 623 4018 675 περι-

2436 686 2664 741 ϐάλωσι.
2697 689 2932 753 Τούτους
2961 695 3021 745 ὲν
3043 694 3223 765 ἑαυτῷ
3250 698 3498 768 στρέφων
3533 701 3660 762 τοὺς
3689 699 4010 767 λογισμοὺς.

2437 777 2602 830 πολὺν
2632 779 2731 849 τὴν
2769 780 3028 834 ἀπόδοσιν
3055 784 3379 840 ἀνεϐάλλετο
3427 789 3638 859 χρόνον,
3695 787 3927 857 ὕστερον
3960 786 4018 837 δέ

2433 886 2540 922 τινι
2593 870 2702 922 τῶν
2757 872 3050 942 γνωρίμων
3105 876 3441 948 ἀποδόμενος
3497 877 3742 938 ἃπαντα,
3791 877 3862 930 τά
3917 877 4020 946 μὲν

2436 961 2664 1016 πλεῖστα
2696 964 2972 1037 διένειμε..
2992 968 3196 1039 μεταξὺ
3224 969 3280 1022 δὲ
3305 971 3585 1042 ἀρρωστία
3609 969 3866 1040 συμϐᾶσα
3889 971 4019 1038 περὶ⁵

2432 1053 2541 1107 τῶν
2569 1055 2918 1129 λειπομένων,
2949 1060 3341 1129 βουλεύσασθαι
3374 1061 3785 1132 κατηνάγκασε.
3833 1061 4020 1114 Mssa-

2434 1145 2792 1216 πεμψάμενος
2825 1149 3003 1201 τοίνυν
3036 1150 3128 1202 τὸν
3163 1150 3265 1220 τῆς
3301 1151 3508 1211 πόλεως
3544 1150 3810 1220 πρόεδρον
3837 1145 3929 1218 (ἦν
3962 1150 4018 1200 δὲ

2431 1234 2462 1288 ὁ
2490 1233 2661 1305 μέγας
2697 1237 3095 1308 Ἀλέξανδρος),
3133 1239 3193 1292 τὸ
3224 1240 3324 1310 τῆς
3367 1238 3649 1306 εὐσεϐείας
3711 1239 4016 1308 ἀγλάϊσμα.

2433 1328 2532 1397 τῆς
2557 1328 2761 1398 ἀρετῆς
2781 1330 2841 1382 τὸ
2873 1331 3204 1401 ἀρχέτυπον,
3233 1334 3265 1402 ή
3297 1332 3535 1402 ἀκριϐὴς
3565 1335 3663 1402 τῆς
3695 1331 4019 1400 φιλοσοφίας

2434 1419 2617 1483 εἰκὼν,
2664 1420 2889 1491 «Δεῦρο,
2925 1421 3051 1492 ἔφη,
3078 1418 3122 1475 ὦ
3154 1422 3273 1476 θεία
3308 1440 3398 1492 μοι
3437 1422 3670 1494 κεφαλὴ,
3695 1423 3856 1490 γενοῦ
3922 1424 4022 1474 καὶ

2433 1509 2600 1563 τῶνδε
2629 1511 2738 1564 τῶν
2796 1513 3094 1582 χρημάτων
3141 1514 3362 1584 ἄριστος
3418 1514 3721 1582 οἰκονόμος,
3749 1512 3896 1566 κατὰ
3928 1511 4024 1563 τὸν

2436 1602 2576 1655 θετον
2641 1603 2784 1656 αὐτὰ
2840 1603 3109 1673 διανέμων
3158 1604 3380 1666 σκοπὸν,
3413 1604 3487 1666 ὡς
3522 1605 3714 1673 ἐκείνῳ
3735 1603 3814 1672 τῷ
3852 1605 4021 1673 κριτῇ

2433 1693 2533 1756 τὰς
2559 1694 2788 1757 εὐθύνας
2821 1693 3050 1761 ὑφέξων.
3081 1695 3204 1746 Τῶν
3238 1696 3338 1765 μὲν
3362 1695 3469 1766 γάρ
3494 1695 3670 1748 ἄλλων
3710 1694 4024 1764 αὐτουργὸς

2436 1784 2705 1855 ἐγενόμην
2742 1787 2871 1854 ἐγὼ,
2903 1787 2996 1839 καὶ
3038 1764 3322 1859 διέδωκαῇ
3361 1764 3612 1856 ἐνόμιζον
3656 1787 3856 1856 ἄριστα
3878 1801 3891 1814 °
3924 1786 4024 1837 καὶ

2438 1879 2506 1930 τὰ
2537 1878 2833 1948 λειπόμενα
2863 1878 2920 1931 δὲ
2949 1879 3347 1950 παραπλησίως
3365 1880 3668 1949 οἰκονομεῖν
3691 1877 4018 1947 ἐϐουλόμην.

2454 1972 2670 2040 Ἐπειδὴ
2692 1971 2748 2024 δὲ
2772 1973 2834 2024 ἐκ
2864 1971 3018 2024 τοῦδε
3060 1970 3155 2023 τοῦ
3185 1971 3299 2041 βίου
3344 1970 3648 2042 μεταϐῆναι
3694 1968 4020 2038 κελεύομαι,

2442 2065 2499 2115 σὲ
2532 2065 2739 2118 τούτων
2767 2065 3050 2133 οἰκονόμον
3085 2064 3404 2134 καθίστημι,
3451 2063 3712 2135 ἀρχιερέα
3755 2080 3814 2115 τε
3863 2063 4019 2125 ὄντα,

2439 2157 2534 2209 καὶ
2592 2156 2692 2234 ¹,ἧς
2737 2158 3148 2227 ἀρχιερωσύνης
3201 2157 3368 2223 ἀξίως
3420 2155 3856 2225 πολιτευόμενον.
3888 2172 3906 2204 ι
3938 2152 4022 2205 Τὰ

2443 2248 2540 2318 μὲν
2571 2239 2664 2301 οὖν
2689 2249 2948 2320 χρήματα
2981 2249 3056 2311 ὡς
3094 2247 3224 2318 θείῳ
3255 2247 3428 2319 ταμίᾳ
3475 2247 3893 2319 παραδέδωκενο
3919 2246 4022 2299 αὗ-

2438 2338 2529 2402 τδς
2547 2339 2605 2392 δὲ
2635 2339 2696 2393 οὐ
2743 2340 2910 2394 πολὺν
2955 2339 3256 2403 ἐπιϐιώσας
3309 2339 3523 2412 χρόνον,
3574 2335 3664 2393 οἶά
3691 2356 3775 2401 τις
3815 2338 4021 2406 Ὀλυμ·

2439 2431 2692 2503 πιονίκης
2750 2433 2858 2486 ἀπὸ
2905 2433 3015 2486 τῶν
3069 2431 3411 2502 σκαμμάτων
3458 2430 3707 2502 ἀπῆρεν,
3753 2429 3816 2482 οῦ
3867 2428 4023 2498 παρὰ

2439 2522 2744 2594 ἀνθρώπων
2777 2523 2958 2593 μόνον,
2997 2523 3134 2576 ἀλλὰ
3177 2523 3272 2576 καὶ
3306 2521 3459 2592 παρά
3509 2522 3754 2592 ἀγγέλων
3789 2520 3891 2592 τὴν
3931 2521 4026 2572 εὑ-

2441 2616 2651 2686 φημίαν
2706 2615 3020 2685 δεξάμενος.
3075 2614 3219 2684 Ἐγὼ
3261 2615 3318 2668 δὲ
3368 2615 3461 2669 καὶ
3507 2614 3696 2667 τοῦτον
3739 2613 3877 2684 πρὸς
3928 2611 4025 2664 τὸν

2441 2708 2718 2777 Δεσπότην
2775 2708 2913 2777 ὑπὲρ
2961 2706 3097 2777 ἐμοῦ
3144 2706 3467 2776 πρεσϐεύειν
3526 2704 3909 2770 ἀντιϐολήσας,
3941 2705 4028 2766 εἰς

2441 2799 2635 2871 ἑτέραν
2665 2799 2916 2868 διήγησιν
2937 2799 3030 2853 τοῦ
3069 2798 3265 2852 λοιποῦ
3285 2799 3713 2870 μετατρέψομαι.

2903 2891 3075 2944 ῙΓ’.-
3108 2889 3577 2944 ΜΑΚΕΔΟΝῙΟΣ.

2513 2982 2843 3038 Μακεδόνων
2883 2983 2959 3046 δὲ,
3016 2982 3107 3034 τὸν
3156 2981 3386 3052 ἐπίκλην
3434 2979 3782 3049 Κριθοφάγον
3810 2977 3875 3048 (ή
3913 2977 4027 3046 γάρ

2443 3077 2619 3131 τοιάδε
2641 3075 2816 3148 τροφὴ
2844 3075 3045 3146 ταύτην
3077 3073 3228 3144 αὑτῷ
3261 3073 3362 3145 τὴν
3383 3073 3699 3142 ἐπωνυμίαν
3725 3070 4024 3140 ἐπέθηκεν)

763 3169 887 3207 men
933 3168 1061 3208 esca
1115 3153 1265 3208 dedit
1300 3168 1406 3223 qua
1436 3152 1816 3222 vescebatur),
1866 3159 2071 3207 norunt
2112 3154 2332 3223 quidem

2447 3168 2593 3221 ίσασι
2617 3169 2716 3238 μὲν
2743 3168 3003 3230 ἅπαντες,
3033 3166 3277 3230 Φοίνικές
3306 3182 3388 3230 τε,
3420 3165 3513 3218 καὶ
3536 3165 3715 3236 Σύροι,
3743 3164 3837 3217 καὶ
3867 3162 4025 3215 Κίλι-

761 3262 954 3300 omnes
983 3254 1037 3301 et
1065 3245 1350 3301 Phoenices
1370 3288 1385 3311 ,
1417 3253 1470 3300 et
1501 3243 1623 3316 Syri
1647 3286 1660 3310 ,
1683 3256 1736 3299 et
1764 3244 1960 3300 Cilices
1987 3263 2001 3310 ;
2051 3253 2258 3300 norunt
2285 3254 2340 3299 et

762 3339 995 3392 istorum
1033 3338 1196 3391 vicini
1228 3347 1391 3406 atque
1419 3335 1628 3390 ﬁnitimi
1659 3351 1932 3405 :quorum
1953 3336 2044 3388 alii
2077 3335 2341 3389 miracula

764 3429 869 3483 viri
911 3429 1088 3483 oculis
1137 3427 1258 3483 suis
1289 3426 1574 3492 viderunt,
1609 3425 1704 3478 alii
1743 3425 1955 3496 1206
2001 3425 2198 3480 famam
2249 3425 2339 3480 illa

765 3519 1155 3590 prmdicantem
1191 3518 1244 3573 et
1293 3519 1660 3574 celebrantem
1705 3519 2052 3572 audiverunt.
2093 3516 2206 3571 Nec
2255 3528 2346 3572 ta-

763 3627 889 3665 men
920 3611 1105 3664 omnia
1138 3611 1319 3664 sciunt
1357 3625 1552 3665 omnes
1587 3629 1600 3664 :
1652 3609 1746 3664 sed
1787 3625 1913 3662 cum
1951 3609 2056 3663 hoc
2101 3610 2188 3664 isti
2213 3650 2227 3670 ,
2263 3610 2343 3664 illi

763 3704 910 3758 aliud
943 3704 1275 3767 didicerint,
1325 3704 1469 3774 quod
1498 3705 1735 3776 quisque
1779 3711 2018 3768 norunt,
2063 3703 2114 3757 id
2145 3704 2344 3757 merito

763 3795 940 3850 solum
975 3794 1337 3849 admirantur.
1390 3793 1501 3864 Ego
1553 3802 1774 3857 autem,
1812 3793 1905 3864 qui
1956 3793 2124 3847 divini
2178 3794 2342 3862 hujus

761 3889 865 3942 viri
923 3903 1012 3942 res
1070 3886 1284 3941 caeteris
1331 3886 1648 3942 accuratius
1717 3885 1882 3949 novi,
1932 3885 2134 3954 quippe
2178 3901 2338 3954 quem

762 3979 827 4032 ad
857 3994 982 4034 eum
1013 3976 1300 4034 visendum
1334 3976 1862 4048 suspiciendumque
1903 3976 2068 4031 multa
2098 3976 2341 4046 impelle-

762 4073 934 4134 hant,
972 4067 1190 4140 singula
1247 4084 1347 4139 pro
1401 4069 1625 4124 viribus
1671 4067 1809 4123 meis
1849 4081 2140 4136 exponam.
2186 4065 2341 4120 llunc

2441 3278 2534 3323 κες
2552 3278 2577 3296 ἰ
2601 3262 2748 3313 ἴσασι
2779 3258 2836 3312 δὲ
2853 3259 2947 3313 καὶ
2964 3255 3434 3328 οίτούτωνὸμοροί
3455 3273 3514 3308 τε
3540 3256 3633 3308 καὶ
3645 3254 3887 3322 γείτονες
3923 3269 3934 3280 ·
3962 3253 4014 3304 οἱ

2445 3350 2541 3420 μὲν
2569 3349 2830 3402 αὐτόπται
2855 3349 2962 3400 τῶν
2983 3348 3074 3400 τοῦ
3099 3346 3290 3415 ἀνδρὸς
3316 3345 3610 3413 θαυμάτων
3633 3343 3942 3412 γενόμενοι,
3974 3343 4026 3392 ot

2440 3441 2497 3493 δὲ
2510 3441 2692 3511 τῆςφὴ
2703 3456 2808 3509 μης
2838 3435 3068 3510 ᾀδούσης
3085 3438 3256 3491 ταῦτα
3275 3437 3366 3489 καὶ
3403 3433 3730 3508 θρυλλούσης
3753 3432 4027 3486 ἀκούσαν-

2441 3545 2550 3590 τες.
2567 3528 2641 3581 Οὐ
2659 3529 2764 3598 μὴν
2775 3527 3009 3590 ἅπαντες
3026 3529 3204 3579 ἴσασιν
3215 3524 3450 3590 ἅπαντα,
3469 3523 3584 3578 ἀλλ’
3601 3522 3764 3594 οἱμὲν
3782 3521 3965 3583 τοῦτο,
3978 3522 4027 3572 ol

2449 3619 2505 3670 δὲ
2537 3621 2710 3671 ὲκεῖνο
2734 3619 3133 3688 μεμαθηκότες,
3151 3617 3178 3668 ὂ
3205 3617 3564 3684 γινώσκουσιν
3586 3612 3816 3674 εἰκότως
3848 3613 4016 3682 μόνον

2443 3711 2832 3781 θαυμάζουσιν.
2879 3710 3019 3778 Ἐγὼ
3045 3710 3124 3772 δὲ,
3158 3709 3226 3762 τὰ
3273 3709 3418 3762 κατά
3451 3707 3551 3776 τὴν
3586 3705 3732 3758 θείαν
3773 3704 3900 3774 ἐμοὶ
3937 3720 4028 3754 κε-

2444 3803 2620 3874 φαλὴν
2649 3803 2760 3855 τῶν
2791 3802 2999 3855 πολλῶν
3031 3801 3419 3875 ἀκριϐέστερον
3447 3799 3806 3868 ἐπιστάμενος
3833 3796 4031 3867 (πολλὰ

2442 3897 2550 3965 γάρ
2576 3912 2665 3965 μοι
2687 3895 2816 3963 παρ’
2843 3893 3005 3945 αὑτὸν
3033 3892 3290 3946 ξέναιικαὶ
3321 3889 3624 3961 θαυμάζειν
3655 3887 3989 3958 προέτρεπε)
4012 3927 4026 3946 ,

2413 3983 2770 4055 ,διηγήσομαι
2803 3980 2879 4044 ὡς
2915 3981 2981 4034 ἂν
3014 3981 3221 4034 ἕκαστα
3243 3978 3511 4049 δύνωμαι.
3546 3975 3765 4043 Ταύτην
3791 3971 3850 4024 δὶ
3875 3969 4029 4040 αὐτῷ

2446 4077 2543 4148 τὴν
2563 4075 2717 4141 τάξιν
2777 4077 3078 4147 τετήρηκα,
3138 4076 3231 4129 καὶ⁵
3294 4073 3432 4144 μετά
3492 4070 3720 4132 πολλοὺς
3771 4064 3940 4119 αὐτοῦ
3970 4063 4033 4116 τὸ

762 4170 948 4217 autem
986 4162 1062 4216 illi
1090 4161 1341 4217 ordinem
1370 4162 1648 4216 reservavi
1679 4201 1694 4222 ,
1736 4171 1790 4215 et
1820 4167 1952 4230 post
1985 4160 2194 4214 multos
2222 4158 2341 4228 ejus

2444 4167 2690 4238 διήγημα
2710 4165 2955 4226 τέθεικα,
2986 4165 3086 4217 οὐκ
3107 4163 3295 4232 ὶπειδὴ
3320 4162 3571 4232 δεύτερος
3593 4159 3701 4214 τῶν
3729 4155 3908 4210 ἀλλων
3929 4154 4035 4224 τὴν

764 4253 1100 4309 mentionem
1144 4253 1414 4309 collocavi
1442 4293 1456 4316 ,
1509 4267 1616 4307 non
1649 4252 1796 4323 quod
1831 4253 2034 4306 virtute
2070 4253 2344 4321 posterior

763 4349 888 4403 aliis
916 4357 1065 4403 esset
1085 4347 1233 4418 (cum
1261 4347 1497 4403 summis
1523 4347 1671 4402 enim
1704 4347 2012 4416 primisque
2043 4345 2337 4414 certabat),

764 4443 858 4498 sed
895 4442 1024 4512 quia
1068 4456 1193 4496 cum
1249 4441 1625 4510 longissimam
1678 4439 1878 4495 vixerit
1919 4445 2134 4493 aetatem
2163 4478 2177 4501 ,
2221 4447 2346 4508 post

766 4534 888 4588 illos
921 4532 1122 4604 quibus
1149 4533 1375 4586 memini
1407 4531 1649 4587 excessit
1683 4547 1714 4588 e
1747 4533 1879 4586 vita.

835 4622 936 4677 llic
967 4638 1103 4692 ergo
1139 4630 1240 4692 pro
1264 4622 1520 4691 palaestra
1561 4629 1616 4678 et
1650 4624 1832 4679 stadio
1865 4623 2139 4678 montium
2172 4623 2345 4676 verti-

764 4732 856 4771 ces
888 4715 1115 4776 habuit,
1151 4730 1258 4768 non
1291 4729 1403 4769 uno
1432 4715 1553 4769 loco
1575 4714 1770 4771 aﬁixus
1797 4756 1810 4779 ,
1849 4716 1947 4770 sed
1976 4731 2123 4770 nunc
2155 4715 2209 4768 in
2242 4716 2346 4769 hoc

765 4811 1002 4878 degens,
1037 4824 1184 4862 nunc
1210 4793 1461 4878 migrans-
1483 4810 1537 4862 in
1571 4808 1760 4862 alium.
1794 4807 1953 4874 Quod
1983 4807 2206 4879 quidem
2237 4822 2344 4860 non

767 4914 832 4951 eo
883 4896 1117 4953 faciebat
1139 4938 1152 4960 ,
1199 4899 1346 4968 quod
1381 4898 1499 4951 loca
1531 4900 1694 4953 taedio
1725 4907 1911 4953 essent
1940 4939 1954 4962 ,
1992 4899 2086 4954 sed
2124 4905 2184 4952 ut
2217 4914 2347 4952 con-

767 4989 1053 5043 ﬂuentium
1106 4987 1170 5041 ad
1217 5004 1274 5042 se
1318 4998 1372 5042 et
1411 4989 1656 5060 undique
1701 4991 2106 5044 accurrentium
2157 4990 2347 5044 turbas

770 5078 1054 5149 eﬁ'ugeret.
1088 5080 1278 5135 Annos
1307 5081 1567 5151 quinque
1586 5091 1641 5137 et
1663 5082 2026 5153 quadraginta
2052 5082 2155 5136 hoc
2185 5082 2348 5135 modo

768 5170 946 5232 duxit,
973 5170 1126 5226 nullo
1150 5183 1310 5227 utens
1343 5173 1722 5235 tabernaculo,
1760 5188 1860 5228 nec
1886 5175 2123 5243 tugurio,
2153 5174 2246 5228 sed
2293 5173 2345 5226 in

771 5262 1041 5332 profunda
1089 5278 1326 5319 caverna
1373 5279 1639 5320 manens:
1671 5264 1814 5320 unde
1855 5275 1910 5319 et
1941 5265 2150 5319 Gubam
2194 5266 2345 5320 illum

769 5351 992 5420 quidam
1012 5353 1633 5423 cognominabant,quae
1652 5370 1779 5417 vox,
1808 5353 2072 5426 Syrorum
2090 5355 2271 5426 lingua
2294 5357 2345 5408 in

771 5447 1012 5500 Graecam
1043 5459 1328 5510 conversa,
1367 5447 1543 5500 (actim
1567 5447 1861 5516 signiﬁcat.
1893 5448 2024 5503 Post
2053 5449 2102 5501 id
2133 5457 2348 5516 tempus

767 5537 876 5607 jam
917 5535 1100 5588 senior
1147 5534 1326 5589 factus
1352 5579 1366 5601 ,
1399 5536 1686 5592 orantibus
1713 5538 1912 5599 cessit,
1963 5544 2018 5591 et
2064 5539 2345 5607 tugurium

771 5625 1044 5679 exstruxit
1101 5644 1110 5678 :
1171 5640 1235 5678 ac
1298 5634 1483 5694 postea
1562 5627 1730 5681 etiam
1792 5628 2094 5682 amicorum
2158 5640 2345 5697 rogatu

769 5717 1122 5769 tlomunculis
1147 5719 1162 5737 '
1194 5732 1412 5788 quoque
1464 5724 1598 5771 usus
1631 5726 1714 5773 cst
1736 5761 1751 5783 ,
1787 5735 1893 5773 non
1938 5719 2173 5789 propriis
2205 5763 2218 5782 .
2257 5725 2348 5777 sed

773 5806 969 5864 alienis
994 5824 1007 5858 :
1037 5809 1351 5877 peregitque
1384 5809 1436 5864 in
1473 5811 1691 5881 tugurio
1717 5820 1766 5864 et
1788 5811 2139 5869 domunculis
2173 5828 2345 5868 annos

2444 4259 2646 4329 ἀρετὴν
2665 4257 2795 4328 (τοῖς
2823 4258 2933 4329 γὰρ
2964 4257 3150 4326 ἄκροις
3186 4257 3280 4310 καί
3311 4255 3548 4328 πρώτοις
3582 4250 3880 4322 ἐφάμιλλος
3912 4243 4030 4316 ἦν).

2447 4352 2560 4406 ἀλλ’
2589 4353 2670 4405 ὅτι
2699 4351 2888 4420 χρόνον
2922 4347 3201 4421 βεϐιωκὼς
3227 4349 3309 4402 ὅτι
3350 4347 3586 4416 μάλιστα
3609 4344 3882 4402 πλεῖστον,
3911 4338 4033 4408 μετ’

2448 4444 2688 4506 ἐκείνους
2711 4436 2790 4495 ὧν
2809 4442 3087 4512 ἐμνήσθην
3108 4439 3202 4492 τοῦ
3233 4439 3349 4508 βίου
3376 4438 3437 4490 τὸ
3456 4438 3636 4506 πέρας
3665 4434 3908 4498 ἐδέξατο.

2520 4617 2689 4688 Οὗτος
2733 4624 2914 4677 τοίνυν
2962 4622 3304 4692 παλαίστραν
3351 4620 3499 4690 ἔσχε,
3535 4618 3628 4673 καὶ
3656 4617 3889 4679 στάδιον,
3933 4619 4039 4678 τὰς

2448 4718 2555 4771 τῶν
2583 4716 2728 4786 ὀρῶν
2757 4714 3026 4786 κορυφάς,
3067 4715 3168 4767 οὐκ
3199 4714 3285 4781 ἐφ’
3314 4713 3432 4776 ὲνδς
3477 4709 3764 4782 ἱδρυμένος
3803 4711 4032 4780 χωρίω,

2448 4807 2584 4863 ἀλλὰ
2614 4807 2709 4861 νῦν
2740 4807 2839 4878 μὲν
2874 4805 3051 4877 τούτῳ
3087 4805 3523 4875 ἐνδιαιτώμενος,
3545 4804 3640 4856 νῦν
3670 4801 3726 4854 δὲ
3750 4804 3829 4863 εἰς
3853 4804 4032 4854 έκεῖνο

2451 4899 2815 4970 μεταϐαίνων.
2863 4899 3068 4951 Ἐποίει
3111 4898 3168 4950 δὲ
3188 4896 3367 4962 τοῦτο,
3392 4897 3453 4948 οὐ
3487 4895 3557 4948 τὰ
3599 4894 3779 4965 χωρία
3839 4893 4034 4961 δυσχε-

2452 4991 2669 5058 ραίνων,
2699 4987 2836 5043 ἀλλά
2860 4988 2967 5040 τῶν
2993 4989 3068 5051 ὼς
3107 4987 3272 5040 αὐτὸν
3317 4987 3609 5038 συνιόντων
3638 4984 3734 5038 καὶ
3765 4983 4037 5038 πάντοθεν

2451 5080 2781 5134 συνθεόντων
2832 5070 3242 5151 ἀποδιδράσκων
3283 5079 3352 5132 τὰ
3413 5077 3615 5148 πλήθη.
3669 5075 3840 5128 Πέντε
3862 5076 3920 5128 δὲ
3942 5078 4038 5128 καὶ

2448 5172 2860 5241 τετταράκοντα
2897 5170 2994 5241 ἐτη
3023 5170 3214 5223 τοῦτον
3247 5169 3452 5238 διάγων
3491 5169 3758 5222 διετέλεσε
3797 5169 3892 5220 τὸν
3906 5169 4036 5238 τρό-

2451 5281 2570 5329 πον,
2599 5265 2659 5317 οὺ
2688 5265 2860 5334 σκηνῇ
2928 5261 3231 5334 χρώμενος,
3259 5262 3320 5315 οὺ
3355 5261 3589 5332 καλύϐῃ,
3636 5260 3752 5314 ἀλλ’
3784 5262 3844 5313 ὲν
3902 5261 4035 5329 69'3-

2449 5373 2618 5424 γματι
2647 5354 2799 5423 βαθεῖ
2833 5353 2932 5424 τὴν
2964 5354 3151 5407 στάσιν
3176 5351 3519 5421 ποιούμενος,
3546 5351 3669 5403 ὅθεν
3696 5353 3790 5403 καὶ
3821 5349 4038 5402 Γουϐᾶν

2451 5447 2612 5500 αὐτόν
2632 5463 2773 5507 τινες
2799 5444 3155 5514 ὲπωνόμαξον
3180 5461 3192 5474 ·
3222 5444 3334 5497 ἀπὸ
3360 5443 3416 5495 δὲ
3447 5442 3548 5511 τῆς
3575 5441 3753 5511 Σύρας
3786 5441 4037 5509 γλώττης

2451 5540 2530 5600 εἰς
2551 5538 2648 5606 τὴν
2663 5537 2888 5590 Ἐλλάδα
2903 5537 3060 5590 τοῦτο
3082 5536 3519 5606 μεταφερόμενον
3535 5534 3769 5588 ,λάκκον
3783 5532 4040 5602 σημαίνει

2450 5629 2510 5681 τὸ
2554 5629 2741 5698 ὄνομα.
2797 5629 2952 5682 Μετὰ
2994 5629 3051 5681 δὲ
3083 5628 3272 5681 τοῦτον
3320 5628 3410 5682 τὸν
3463 5629 3652 5697 χρόνον
3721 5625 4038 5693 πρεσϐύτης

2452 5723 2759 5791 γενόμενος,
2821 5719 2930 5786 εἶξε
2966 5726 3076 5785 τοῖς
3130 5721 3455 5783 ἱκετεύουσι,
3484 5721 3580 5773 καὶ
3624 5718 3869 5786 καλύϐην
3904 5719 4040 5788 ἐπή-

2456 5812 2600 5876 ξατο.
2629 5815 2894 5890 ’Ὕστερον
2917 5814 2969 5866 δὲ
2999 5813 3104 5867 τῶν
3127 5813 3417 5884 γνωρίμων
3468 5810 3916 5874 ἀντιϐολούντων,
3947 5811 4042 5866 καὶ
