4206 6456
251 391 388 457 H01

1477 391 1879 452 RELIGIOSA
1921 393 2302 454 HISTORIA.

3367 397 3388 462 1
3403 400 3512 464 4‘02

246 507 524 573 οἱκιδίοις,
579 506 678 560 οὐκ
723 505 963 570 οἰκείοις.
1022 504 1135 558 ἀλλ’
1187 504 1485 576 ἀλλοτρίοις
1535 507 1823 576 ἐχρήσατο.

1934 507 2070 562 alios
2101 507 2292 578 viginti
2326 507 2612 578 quinque:
2658 506 2729 561 ita
2759 516 2819 562 ut
2847 507 2912 562 ad
2953 522 3129 562 annos
3157 511 3504 579 septuaginta

250 602 424 655 Πέντε
446 601 502 655 δὲ
537 603 630 654 καὶ
665 603 840 654 εἴκοσι
861 599 1231 654 διατετέλεκεν
1257 600 1348 670 ἔτη
1378 603 1443 670 τῇ
1488 602 1698 672 καλύϐῃ
1732 602 1826 653 καὶ

243 699 360 759 τοῖς
397 695 642 758 οίκιδίοις
677 693 1090 763 ἐνδιαιτώμενος
1124 709 1135 722 ⁸
1161 694 1238 755 ὡς
1279 693 1611 761 συνάγεσθαι
1641 693 1826 746 λοιπὸν

245 783 623 854 ἑϐδομήκοντα
680 783 774 854 ἐτη
806 781 915 836 τῶν
955 782 1180 851 ἀγώνων
1209 782 1300 835 τὸν
1321 784 1532 853 χρόνον.
1557 785 1742 854 Τροφῇ
1769 785 1826 837 δὲ

243 876 537 946 ὶκέχρητο,
571 875 673 928 ούκ
701 876 872 946 ἄρτῳ,
905 875 1025 929 οὐδὲ
1085 875 1354 946 ὀσπρίοις,
1415 875 1550 928 ἀλλά
1610 877 1828 947 κριθαῖς

244 969 664 1039 πτισσομέναις,
703 969 798 1021 καὶ
825 967 972 1038 μόνῳ
993 967 1147 1022 ὕδατι
1173 968 1516 1039 δευομέναις.
1550 971 1660 1022 Καὶ
1683 969 1819 1023 ταύ-

242 1077 350 1129 την
374 1060 650 1133 αύτῷιτὴν
673 1061 880 1131 τροφὴν
907 1063 940 1132 ἡ
973 1063 1156 1131 μήτηρ
1187 1063 1218 1130 ὴ
1257 1062 1384 1132 ἐμὴ,
1408 1061 1673 1132 γενομένη
1709 1078 1828 1114 συν-

245 1152 411 1222 ήθης,
451 1152 542 1205 ἐπὶ
590 1151 845 1205 πλεῖστον
906 1153 1211 1223 ἐχορήγησε
1275 1153 1486 1224 χρόνον.
1541 1155 1649 1207 Καί
1696 1170 1827 1206 ποτε

245 1245 388 1314 πρὸς
417 1245 587 1314 αὐτὴν
615 1243 1008 1317 ἀῤῥωποῦσαν
1054 1245 1407 1316 ἀφικόμενος,
1442 1242 1630 1316 μαθὼν
1662 1247 1738 1310 ὡς
1766 1247 1826 1299 ού

245 1334 501 1389 πείθεται
560 1337 768 1407 τροφῆς
829 1337 1164 1408 καταλλήλου
1209 1341 1276 1408 τῇ
1315 1339 1456 1408 νόσῳ
1504 1338 1830 1408 μεταλαϐεῖν

247 1426 361 1495 (τὸν
386 1427 689 1496 ἀσκητικὸν
716 1426 825 1498 γὰρ
857 1427 1041 1482 λοιπὸν
1066 1429 1159 1483 καὶ
1182 1428 1319 1499 αὑτὴ
1337 1427 1617 1499 ἠσπάζετο
1648 1427 1762 1498 βίον
1786 1429 1824 1498 ),

245 1513 388 1582 εἶξαι
409 1519 642 1590 παρῄνει
662 1521 774 1583 τοῖς
802 1521 1025 1588 ίατροίς,
1050 1521 1145 1574 καὶ
1163 1520 1454 1591 φάρμακον
1475 1521 1697 1590 νομίσαι
1725 1521 1827 1591 τὴν

245 1610 510 1680 τοιαύτην
527 1614 752 1682 τροφήν·
771 1612 893 1665 οὐδὲ
921 1613 1031 1684 γάρ
1057 1614 1268 1684 τρυφῆς
1289 1613 1468 1685 χάριν,
1483 1613 1618 1667 ἀλλὰ
1641 1615 1830 1685 χρείας

245 1702 620 1772 προσφέρεται
643 1719 657 1734 ο
683 1722 702 1754 ι
733 1704 842 1756 Καὶ
884 1703 994 1773 γὰρ
1032 1703 1143 1771 ἐγὼ
1173 1748 1187 1771 ,
1241 1705 1368 1775 ἔφη,
1423 1707 1830 1776 τετταράκοντα

245 1793 344 1863 ἐτη
390 1793 520 1857 ’ταῖς
566 1793 804 1865 κριθαῖς,
867 1793 944 1858 ὼς
985 1791 1178 1858 οἶσθα,
1218 1797 1564 1867 χρησάμενος
1620 1797 1827 1867 μόναις,

1930 599 2293 653 certaminum
2334 602 2458 668 ejus
2489 614 2702 655 summa
2737 601 3042 668 perveniat.
3083 599 3255 656 Cibus
3287 602 3362 655 illi
3395 617 3506 656 non

1928 692 2124 760 panis,
2183 705 2284 746 nec
2341 691 2653 761 legumina,
2709 690 2805 746 sed
2860 693 3125 746 hordeum
3174 701 3507 757 contusum,

1927 795 2068 850 aqua
2128 783 2246 836 sola
2300 782 2669 837 madefactum
2720 801 2734 836 :
2789 791 2954 852 atque
3000 784 3146 838 hunc
3193 784 3274 838 illi
3322 784 3507 838 cibum

1932 873 2144 943 1207
2191 881 2367 928 mater
2409 888 2530 928 mea
2559 915 2574 939 ,
2628 884 2916 944 postquam
2950 874 3238 930 familiaris
3283 877 3332 931 ei
3365 876 3508 929 facta

1926 973 2051 1029 est,
2085 964 2412 1034 longissimo
2444 972 2692 1034 tempore
2735 965 3132 1036 suppeditavit.
3181 965 3248 1019 Et
3286 982 3410 1021 cum
3441 966 3508 1020 ad

1927 1065 2287 1128 aegrOtantem
2331 1057 2480 1111 illam
2533 1057 2835 1126 aliquando
2875 1058 3154 1124 venisset,
3203 1057 3514 1112 didicisset-

1927 1165 2036 1220 que
2099 1149 2300 1203 adduci
2353 1163 2462 1203 non
2510 1156 2708 1219 posse,
2769 1157 2832 1204 ut
2880 1157 3270 1218 congruentem
3319 1149 3513 1204 morbo

1927 1243 2114 1298 cibum
2150 1249 2392 1296 sumeret
2441 1242 2828 1311 (monasticam
2875 1240 3022 1296 enim
3054 1251 3107 1296 et
3144 1242 3262 1312 ipsa
3291 1258 3513 1313 quoque

1929 1337 2100 1390 vitam
2126 1341 2248 1389 erat
2273 1333 2577 1404 amplexa),
2608 1333 2858 1390 hortatus
2889 1343 2975 1390 est
3011 1342 3071 1388 ut
3098 1335 3326 1390 medicis
3354 1337 3514 1392 cede-

1929 1433 2015 1481 ret
2042 1467 2056 1490 ,
2091 1440 2155 1480 ac
2203 1425 2565 1496 pbarmacum
2603 1439 2727 1480 esse
2756 1425 2902 1480 hunc
2935 1425 3117 1481 cibum
3156 1435 3413 1497 putaret,
3455 1435 3514 1480 ut

1930 1534 2090 1590 quem
2119 1534 2228 1573 non
2252 1517 2578 1573 deliciarum
2605 1558 2619 1584 ,
2648 1517 2743 1574 sed
2768 1520 3116 1574 necessitatis
3143 1519 3320 1591 gratia
3350 1534 3516 1574 usur-

1931 1618 2108 1681 paret.
2151 1628 2169 1662 ι
2227 1608 2360 1662 Nam
2406 1621 2462 1664 et
2491 1623 2625 1680 ego,
2660 1609 2874 1680 inquit,
2910 1610 3007 1680 qui
3052 1625 3149 1680 per
3173 1626 3347 1666 annos
3379 1625 3516 1681 qua-

1931 1701 2182 1772 draginta
2224 1701 2430 1757 hordeo
2458 1701 2579 1756 solo
2608 1701 2714 1755 vixi
2742 1741 2756 1765 ,
2789 1710 2848 1756 ut
2872 1701 3015 1757 nosti
3039 1743 3054 1767 ,
3089 1717 3214 1756 cum
3255 1703 3512 1758 hesterna

1933 1796 2020 1850 die
2074 1794 2366 1849 inﬁrmitas
2413 1809 2500 1850 me
2541 1793 2790 1865 quaedam
2842 1794 3172 1860 invasisset,
3220 1793 3516 1849 contuber-

245 1884 537 1948 ἀσθενείας
585 1902 674 1955 μοι
719 1889 786 1956 τῇ
817 1887 1119 1958 προτεραίᾳ
1161 1888 1466 1958 γενομένης
1503 1888 1671 1952 τινὸς,
1735 1890 1828 1942 τὸν

1936 1887 2044 1941 nali
2079 1902 2200 1941 meo
2245 1900 2474 1957 parvum
2507 1886 2639 1940 mihi
2688 1901 2885 1957 panem
2935 1901 3182 1958 quaerere
3229 1893 3283 1942 et
3319 1885 3518 1942 aﬁ‘erre

248 1977 503 2029 σύνοικον
519 1976 778 2031 ἐκέλευσα
802 1979 968 2049 ἀρτον
991 1979 1198 2050 βραχὺν
1216 1979 1438 2048 αίτῆσαί
1467 1997 1525 2032 τε
1553 1980 1649 2033 καὶ
1675 1980 1831 2051 κομί-

248 2066 471 2120 σασθαι.
497 2068 714 2122 Ἔννοια
744 2068 853 2141 γάρ
882 2071 964 2133 τίς
997 2087 1084 2141 μοι
1114 2070 1358 2139 γέγονεν,
1386 2071 1461 2134 ὡς
1483 2072 1530 2124 εί
1551 2071 1828 2144 τεθναίην,

248 2159 485 2222 εὐθύνας
534 2159 716 2228 ὑφέξω
741 2162 835 2214 τοῦ
865 2161 1096 2216 θανάτου
1127 2163 1280 2234 παρά
1314 2163 1390 2233 τῷ
1417 2165 1610 2234 δικαίῳ
1643 2168 1825 2237 κριτῇ,

246 2253 326 2316 ὡς
348 2253 477 2314 τοὺς
503 2252 723 2321 ἀγῶνας
776 2254 1054 2324 ἐκφυγὼν,
1091 2257 1187 2310 καὶ
1219 2257 1318 2326 τῆς
1349 2257 1595 2321 δουλείας
1625 2258 1829 2327 δραπε-

246 2341 451 2408 τεύσας
482 2347 608 2408 τοὺς
642 2349 858 2410 πόνους.
890 2347 1130 2401 Δυνατοῦ
1170 2348 1280 2419 γὰρ
1307 2348 1462 2412 ὄντος
1491 2352 1664 2420 τροφῇ
1691 2349 1826 2421 βρα-

247 2437 375 2508 χείᾳ
433 2436 736 2509 κωλυθῆναι
792 2437 882 2492 τὸν
939 2437 1205 2502 θάνατον,
1261 2440 1356 2492 καὶ
1409 2439 1543 2510 τῷδε
1590 2439 1670 2510 τῷ
1726 2440 1826 2512 βίῳ

249 2533 579 2602 προσμεῖναι
612 2530 875 2584 πονοῦντα
908 2533 1002 2584 καὶ
1030 2531 1569 2603 ταλαιπωρούμενον,
1604 2533 1701 2586 καὶ
1729 2534 1823 2587 τὸν

250 2622 501 2676 ἐντεῦθεν
528 2622 908 2694 συνεγείροντα
941 2623 1189 2688 πλοῦτον,
1217 2625 1316 2695 τὴν
1345 2626 1416 2677 ὲκ
1443 2624 1603 2695 λιμοῦ
1643 2625 1829 2680 τελευ-

246 2713 350 2784 τὴν
385 2715 483 2783 τῆς
507 2715 566 2766 ὲν
591 2714 878 2786 φιλοσοφίᾳ
930 2715 1074 2785 ζωῆς
1114 2715 1479 2787 αἱρετωτέραν
1537 2717 1825 2772 ὑπέλαϐον.

249 2804 519 2872 Δείματος
548 2803 726 2856 τοίνυν
765 2803 1013 2857 ἐντεῦθεν
1051 2804 1404 2876 ἐμφορηθεὶς,
1437 2808 1531 2858 καὶ
1560 2805 1652 2859 τοῦ
1691 2807 1831 2874 λογι-

252 2892 394 2962 σμοῦ
422 2893 520 2955 τὰς
549 2893 740 2956 ἀκίδας
765 2893 1035 2964 ἀμϐλῦναι
1081 2893 1336 2964 θελήσας,
1396 2894 1618 2964 αίτῆσαί
1647 2911 1706 2948 τε
1740 2895 1830 2949 τὸν

249 2986 416 3054 ἄρτον
437 2984 718 3049 ἐκέλευσα,
750 2987 844 3039 καὶ
875 2986 1226 3057 κομισθέντος
1258 2985 1574 3056 μετέλαϐον.
1618 2986 1726 3041 Καὶ
1749 2987 1829 3040 σοὶ

248 3079 430 3131 τοίνυν
463 3079 785 3147 παρεγγυῶ,
833 3079 1029 3150 μηκέτι
1070 3097 1159 3150 μοι
1197 3079 1296 3143 τὰς
1325 3080 1540 3152 κριθὰς,
1569 3081 1704 3134 ἀλλὰ
1739 3082 1829 3135 τὸν

1929 1979 2098 2049 jussi.
2130 1977 2222 2033 Sic
2250 1978 2396 2034 enim
2450 1992 2661 2032 mecum
2710 1978 3032 2048 reputabam
3060 2018 3074 2042 ,
3113 1977 3256 2048 apud
3288 1993 3506 2049 aquum

1927 2072 2170 2144 judicem
2222 2085 2344 2131 me.
2381 2070 2425 2126 si
2478 2085 2746 2133 morerer,
2774 2057 3054 2124 rationem
3115 2070 3307 2125 mortis
3337 2069 3516 2124 reddi-

1931 2173 2160 2226 turum,
2211 2163 2370 2234 quasi
2423 2163 2734 2216 certamina
2759 2160 3102 2233 refugerem,
3147 2173 3200 2216 et
3235 2161 3519 2217 servitutis

1931 2257 2152 2311 labores
2199 2255 2586 2311 declinarem:
2643 2263 2703 2308 ut
2751 2254 2884 2323 qui,
2955 2269 3080 2307 cum
3136 2254 3336 2329 exiguo
3388 2252 3517 2307 cibo

1932 2347 2214 2420 prohiberi
2248 2361 2397 2402 mors
2424 2355 2650 2416 posset,
2680 2352 2845 2415 atque
2872 2346 2927 2398 in
2958 2346 3062 2399 hac
3085 2345 3196 2398 vita
3233 2345 3518 2401 laboribus

1933 2451 1988 2497 et
2017 2439 2281 2496 aerumnis
2306 2440 2608 2494 exercitum
2638 2453 2861 2493 manere
2893 2446 2948 2493 et
2980 2449 3203 2508 paratas
3233 2437 3361 2492 inde
3383 2451 3519 2509 Opes

1931 2549 2229 2606 congerere
2251 2534 2476 2597 liceret,
2507 2531 2688 2586 inedia
2731 2531 2910 2596 mori,
2956 2544 3120 2600 quam
3162 2545 3228 2584 ex
3268 2528 3520 2600 philoso-

1933 2628 2060 2699 phia
2090 2627 2279 2682 vivere
2311 2625 2621 2680 maluerim.
2661 2622 2844 2689 Quare
2877 2621 2983 2676 hoc
3018 2628 3166 2676 metu
3207 2620 3516 2690 perculsus.

1933 2718 2394 2791 cogitationisque
2426 2717 2646 2772 aculeos
2699 2714 2993 2770 retundere
3021 2712 3251 2782 cupiens
3272 2749 3290 2777 ,
3324 2718 3378 2766 et
3407 2708 3520 2782 peti

1935 2825 2132 2882 panem
2171 2809 2349 2878 jussi,
2391 2816 2445 2863 et
2494 2808 2722 2861 allatum
2772 2805 2984 2861 comedi
3023 2823 3036 2859 :
3073 2803 3281 2873 tibique
3331 2800 3523 2873 praeei-

1931 2903 2055 2974 pio,
2096 2916 2166 2957 ne
2216 2901 2348 2956 mihi
2397 2901 2632 2970 amplius
2679 2896 2966 2962 hordeum,
3002 2893 3095 2952 sed
3129 2908 3324 2965 panem
3381 2907 3519 2963 pra:-

1933 2994 2086 3050 beas.
2151 3012 2170 3047 ι
2215 2992 2291 3046 Ex
2344 2991 2586 3048 veridica
2647 2991 2817 3061 igitur
2866 2989 3053 3058 lingua
3108 2985 3316 3041 hordeo
3367 2985 3518 3039 illum

1933 3084 2098 3139 annis
2121 3083 2490 3155 quadraginta
2522 3081 2730 3136 vixisse
2750 3079 3069 3144 didicimus,
3098 3084 3152 3131 et
3180 3091 3342 3147 quam
3380 3083 3528 3130 stre-

248 3173 415 3242 ἄρτον
450 3172 731 3242 παρέχειν.
763 3191 780 3222 ι
822 3173 918 3224 Ἐκ
946 3173 1044 3243 τῆς
1082 3171 1349 3241 ἀψευδοῦς
1379 3173 1558 3226 τοίνυν
1584 3173 1826 3244 ἀκηκόα-

1937 3193 2079 3232 nuus
2119 3185 2304 3232 asceta
2349 3175 2674 3244 laborisque
2714 3186 2909 3226 amans
2946 3172 3031 3225 vir
3063 3168 3266 3232 luerit,
3305 3167 3536 3223 abunde

255 3281 356 3330 μεν
387 3263 656 3334 γλώττης,
683 3264 758 3328 ὡς
788 3266 1196 3334 τεσσαράκοντα
1223 3264 1319 3334 ἐτη
1353 3264 1452 3327 τὰς
1477 3265 1671 3336 κριθὰς
1699 3283 1825 3337 τρο-

251 3354 358 3425 φὴν
388 3356 699 3426 ἐποιήσατο.
726 3355 799 3408 Τὸ
827 3355 925 3425 μὲν
953 3350 1045 3408 οὖν
1071 3355 1367 3425 ἀσκητικὸν
1391 3356 1486 3408 τοῦ
1517 3357 1710 3426 ἀνδρὸς
1732 3359 1828 3409 καὶ

1939 3267 2044 3323 ista
2083 3269 2400 3322 declarant:
2429 3266 2818 3337 antiquitatem
2854 3279 2985 3319 vero
3014 3271 3068 3318 et
3099 3261 3508 3332 simplicitatem

1941 3373 2156 3412 morum
2204 3359 2325 3428 ejus
2351 3374 2415 3414 ex
2451 3359 2574 3412 aliis
2604 3357 2987 3412 ostendemus.

252 3445 539 3511 φιλόπονον
592 3445 749 3498 ίκανά
799 3446 893 3498 καὶ
938 3445 1114 3500 ταῦτα
1150 3447 1560 3517 τεκμηριῶσαιο
1613 3449 1712 3520 τὴν
1766 3449 1821 3502 δὲ
1854 3450 2194 3523 ἀρχαιότητα
2246 3452 2341 3505 καὶ
2391 3451 2669 3521 ἁπλότητα
2705 3447 2991 3520 τῶν-ἠθῶν
3060 3446 3129 3500 δι’
3170 3445 3345 3500 ἄλλων
3428 3441 3523 3514 δη-

251 3551 520 3606 Αωσομεν.

336 3629 555 3700 Ἐπειδὴ
583 3629 692 3699 γὰρ
742 3632 771 3684 ὁ
809 3630 982 3702 μέγας
1012 3631 1310 3695 Φλαϐιανὸς
1331 3631 1432 3702 τὴν
1465 3633 1707 3703 μεγάλην
1735 3634 1831 3686 τοῦ

251 3719 388 3774 Θεοῦ
411 3722 648 3791 ποίμνην
686 3723 994 3793 ποιμαίνειν
1027 3724 1260 3794 ἐτάχθη,
1298 3724 1395 3796 τὴν
1425 3725 1481 3777 δὲ
1506 3725 1602 3778 τοῦ
1641 3725 1833 3796 ἀνδρὸς

250 3814 458 3886 Ιμαθεν
501 3814 700 3886 ἀρετὴν
756 3816 934 3886 (ᾔδετο
981 3817 1090 3888 γὰρ
1118 3855 1132 3879 ,
1168 3817 1267 3869 καὶ·
1309 3817 1366 3868 ὲν
1417 3819 1527 3880 τοῖς
1579 3817 1832 3869 ἁπάντων

251 3907 481 3976 ἐφέρετο
510 3906 792 3978 στόμασιν)
821 3947 836 3971 ,
872 3908 994 3976 ἄγει
1024 3907 1122 3978 μὲν
1153 3907 1312 3960 αὑτὸν
1351 3910 1414 3960 ὲκ
1435 3907 1532 3976 τῆς
1563 3906 1657 3961 τοῦ
1677 3907 1835 3978 ὅρους

251 3998 520 4070 κορυφῆς,
545 3997 620 4061 ὡς
650 3999 865 4070 γραφῆς
903 4000 1022 4054 κατ’
1065 3998 1231 4054 αὐτοῦ
1276 3999 1577 4070 γενομένης
1615 4015 1626 4026 ·
1655 3998 1754 4069 τῆς
1780 3997 1834 4050 δὲ

256 4091 526 4163 μυστικῆς
550 4090 858 4160 ἱερουργίας
885 4091 1254 4162 προκειμένης
1274 4132 1288 4155 ,
1317 4090 1582 4161 προσάγει
1632 4090 1712 4161 τῷ
1743 4090 1842 4142 θυ-

254 4183 582 4252 σιαστηρίῳ,
624 4183 719 4234 καὶ
764 4183 877 4244 τοῖς
924 4181 1163 4252 ἱερεῦσιν
1211 4183 1593 4251 ἑγκαταλέγει.
1641 4181 1730 4244 Ὠς
1781 4181 1838 4234 δὲ

251 4275 406 4338 τέλος
433 4274 624 4328 ἔλαϐεν
656 4273 1046 4346 ῆλειτουργία,
1081 4274 1172 4327 καί
1225 4291 1308 4336 τις
1340 4273 1490 4342 αύτῷ
1536 4273 1695 4325 τοῦτο
1743 4289 1840 4342 με·

257 4366 470 4435 μήνυκε
485 4365 737 4433 (πάμπαν
757 4363 868 4434 γάρ
882 4365 1063 4432 ἠγνόει
1079 4365 1138 4417 τὸ
1154 4364 1420 4432 γεγονὸς),
1438 4363 1507 4416 τὰ
1532 4363 1630 4433 μὲν
1649 4363 1841 4432 πρῶτα

256 4458 580 4527 ἐλοιδορεῖτο
603 4459 697 4509 καὶ
737 4456 916 4524 λύγοις
957 4456 1177 4510 ἔϐαλλεν
1207 4456 1453 4519 ἅπαντας
1475 4471 1487 4484 °
1521 4454 1648 4508 ῦστε
1660 4473 1749 4526 ρον
1783 4455 1839 4507 δὲ

254 4551 358 4620 τὴν
406 4549 710 4620 βακτηρίαν
757 4549 938 4603 λαϐὼν
996 4550 1202 4616 (εἰώθει
1249 4549 1359 4620 γὰρ
1403 4548 1841 4619 σκηριπτόμενος

260 4641 346 4699 διὰ
379 4642 441 4694 τὸ
472 4645 648 4712 γῆρας
684 4641 962 4712 βαδίζειν),
1002 4641 1229 4695 ἐδίωκεν
1271 4643 1432 4695 αὐτόν
1467 4659 1526 4694 τε
1570 4641 1661 4694 τὸν
1687 4643 1842 4712 ἀρχι-

257 4734 410 4802 ερέα,
443 4733 690 4794 καὶτοὺς
738 4731 931 4794 ἀλλους
963 4733 1080 4785 ὅσοι
1122 4736 1400 4802 παρῆσαν.
1454 4732 1842 4801 ’Υπελάμϐανε

255 4823 370 4892 γὰρ
399 4823 496 4893 τὴν
526 4821 858 4894 χειροτονίαν
904 4823 1006 4892 τῆς
1052 4823 1148 4876 τοῦ
1201 4823 1361 4893 ὅρους
1404 4823 1565 4875 αὑτὸν
1600 4823 1844 4892 κορυφῆς

259 4917 358 4967 καὶ
388 4914 487 4982 τῆς
508 4913 847 4984 ποθουμένης
868 4915 1078 4984 διαίτης
1109 4915 1525 4984 ἀποστερήσειν.
1546 4912 1706 4965 Ἀλλὰ
1724 4912 1846 4964 τότε

267 5007 370 5074 μὲν
402 5007 564 5059 αὑτὸν
605 5007 758 5077 μόλις
805 5008 945 5070 τινὲς
990 5007 1098 5060 τῶν
1139 5009 1387 5077 συνήθων
1438 5006 1848 5076 ἀγανακτοῦντα

264 5095 636 5151 κατέπαυσαν.
656 5097 872 5168 Ἐπειδὴ
888 5097 944 5151 δὲ
972 5100 999 5150 ὁ
1027 5099 1122 5167 τῆς
1146 5097 1441 5166 ἑϐδομάδος
1472 5115 1666 5151 συνεπε
1677 5097 1844 5167 ράνθη

266 5185 502 5250 κύκλος,
541 5189 633 5240 καὶ
666 5183 767 5259 ἧκε
834 5189 996 5241 πάλιν
1044 5190 1144 5258 τῆς
1200 5189 1538 5258 Δεσποτικῆς
1585 5189 1781 5258 ἑορτῆς
1813 5190 1846 5258 ὴ

268 5275 474 5345 ἡμέρα.
491 5272 648 5338 αὖθις
677 5277 836 5328 αὑτὸν
854 5278 882 5328 ὁ
903 5279 1077 5348 μέγας
1097 5279 1396 5341 Φλαϐιανὸς
1435 5277 1844 5348 μετεπέμψατο,

267 5366 373 5436 τῆς
403 5368 761 5437 πανηγύρεως
811 5371 1137 5440 κοινωνῆσαι
1186 5369 1338 5436 σφίσι
1391 5369 1742 5440 παρακαλῶν.
1788 5368 1846 5420 Ὀ

269 5460 328 5512 δὲ
375 5459 508 5529 πρὸς
559 5463 684 5523 τοὺς
739 5463 1100 5531 ἀφικομένους
1131 5502 1144 5525 ,
1184 5480 1202 5512 ι
1252 5462 1365 5514 Ούκ
1417 5462 1630 5532 ἀπόχρη
1680 5462 1842 5530 ὑμῖν,

272 5553 400 5620 ἔφη,
439 5552 506 5603 τὰ
541 5551 638 5621 ήδη
699 5554 1060 5622 γεγενημένα,
1087 5553 1222 5608 ἀλλὰ
1279 5554 1440 5606 πάλιν
1479 5570 1546 5623 με
1591 5549 1844 5622 βούλεσθε

274 5641 675 5710 προϐάλλεσθαι
711 5643 1076 5714 πρεσϐύτερον
1109 5663 1123 5710 ;
1168 5665 1182 5695 ι
1220 5645 1338 5697 Τῶν
1381 5646 1436 5698 δὲ
1469 5644 1847 5712 λεγόντων,ὼς

349 5831 375 5859 ⁸
409 5819 595 5874 Matth.
630 5836 780 5886 um,
820 5822 870 5874 5.

2013 3632 2312 3704 Postquam
2357 3632 2502 3687 enim
2537 3645 2771 3701 magnus
2830 3626 3130 3680 Flavianus
3188 3641 3386 3696 magno
3423 3624 3517 3680 Dei

1945 3727 2091 3798 gregi
2126 3735 2314 3795 pastor
2342 3733 2426 3780 est
2453 3722 2765 3786 ordinatus,
2804 3729 2859 3776 et
2893 3719 2997 3773 viri
3033 3719 3290 3772 virtutem
3322 3731 3528 3788 cogno-

1944 3821 2022 3874 vit
2077 3817 2506 3890 (prmdicabatur
2550 3814 2697 3870 enim
2746 3821 2800 3868 et
2827 3827 2924 3882 per
2953 3811 3201 3864 omnium
3245 3824 3341 3864 ora
3378 3807 3522 3865 fere-

1944 3911 2154 3979 batur),
2220 3911 2288 3964 de
2353 3908 2555 3963 montis
2603 3906 2781 3959 .illum
2858 3903 3060 3957 vertice
3125 3916 3221 3971 per
3282 3901 3522 3971 speciem

1951 4002 2169 4074 1208
2208 4001 2433 4072 ohjectae
2469 3995 2844 4054 accusationis
2881 3993 3129 4056 abduxit,
3163 4001 3226 4048 et
3249 3994 3351 4048 sub
3394 4007 3514 4065 my-

1950 4097 2150 4150 sticum
2183 4092 2517 4148 sacriﬁcium
2549 4089 2706 4145 altari
2747 4087 3016 4150 admovit,
3041 4083 3434 4156 cooptavitque
3466 4082 3523 4137 in

1949 4200 2240 4241 numerum
2307 4182 2678 4239 sacerdotum.
2731 4179 2980 4249 Cumque
3029 4185 3249 4248 peracta
3305 4174 3524 4246 liturgia

1949 4279 2052 4333 hoc
2081 4278 2156 4332 illi
2190 4277 2409 4347 quidam
2441 4274 2744 4329 indicasset
2777 4272 3090 4342 (ignorabat
3117 4269 3262 4323 enim
3295 4281 3530 4336 prorsus

1945 4368 2077 4440 quid
2109 4367 2664 4439 egissent),_primum
2690 4364 2908 4434 quidem
2936 4361 3201 4417 conviciis
3233 4356 3527 4429 verbisque

1949 4462 2159 4531 asperis
2198 4459 2463 4530 proscidit
2498 4458 2834 4512 universos:
2863 4456 2883 4476 ⁶
2920 4451 3118 4509 deinde
3167 4458 3392 4519 arrepto
3425 4451 3525 4504 ba—

1947 4553 2093 4612 culo.
2127 4553 2179 4605 in
2215 4565 2324 4620 quo
2373 4548 2598 4602 innixus
2657 4552 2886 4615 propter
2937 4541 3152 4598 senium
3217 4537 3523 4600 incedebat,

1945 4641 2263 4711 pontiﬁcem
2316 4641 2522 4710 ipsum,
2566 4645 2620 4693 et
2650 4639 2790 4692 alios
2829 4635 2923 4706 qui
2963 4633 3195 4688 aderant
3244 4631 3526 4685 insecutus

1946 4743 2051 4800 est,
2085 4733 2491 4789 ordinationem
2529 4729 2672 4784 hanc
2700 4738 2854 4783 ratus
2897 4725 3098 4780 montis
3124 4723 3390 4778 verticem
3422 4719 3526 4776 sibi

1948 4835 2304 4900 optatamque
2335 4823 2726 4879 habitationem
2760 4829 3093 4888 erepturam.
3128 4813 3372 4870 Sed'tum
3403 4811 3528 4882 qui-

1950 4919 2073 4972 dem
2120 4916 2197 4970 sic
2235 4914 2606 4984 indignantem
2669 4923 2811 4979 a‘gre
2850 4906 3068 4962 tandem
3106 4904 3270 4958 amici
3305 4901 3525 4971 quidam

1953 5010 2306 5064 sedaverunt.
2350 5004 2577 5074 Expleto
2635 5009 2814 5056 autem
2875 4995 3230 5053 hebdomadze
3279 4994 3522 5054 circulo.

1949 5115 2073 5153 cum
2107 5097 2362 5152 rediisset
2385 5093 2503 5147 dies
2537 5089 2878 5151 Dominicus,
2912 5088 3107 5141 iterum
3141 5089 3335 5136 evocat
3371 5080 3526 5135 illum

1951 5203 2183 5257 magnus
2228 5185 2546 5246 Flavianus,
2614 5187 2878 5251 rogatque
2933 5184 2993 5230 ut
3057 5171 3358 5230 celebritati
3399 5185 3525 5224 cum

1951 5277 2086 5345 ipsis
2117 5275 2356 5329 intersit.
2400 5273 2536 5326 Tum
2567 5271 2656 5324 ille
2682 5269 2747 5323 ad
2775 5283 2870 5322 cos
2901 5266 2994 5337 qui
3030 5271 3332 5319 venerant:
3382 5279 3401 5311 ι
3441 5259 3524 5313 An

1953 5367 2133 5431 vobis,
2168 5367 2266 5430 ait,
2307 5381 2414 5419 non
2445 5363 2732 5417 sufﬁciunt
2764 5375 2885 5431 quae
2913 5360 3024 5427 jam
3077 5364 3195 5409 acta
3229 5365 3379 5414 sunt.
3430 5353 3524 5406 sed

1965 5459 2165 5510 iterum
2199 5472 2288 5510 me
2340 5455 2720 5525 presbyterqu
2783 5464 2970 5505 creare
3004 5445 3214 5502 vultis?
3249 5462 3267 5496 ι
3335 5443 3399 5496 Et
3443 5457 3528 5496 re-

1957 5548 2353 5618 spondentibus
2387 5547 2494 5601 illis
2541 5545 2656 5599 lieri
2687 5558 2791 5599 non
2817 5554 2996 5612 posse,
3017 5536 3180 5592 utbis
3207 5530 3516 5589 eadem-ﬁat

1961 5655 2219 5694 manuum
2277 5638 2571 5708 imposilio,
2626 5650 2734 5690 non
2772 5633 3062 5704 acquievit,
3100 5643 3198 5684 nec
3246 5623 3528 5696 proiectus
