4206 6456
706 385 837 445 1403

1681 381 2168 441 TIIEODORETI
2201 381 2538 440 EPISCOPI
2567 381 2929 441 CYRENSIS

3831 366 3972 425 1404

699 503 808 555 κει,
837 495 1010 546 donec
1041 494 1189 545 illum
1226 499 1440 559 tempus
1469 500 1521 543 et
1554 489 1850 545 familiares
1904 491 2007 545 hoc
2068 491 2269 560 szepius

2391 492 2432 544 r3
2461 493 2684 545 δυνατὸν
2713 493 2799 560 εἴη
2827 493 2909 554 δὶς
2944 491 3044 561 τὴν
3073 491 3242 562 αὐτὴν
3263 491 3578 561 ἐπιτεθῆναι
3604 494 3962 562 χειροτονίαν,

700 586 1058 639 edocuerunt.
1095 584 1312 636 Scimus
1343 599 1475 636 sane
1517 583 1659 636 haud
1709 584 2035 637 laudandam
2089 585 2275 639 multis

699 679 876 728 visum
921 676 983 727 iri
1026 676 1164 726 lianc
1197 674 1562 726 narrationem
1596 692 1607 727 :
1645 676 1871 742 apposui
1911 683 2120 737 tamen,
2160 692 2273 729 me-

702 765 1331 832 morabilemjudicans,
1382 774 1440 818 ut
1478 765 1726 818 idoneam
1775 769 1840 821 ad
1899 769 2100 821 mentis
2156 769 2274 838 ejus

704 859 1116 927 simplicitatem
1170 861 1476 927 animmque
1527 862 1818 927 puritatem
1879 860 2271 916 demonstran-

703 949 847 1004 dam.
909 949 1132 1005 Talibus
1190 952 1335 1005 enim
1403 950 1670 1006 Dominus
1723 954 1985 1006 cmlorum
2045 971 2272 1025 regnum

705 1044 980 1109 promisit,
1008 1044 1196 1096 dicens
1222 1062 1233 1095 :
1274 1061 1290 1093 ι
1329 1045 1497 1097 Amen
1532 1044 1656 1097 dico
1684 1046 1861 1110 vobis,
1888 1045 1991 1099 nisi
2022 1046 2272 1100 conversi

709 1136 944 1196 fueritis.
977 1144 1028 1187 ct
1059 1135 1370 1188 elliciamini
1406 1136 1548 1189 sicut
1593 1137 1827 1204 parvuli,
1863 1153 1972 1191 non
2006 1137 2275 1191 intrabitis

707 1227 760 1278 in
826 1242 1052 1292 regnum
1121 1227 1460 1282 C(BIOI‘UIIII‘.
1531 1245 1548 1276 ι
1595 1227 1865 1292 Quoniam
1929 1245 2057 1298 ergo
2106 1229 2273 1282 animi

709 1315 829 1382 ejus
889 1315 1264 1369 characterem
1335 1317 1525 1384 paucis
1585 1319 1956 1383 ostendimus,
2018 1319 2270 1375 fiduciam

707 1407 872 1459 etiam
901 1423 966 1462 ex
992 1407 1192 1462 virtute
1223 1416 1404 1462 natam
1443 1409 1819 1463 ostendamus.

779 1675 896 1729 [lux
931 1677 1151 1745 quidam
1185 1676 1448 1738 militum,
1475 1679 1570 1746 qui
1607 1678 1894 1732 venatione
1929 1678 2143 1747 1209
2183 1679 2275 1732 de-

708 1767 1028 1833 lcctahatur,
1064 1769 1114 1820 iu
1165 1777 1400 1822 montem
1449 1779 1746 1823 venaturus
1797 1771 2142 1833 ascenderat,
2184 1787 2273 1825 se-

2380 583 2480 634 ούκ
2511 579 2673 648 εἶξεν,
2715 584 2833 635 οὐδὲ
2869 582 3116 650 ἀφίκετο,
3150 583 3254 644 ἕως
3289 582 3449 634 αὐτὸν
3480 584 3508 634 δ
3551 584 3742 652 χρόνος
3783 585 3879 636 καὶ
3910 586 3962 637 οἰ

2381 676 2633 746 συνήθεις
2683 676 2841 728 τοῦτο
2880 675 3141 739 πολλάκις
3177 674 3443 740 ἐδίδαξαν.
3481 677 3712 747 Οἴδαμεν
3757 675 3851 730 οὖν
3882 678 3962 739 ὡς

2378 769 2438 820 οὐ
2478 768 2692 830 πολλοῖς
2716 767 2872 821 τοῦτο
2895 768 3226 835 ἀξιάγαστον
3263 764 3402 822 εἶναι
3431 769 3492 821 τὺ
3522 769 3767 840 διήγημα
3793 769 3956 834 δόξει·

2377 860 2599 913 τέθεικα
2632 861 2688 913 δὲ
2735 861 2884 924 αὐτὸ,
2910 860 3404 930 ἀξιομνημόνευτον
3432 855 3573 913 εἶναι
3603 860 3861 930 νομίζων,
3883 861 3964 922 ὡς

2382 951 2562 1003 ἱκανὸν
2582 951 2961 1022 τεκμηριῶσαι
2984 953 3079 1004 καὶ
3101 952 3341 1015 διανοίας
3364 952 3642 1022 ἁπλότητα
3668 953 3760 1004 καὶ
3778 952 3965 1020 ψυχῆς

2379 1036 2750 1113 καθαρότητα.
2786 1041 2909 1106 Τοῖς
2939 1042 3195 1104 τοιούτοις
3227 1041 3336 1112 γάρ
3363 1045 3390 1095 ό
3430 1041 3704 1110 Δεσπότης
3725 1042 3823 1111 τὴν
3852 1041 3965 1094 τῶν

2378 1135 2624 1204 οὐρανῶν
2668 1134 2933 1202 ὑπέσχετο
2989 1133 3268 1204 βασιλείαν
3299 1151 3311 1165 ·
3363 1153 3382 1185 ι
3433 1135 3603 1203 Ἀμὴν
3655 1134 3784 1204 γὰρ,
3831 1133 3961 1202 ἔφη,

2379 1225 2521 1292 λέγω
2557 1225 2716 1292 ὑμῖν.
2767 1224 2861 1275 ἐὰν
2925 1225 2999 1294 μὴ
3050 1227 3329 1296 στραφῆτε
3374 1228 3469 1278 καὶ
3511 1226 3740 1294 γένησθε
3774 1226 3851 1287 ὼς
3894 1226 3966 1278 τὰ.

2380 1315 2588 1378 παιδία,
2621 1315 2681 1366 ού
2717 1313 2791 1384 μὴ
2823 1315 3104 1385 εἰσέλθητε
3150 1317 3230 1378 εἰς
3275 1317 3372 1385 τὴν
3425 1315 3700 1385 βασιλείαν
3732 1315 3842 1367 τῶν
3873 1317 3965 1368 οὑ-

2381 1405 2576 1477 ρανῶν.
2609 1423 2626 1455 ι
2670 1404 2891 1475 Ἐπειδὴ
2934 1406 3112 1458 τοίνυν
3160 1409 3216 1458 ἐν
3263 1407 3544 1476 κεφαλαίῳ
3590 1407 3682 1459 καὶ
3716 1408 3808 1458 τδν
3860 1407 3967 1474 τῆς

2377 1497 2555 1566 ψυχῆς
2589 1495 2869 1564 ἐδείξαμεν
2898 1498 3246 1567 χαρακτῆρα,
3295 1498 3429 1566 φέρε
3463 1499 3556 1551 καὶ
3590 1499 3688 1567 τὴν
3727 1498 3836 1551 ἀπὸ
3862 1499 3967 1567 τῆς

2377 1592 2579 1660 ἀρετῆς
2618 1589 2782 1642 αὑτοῦ
2817 1589 3078 1658 δείξωμεν
3116 1589 3450 1659 παρρησίαν.

2449 1680 2762 1749 Στρατηγός
2790 1697 2870 1742 τις
2905 1681 3250 1749 κυνηγεσίοις
3304 1681 3513 1751 χαίρων
3565 1681 3849 1752 θηρεύσων
3881 1681 3965 1744 είς

2378 1775 2439 1826 τὸ
2469 1774 2595 1843 ὅρος
2642 1772 2871 1842 ἀνῆλθεν
2895 1791 2906 1802 ·
2933 1773 3148 1824 εἵποντο
3199 1772 3256 1824 δὲ
3303 1773 3454 1842 αὐτῷ
3493 1775 3587 1826 καὶ
3640 1773 3836 1836 κύνες,
3871 1775 3968 1825 καὶ

710 1859 1129 1927 quebanturque
1152 1875 1318 1913 canes
1341 1875 1405 1914 ac
1431 1861 1654 1919 milites.
1690 1869 1740 1913 et
1767 1869 1966 1914 Cretera
2000 1864 2274 1916 venationi

2391 1867 2732 1934 στρατιῶται,
2769 1865 2864 1916 καὶ
2909 1865 3011 1917 ὅσα
3037 1867 3118 1927 εἰς
3159 1864 3331 1935 θήραν
3365 1867 3512 1918 ἐστὶν
3541 1867 3842 1934 ἐπιτήδεια.
3879 1865 3968 1928 Ὠς

709 1961 1033 2020 opportuna.
1074 1952 1124 2006 Is
1158 1968 1287 2006 vero
1323 1963 1380 2006 ut
1415 1955 1690 2009 hominem
1727 1955 1917 2023 procul
1972 1954 2125 2019 vidit,
2157 1966 2210 2010 et
2249 1970 2277 2008 a

707 2044 1003 2098 comitibus
1031 2044 1154 2113 quis
1184 2052 1329 2098 esset
1359 2045 1647 2107 intellexit,
1682 2061 1748 2098 ex
1779 2062 1924 2116 equo
1974 2063 2096 2101 mox
2131 2047 2280 2102 desi-

707 2134 848 2188 liens
870 2136 1092 2203 propius
1111 2137 1366 2201 accessit,
1391 2137 1800 2206 salutatumque
1827 2139 1954 2208 quid
1992 2140 2063 2191 ibi
2099 2155 2278 2193 rermn

710 2237 894 2296 ageret
928 2229 1305 2293 interrogavit.
1344 2232 1410 2282 At
1444 2231 1536 2285 ille
1591 2231 1831 2285 vicissim
1894 2232 2275 2300 interrogans:

715 2334 734 2367 ι
773 2316 854 2371 Τιι
881 2333 1029 2381 vero,
1064 2320 1264 2388 inquit,
1325 2335 1488 2390 quem
1547 2321 1600 2374 in
1635 2322 1794 2374 finem
1831 2323 1936 2375 huc
1971 2323 2217 2378 venisti?
2258 2343 2276 2375 ι

711 2407 776 2460 lit
808 2424 931 2462 cum
959 2411 1024 2464 ad
1056 2412 1365 2465 venandum
1400 2427 1459 2466 se
1488 2413 1702 2467 venisse
1725 2412 1839 2467 dux
1872 2415 2281 2483 respondisset:

715 2516 734 2550 ι
785 2500 896 2568 Ego
924 2516 1074 2565 vero,
1109 2503 1186 2556 ait
1219 2503 1328 2567 ille,
1359 2503 1527 2557 Deum
1565 2519 1746 2559 meum
1773 2520 1963 2569 venor,
2004 2514 2059 2559 et
2088 2522 2283 2576 capere

710 2594 872 2662 cupio
904 2611 918 2658 ;
951 2597 968 2614 ‘
998 2596 1179 2650 videre
1219 2596 1371 2650 illum
1405 2597 1680 2664 desidero,
1733 2613 1910 2666 neque
1938 2614 2180 2668 unquam
2216 2601 2286 2656 ab

713 2684 816 2738 hac
843 2687 1072 2755 pulchra
1105 2689 1397 2744 venatione
1421 2689 1764 2744 abstinebo.»
1792 2689 1888 2747 His
1919 2691 2142 2756 auditis,
2175 2693 2285 2746 dux

711 2792 837 2830 cum
867 2777 1250 2842 admiratione,
1283 2787 1343 2834 ut
1378 2796 1476 2849 par
1511 2793 1649 2845 erat,
1686 2783 1962 2837 discessit.
1997 2783 2117 2838 Alio
2145 2791 2287 2838 tem-

712 2887 869 2941 pore,
899 2887 1023 2925 cum
1052 2874 1247 2928 civitas
1279 2890 1310 2927 a
1346 2875 1487 2928 malo
1518 2875 1752 2944 quodam
1799 2877 2047 2932 daamone
2086 2880 2286 2948 agitata

712 2962 767 3015 in
797 2962 977 3031 regias
1030 2973 1247 3019 statuas
1306 2964 1550 3020 furorem
1600 2969 1959 3032 exseruisset,
2019 2980 2288 3025 venerunt

712 3054 1150 3125 praastantissimi
1186 3055 1420 3110 militum
1452 3057 1723 3124 magistri,
1758 3058 1938 3112 ultimi
1970 3060 2123 3113 exitii
2157 3076 2286 3114 sen-

715 3146 944 3200 tentiam
980 3145 1196 3201 civibus
1226 3145 1536 3202 aﬂ‘erentes.
1571 3147 1671 3202 llic
1699 3165 1830 3204 vero
1859 3150 1926 3204 de
1963 3160 2148 3206 monte
2189 3152 2283 3206 de-

714 3237 1006 3303 scendens,
1041 3240 1238 3295 ambos
1275 3241 1568 3310 magistros
1592 3258 1689 3311 per
1737 3243 1918 3296 forum
1967 3255 2160 3300 euntes
2206 3248 2287 3298 in-

715 3329 911 3383 hibuit.
940 3328 1062 3394 Qui,
1096 3331 1317 3400 cognito
1340 3332 1464 3400 quis
1493 3341 1667 3395 esset,
1699 3332 1766 3387 de
1796 3339 1812 3352 '
1853 3334 2012 3403 equis
2041 3350 2164 3390 mox
2199 3334 2292 3390 de-

715 3421 928 3485 siliunt,
965 3437 1270 3492 manusque
1298 3431 1352 3477 et
1396 3438 1570 3493 genua
1628 3423 2296 3494 prebendentes,salutem

717 3512 1065 3582 impertiant.
1110 3514 1232 3584 Ipse
1262 3530 1391 3569 vero
1421 3516 1739 3582 imperatori
1799 3519 2118 3572 renuntiare
2162 3519 2290 3572 illos

715 3603 890 3674 jubet,
953 3604 1228 3659 hominem
1284 3606 1463 3676 ipsum
1519 3621 1663 3670 esse,
1737 3616 2046 3676 naturaque
2103 3609 2291 3662 eadem

719 3696 1032 3765 praeditum,
1070 3712 1177 3766 qua
1203 3698 1295 3766 qui
1328 3699 1718 3752 contumeliam
1751 3698 2014 3754 fecerant.
2047 3699 2111 3752 Et
2169 3715 2292 3753 cum

721 3786 855 3838 iram
898 3793 1094 3838 natura
1146 3788 1326 3840 metiri
1361 3788 1676 3851 conveniat,
1745 3789 2102 3843 immoderata
2144 3790 2292 3842 illum

720 3879 801 3933 ira
825 3878 1048 3932 ductum
1082 3894 1226 3943 esse,
1255 3879 1348 3948 qui
1387 3893 1612 3933 suarum
1662 3879 1957 3947 imaginum
2003 3895 2170 3933 causa
2213 3880 2296 3932 di-

721 3971 874 4023 vinas
903 3969 1166 4038 imagines
1191 3969 1282 4023 det
1305 3969 1494 4031 exitio,
1531 3976 1584 4022 et
1617 3984 1713 4037 pro
1743 3970 1902 4024 :ercis
1931 3971 2132 4024 statuis
2165 3985 2295 4023 cor-

724 4076 854 4131 pora
879 4062 1040 4115 morti
1067 4060 1267 4115 tradat.
1301 4079 1319 4111 ι
1354 4060 1418 4112 Ει
1443 4061 1600 4114 nobis
1628 4061 1870 4128 quidem,
1902 4062 2102 4124 aiebat,
2127 4078 2296 4116 aereas

726 4154 994 4223 refingere
1036 4163 1090 4207 et
1124 4153 1430 4207 reformare
1463 4152 1624 4206 facile
1668 4167 1731 4206 ac
1759 4154 2001 4223 proclive
2033 4165 2152 4208 est:
2204 4170 2298 4208 ex-

727 4247 929 4300 stincta
961 4261 1091 4299 vero
1121 4260 1350 4316 corpora
1383 4245 1449 4299 ad
1477 4245 1640 4298 vitam
1673 4260 1953 4309 revocare,
1983 4245 2038 4298 in
2071 4253 2185 4310 tua,
2222 4246 2298 4300 sis

727 4338 853 4391 licet
889 4338 1208 4405 imperator,
1266 4345 1544 4406 potestate
1588 4352 1698 4390 non
1748 4345 1854 4390 est.
1889 4336 1955 4388 Et
1993 4337 2124 4406 quid
2170 4337 2301 4390 dico

727 4429 1002 4499 corpora?
1044 4444 1168 4482 nam
1203 4445 1270 4484 ne
1325 4429 1493 4497 pilum
1534 4429 1754 4497 quidem
1801 4429 2013 4497 1210
2045 4428 2302 4499 efﬁngere

2383 1955 2440 2008 δὲ
2469 1954 2750 2025 πόρρωθεν
2801 1949 2907 2006 εἶδε
2953 1954 3043 2006 τὸν
3100 1953 3300 2023 ἄνδρα,
3330 1955 3421 2007 καὶ
3453 1955 3602 2024 παρὰ
3635 1955 3744 2006 τῶν
3775 1955 3966 2007 συνόν-

2381 2065 2489 2101 των
2541 2047 2742 2115 ἔμαθεν
2776 2047 2924 2108 ὅστις
2959 2047 3071 2115 εἴη,
3111 2046 3273 2108 εὐθὺς
3319 2047 3425 2098 ἀπὸ
3472 2047 3564 2099 τοῦ
3597 2048 3762 2098 ῐππου
3797 2063 3968 2098 κατα-

2383 2139 2648 2210 πηδήσας,
2680 2136 2953 2208 προσῆλθέ
2984 2154 3044 2189 τε
3092 2137 3188 2190 καὶ
3226 2138 3492 2205 προσεῖπε
3519 2179 3532 2202 ,
3567 2138 3661 2190 καὶ
3712 2139 3880 2207 ἤρετο
3913 2135 3967 2186 τί

2385 2233 2551 2286 ποιῶν
2601 2231 2833 2284 ἐνταῦθα
2876 2229 3074 2298 διάγει.
3114 2229 3172 2282 '0
3225 2230 3283 2282 δὲ
3326 2231 3625 2300 ἀντήρετο·
3669 2247 3688 2279 ι
3727 2230 3800 2281 Σὺ
3831 2229 3890 2280 δὲ
3915 2228 3969 2279 τί

2385 2325 2626 2394 ποιήσων
2692 2320 2926 2373 ἐνταῦθα
2984 2318 3368 2390 ἀνελήλυθας;
3421 2319 3714 2390 Εἰρηκότος
3767 2319 3824 2371 δὲ
3873 2318 3969 2370 τοῦ

2387 2412 2692 2484 στρατηγοῦ
2723 2416 2805 2468 ὅτι
2834 2414 3099 2486 θηρεῦσαι
3121 2431 3133 2444 ·
3163 2434 3181 2466 ι
3225 2413 3416 2482 Κάγὼ,
3447 2413 3570 2483 ἔφη,
3601 2413 3691 2466 τὸν
3713 2413 3844 2483 ἐμὸν
3872 2411 3974 2481 θη-

2387 2507 2530 2578 ρεύω
2559 2506 2712 2570 Θεὸν,
2745 2506 2839 2560 καὶ
2878 2505 3061 2559 λαϐεῖν
3091 2507 3339 2575 ἐφίεμαι,
3366 2506 3462 2559 καὶ
3493 2504 3768 2576 θεωρῆσαι
3793 2504 3969 2565 ποθῶ,

2387 2598 2482 2651 καὶ
2506 2598 2605 2667 τῆς
2633 2597 2807 2665 καλῆς
2840 2596 3048 2667 ταύτης
3085 2598 3186 2649 οὐκ
3243 2596 3514 2666 ἀφέξομαι
3545 2597 3738 2666 θήρας.
3776 2613 3794 2646 ι
3830 2595 3974 2647 Τού-

2386 2706 2494 2742 των
2532 2688 2770 2751 ἀκούσας
2799 2690 2825 2741 ὁ
2857 2687 3184 2758 στρατηγὸς,
3220 2687 3314 2740 καὶ
3354 2685 3663 2755 θαυμάσας,
3693 2687 3768 2747 ὠς
3798 2685 3968 2748 εἰκὸς,

2387 2779 2744 2849 ἀπελήλυθεν.
2795 2778 3017 2831 ’Δλλοτε
3069 2778 3122 2831 δὲ
3150 2817 3165 2842 ,
3195 2779 3293 2847 τῆς
3343 2777 3547 2839 πόλεως
3587 2778 3628 2808 “
3674 2777 3779 2828 ὑπό
3825 2794 3971 2839 τινος

2389 2870 2626 2940 πονηροῦ
2659 2870 2910 2940 δαίμονος
2962 2869 3376 2938 βακχευθείσης,
3406 2869 3502 2920 καὶ
3539 2871 3603 2938 τῇ
3633 2867 3799 2937 μανίᾳ
3827 2867 3975 2919 κατᾶ

2387 2963 2496 3015 τῶν
2520 2960 2816 3030 βασιλικῶν
2845 2960 3201 3030 χρησαμένης
3240 2959 3472 3029 στηλῶν,
3503 2958 3766 3026 ἀφίκοντο
3791 2959 3889 3027 μὲν
3921 2959 3972 3010 οἰ

2389 3055 2599 3124 ἄριστοι
2626 3054 2733 3106 τῶν
2778 3052 3098 3124 στρατηγῶν
3124 3091 3139 3114 ,
3180 3050 3554 3120 πανωλεθρίας
3589 3051 3765 3120 ψῆφον
3825 3051 3971 3102 κατὰ

2388 3146 2491 3215 τῆς
2532 3145 2738 3207 πόλεως
2791 3144 3072 3214 φέροντες.
3120 3143 3381 3205 Καταὸὰς
3413 3142 3469 3193 δὲ
3508 3135 3663 3204 οὗτος
3715 3140 3824 3194 ἀπὺ
3875 3139 3972 3192 τοῦ

2393 3240 2572 3309 ὅρους,
2607 3238 2773 3306 ἄμφω
2818 3235 3050 3304 κατέσχε
3110 3233 3252 3288 κατά
3298 3233 3395 3301 τὴν
3429 3232 3639 3303 ἀγορὰν
3673 3231 3975 3302 παριόντας

2393 3328 2518 3390 τοὺς
2560 3324 2915 3397 στρατηγούς.
2964 3325 3027 3376 Ui
3066 3323 3122 3376 δὲ
3147 3323 3227 3384 τίς
3273 3323 3356 3392 εἴη
3404 3319 3816 3391 μεμαθηκότες,
3842 3337 3976 3371 κατ-

2396 3418 2670 3488 επήδησάν
2714 3435 2771 3470 τε
2805 3416 2913 3470 ἀπὸ
2949 3415 3054 3470 τῶν
3086 3415 3290 3476 ἵππων,
3333 3413 3426 3466 καὶ
3467 3411 3664 3482 χειρῶν
3715 3413 3976 3480 ἥπτοντο,

2395 3513 2488 3566 καὶ
2521 3512 2786 3579 γονάτων,
2809 3511 2900 3563 καὶ
2936 3508 3212 3578 σωτηρίαν
3242 3505 3600 3577 ἐπήγγελλον.
3643 3505 3700 3557 '0
3725 3504 3780 3556 δὲ
3809 3504 3979 3570 φάναι

2394 3603 2472 3672 τῷ
2511 3603 2721 3673 βασιλεῖ
2765 3599 3063 3672 παρηγγύα
3087 3640 3100 3660 .
3139 3600 3222 3652 ὅτι
3266 3598 3553 3668 ἄνθρωπος
3593 3596 3707 3664 εἴη,
3745 3596 3838 3647 καὶ
3878 3594 3979 3662 τὴν

2398 3697 2565 3766 αὐτὴν
2594 3696 2707 3766 ἔχει
2739 3695 2900 3764 φύσιν
2932 3695 3041 3756 τοῖς
3072 3692 3342 3762 ὑϐρικόσι,
3364 3691 3457 3744 καὶ
3485 3691 3550 3758 τῇ
3575 3689 3734 3756 φύσει
3759 3690 3980 3755 μετρεῖν

2397 3791 2495 3860 τὴν
2536 3788 2704 3857 ὀργὴν
2749 3787 2866 3838 δέον
2891 3825 2904 3848 ,
2947 3785 3172 3854 ἀμέτρῳ
3211 3782 3480 3852 κέχρηται
3530 3780 3609 3848 τῷ
3651 3777 3844 3847 θυμῷ,
3885 3777 3982 3829 καὶ

2397 3879 2506 3932 τῶν
2536 3879 2755 3931 εἰκόνων
2803 3876 2984 3928 εἵνεκα
3020 3874 3127 3927 τῶν
3160 3873 3376 3926 οἰκείων
3406 3871 3506 3933 τὰς
3562 3869 3709 3930 θείας
3759 3868 3980 3929 εἰκόνας

2402 3973 2580 4039 σφαγῇ
2615 3967 2972 4038 παραδίδωσι,
3009 3967 3104 4018 καὶ
3154 3965 3273 4018 ἀντὶ
3329 3963 3547 4032 χαλκῶν
3597 3960 3828 4031 στηλῶν,
3872 3959 3984 4010 σώ-

2405 4079 2549 4132 ματα
2583 4060 2942 4128 παραπέμπει
2966 4059 3201 4127 θανάτῳ.
3235 4075 3253 4108 ι
3291 4057 3399 4109 Καὶ
3422 4057 3551 4125 ἡμῖν
3587 4055 3705 4123 μὲν,
3732 4053 3858 4120 ἔφη,
3882 4051 3986 4113 τὰς

2402 4154 2607 4223 χαλκᾶς
2643 4152 2953 4205 ἀναπλάσαι
3005 4150 3098 4202 καὶ
3127 4147 3523 4218 ἀναμορφῶσαι
3565 4145 3744 4216 ῥᾴδιόν
3780 4161 3840 4196 τε
3889 4145 3986 4195 καὶ

2404 4245 2628 4307 εὐπετές
2655 4261 2668 4275 ο
2696 4244 2778 4296 σοί
2805 4244 2860 4296 δὲ
2901 4243 2993 4295 καὶ
3027 4241 3235 4311 βασιλεῖ
3267 4239 3381 4291 ὄντι
3426 4236 3684 4290 ἀδύνατον
3716 4235 3784 4286 τὰ
3810 4250 3988 4287 κατα-

2408 4339 2683 4406 σφαγέντα
2740 4335 2968 4402 σώματα
3015 4333 3386 4400 ἐπαναγαγεῖν
3442 4331 3521 4392 εἰς
3578 4328 3742 4395 ζωήν.
3774 4327 3886 4378 Καὶ
3934 4325 3989 4377 τί

2414 4430 2555 4496 λέγω
2605 4427 2878 4497 σώματα;
2921 4425 3057 4478 Οὔτε
3084 4425 3192 4495 γὰρ
3237 4424 3396 4493 τρίχα
3457 4422 3585 4491 μίαν
3643 4436 3722 4471 σοι
3757 4417 3990 4471 δυνατὸν

732 4527 906 4589 potes.
955 4539 972 4571 ι
1009 4519 1133 4574 Hart:
1162 4521 1253 4576 ille
1293 4521 1522 4591 Syriaca
1557 4521 1740 4588 lingua
1782 4520 2141 4588 proferebat:
2179 4537 2294 4589 qua:

2411 4518 2740 4573 ἀναπλάσαι.
2791 4536 2809 4568 ι
2868 4516 3054 4568 Ταῦτα
3101 4517 3165 4584 τῇ
3229 4513 3386 4582 Σύρῳ
3449 4509 3784 4580 κεχρημένος
3833 4508 3991 4574 ἔλεγε

732 4612 806 4664 illi
832 4627 927 4680 per
957 4612 1312 4681 interpretem
1339 4610 1523 4666 Graece
1549 4612 1762 4666 reddita
1794 4612 2079 4666 audientes
2111 4614 2303 4666 obstu-

731 4712 987 4770 puerunt,
1020 4710 1072 4755 et
1108 4702 1423 4771 imperatori
1459 4717 1517 4756 se
1562 4705 1979 4757 renuntiaturos
2017 4704 2297 4772 signitica‘

733 4799 886 4845 runt.
928 4791 1039 4859 Ego
1077 4807 1233 4856 vero,
1265 4792 1398 4861 quin
1432 4792 1604 4846 divini
1639 4789 1880 4861 Spiritus
1912 4793 2100 4861 gratiae
2139 4795 2305 4848 verba

733 4885 851 4938 lia>c
909 4882 1134 4948 fuerint,
1190 4883 1462 4938 neminem
1518 4884 1757 4937 arbitror
1812 4885 2012 4937 iturum
2068 4884 2298 4937 inﬁcias.

733 4975 953 5043 Alioqui
991 4991 1105 5044 quo
1156 4983 1316 5044 pacto
1356 4975 1471 5029 haec
1522 4975 1742 5029 locutus
1799 4981 1949 5029 esset
2014 4975 2097 5027 vir
2125 4977 2308 5029 omnis

735 5067 1061 5121 eruditionis
1108 5082 1326 5134 expers,
1354 5067 1408 5120 in
1451 5068 1599 5136 agris
1637 5067 1928 5128 educatus,
1960 5073 2016 5121 et
2066 5067 2119 5119 in
2153 5082 2310 5120 mon-

736 5160 874 5213 tium
899 5159 1276 5215 cacuminibus
1293 5160 1459 5213 vitam
1479 5173 1666 5229 agens,
1689 5174 1957 5213 summam
1981 5159 2306 5228 simplicita-

737 5257 848 5306 tem
877 5251 1062 5306 animo
1092 5252 1512 5318 circumferens,
1539 5260 1592 5307 et
1623 5253 1680 5306 in
1706 5252 1913 5306 divinis
1946 5251 2173 5306 Litteris
2208 5251 2307 5304 mi-

743 5341 891 5397 nime
923 5344 1212 5398 versatus?
1239 5342 1423 5410 Quare
1449 5359 1574 5398 cum
1609 5342 1913 5412 spiritalem
1937 5342 2055 5410 ejus
2086 5343 2309 5411 sapien-

744 5435 876 5489 tiam
901 5435 1324 5501 ostenderimus,
1352 5446 1408 5492 et
1446 5445 1840 5507 congruentem
1869 5437 2020 5506 justo
2056 5435 2305 5489 fiduciam

814 5552 843 5594 ι
869 5552 1067 5609 Matth.
1097 5571 1257 5621 xvm,
1287 5556 1342 5611 5.

2408 4611 2622 4680 γλώττῃ
2645 4626 2656 4638 ·
2691 4611 2741 4660 οἱ
2763 4609 2819 4661 δὲ
2851 4609 2944 4662 τοῦ
2970 4605 3252 4679 ἑρμηνέως
3277 4606 3355 4667 εἰς
3392 4602 3488 4673 τὴν
3533 4600 3760 4653 Ἐλλάδα
3800 4598 3990 4668 φωνὴν

2414 4704 2830 4776 μεταφέροντος,
2856 4698 3124 4769 ἐπήκουόν
3174 4713 3230 4748 τε
3283 4695 3376 4748 καὶ
3405 4694 3678 4764 ἔφριττον.
3725 4691 3818 4742 καὶ⁵
3870 4690 3990 4741 δια-

2412 4793 2742 4866 πορθμεύειν
2772 4792 2912 4844 αὐτὰ
2953 4787 3349 4858 ἐπηγγέλλοντο
3384 4785 3460 4854 τῷ
3504 4783 3732 4853 βασιλεῖ.
3770 4781 3912 4849 Ἐγὼ
3935 4781 3991 4832 δὲ

2411 4887 2618 4955 νομίζω
2667 4885 2874 4944 πάντας
2909 4881 2974 4934 ἂν
3008 4880 3338 4949 ὁμολογῆσαι
3371 4877 3469 4946 τῆς
3502 4875 3594 4928 τοῦ
3638 4874 3781 4927 θείου
3818 4871 3990 4924 Πνεύ-

2417 4994 2582 5048 ματος
2628 4971 2765 5027 εἶναι
2799 4972 2970 5025 ταῦτα
2999 4970 3069 5024 τὰ
3112 4972 3329 5040 ῥήματα
3363 4968 3604 5038 χάριτος.
3643 4964 3768 5027 Πῶς
3787 4964 3897 5034 γὰρ
3924 4963 3990 5016 ἂν

2415 5070 2590 5131 άλλως
2628 5065 2802 5120 ταῦτα
2855 5063 3156 5133 ἐφθέγξατο
3183 5060 3322 5131 ἀνὴρ
3367 5058 3613 5120 παιδείας
3644 5056 3742 5126 μέν
3773 5055 3995 5122 ἀπάσης

2415 5161 2677 5231 ἀμύητος,
2725 5160 2781 5211 ἐν
2825 5156 3082 5227 ἀγροικία
3109 5154 3166 5205 δὲ
3198 5150 3604 5223 τεθραμμένος,
3635 5151 3756 5211 ταῖς
3800 5148 3858 5200 δὲ
3884 5148 3994 5199 τῶν

2414 5253 2556 5322 ὀρῶν
2586 5249 3002 5320 ἐνδιαιτώμενος
3054 5247 3338 5316 κορυφαῖς,
3379 5242 3660 5312 ἁπλότητα
3702 5239 3760 5293 δὲ
3809 5241 3994 5293 πᾶσαν

2415 5347 2471 5397 ὲν
2492 5347 2558 5412 τῇ
2596 5343 2740 5412 ψυχῇ
2796 5358 2860 5392 πε
2874 5340 3130 5410 ριφέρων,
3167 5338 3257 5389 καὶ
3291 5335 3410 5388 οὐδὲ
3456 5336 3569 5396 τοῖς
3596 5332 3761 5394 θείοις
3791 5330 3995 5397 λογίοις

2418 5433 2726 5504 ἐσχολακὼς
2749 5450 2762 5497 ;
2788 5429 3088 5499 Τοιγαροῦν
3124 5429 3217 5482 καὶ
3245 5427 3341 5496 τὴν
3391 5423 3766 5494 πνευματικήν
3799 5421 3994 5489 σοφίαν

2016 5645 2251 5703 VARUE
2282 5642 2686 5700 [.ECTIONES.

821 5740 1056 5808 "-Apud
1079 5741 1344 5798 Joannem
1383 5743 1779 5800 Damascenum
1812 5751 1950 5796 orat.
1984 5741 2037 5804 5,
2085 5741 2156 5793 De
2190 5736 2539 5808 imaginibus.
2563 5744 2601 5788 t.
2626 5732 2665 5795 1,
2699 5732 2770 5787 Le.
2788 5730 3031 5808 Quienii,
3069 5745 3120 5798 p.
3149 5727 3251 5807 580
3283 5726 3395 5808 haec
3437 5725 3507 5776 ita
3550 5724 3837 5808 leguntur-
3894 5721 3992 5790 τῆς

744 5794 1084 5872 πόλεως’ἀπό
1120 5830 1262 5877 τινος
1291 5832 1345 5868 π.
1384 5813 1410 5866 δ
1463 5794 1644 5884 βακχ,
1677 5814 1748 5877 ὡς
1784 5812 1939 5883 δῆθεν
1968 5794 2376 5878 ἀποδιῶξαι,ἳῇ
2414 5807 2579 5876 μανίᾳ
2614 5822 2664 5856 κ.
2700 5822 2746 5856 τ.
2785 5804 2833 5872 β.
2868 5817 3030 5872 χρησ.
3087 5816 3164 5851 at.
3197 5799 3457 5867 ἀνοήτως.
3486 5811 3540 5849 κν
3571 5810 3620 5848 τι
3648 5794 3722 5856 ἐξα
