4206 6456
249 396 390 460 H55

1465 400 1870 466 RELIGIOSA
1907 403 2287 467 HISTORIA.

3353 403 3486 469 M06

243 503 536 571 δηλώσας,
593 501 690 557 καὶ
732 501 832 573 τὴν
878 503 1071 574 δικαίῳ
1133 504 1447 575 πρέπουσαν
1512 510 1812 579 παρρησίαν

1923 510 2123 577 (justus
2154 514 2298 569 enim
2340 512 2566 568 conlidit
2593 522 2649 567 ut
2678 512 2808 583 leo),
2841 511 2907 567 ad
2942 509 3207 567 miracula
3250 511 3478 582 gradum

248 592 486 661 (δίκαιος
518 593 627 663 γὰρ
649 594 722 657 ῶς
744 593 883 648 λέων
906 594 1186 665 πέποιθεν)
1210 612 1222 626 ·
1246 597 1336 648 ἐπὶ
1356 598 1424 649 τά
1445 596 1700 667 θαύματα
1729 616 1821 669 με-

242 686 580 755 ταϐἠσομαι.

318 774 459 843 Γυνή
488 791 573 836 τις
597 774 702 827 τῶν
726 774 975 845 εὐπόρων
991 776 1154 841 τινὸς,
1178 776 1509 846 ἀδδηφαγίας
1527 778 1817 848 περιέπεσε

243 861 411 937 πάθει
431 879 446 893 ο
473 863 566 916 καὶ
600 865 648 916 ot
680 864 778 930 μὲν
818 864 1070 933 δαίμονος
1111 865 1339 921 ἀκάλουν
1384 867 1446 921 τὸ
1472 866 1641 931 πάθος
1671 868 1819 937 ὲνέρ-

241 970 304 1019 γε
313 957 472 1018 ιαν,οί
490 955 545 1007 δὲ
565 953 809 1024 σώματος
824 956 1132 1026 ἀρρωστίαν
1151 956 1416 1027 ἐνόμιζον.
1434 957 1558 1011 Εἴτε
1570 959 1624 1012 δὲ
1638 959 1817 1023 τοῦτο,

242 1045 357 1095 εἴτε
406 1046 583 1098 ὲκεῖνο
608 1041 675 1114 ἦν
697 1087 711 1109 ,
745 1047 946 1098 τοιόνδε
986 1042 1052 1116 ἦν
1076 1062 1089 1074 ·
1120 1048 1412 1117 τριάκοντα
1444 1050 1611 1114 αὐτὴν
1635 1051 1817 1118 ἔλεγον

240 1136 344 1202 τῆς
359 1138 389 1204 η
400 1137 573 1204 μέρας
593 1138 767 1208 ὄρνεις
784 1138 1087 1204 ἐσθίουσαν,
1106 1139 1178 1209 μὴ
1193 1140 1472 1194 σϐεννύναι
1491 1141 1587 1211 τὴν
1610 1142 1814 1209 ἔφεσιν,

238 1229 358 1285 ἀλλ’
387 1230 468 1282 ἔτι
519 1230 721 1300 ἑτέρων
752 1227 1058 1303 ὀρέγεσθαι.
1110 1233 1266 1285 Οὖτω
1317 1235 1493 1287 τοίνυν
1536 1236 1614 1295 είς
1646 1236 1816 1303 αὐτὴν

242 1323 343 1390 τῆς
386 1320 575 1385 οὐσίας
632 1322 1061 1394 δαπανωμένης,
1114 1326 1480 1396 οἰκτείραντες
1535 1328 1584 1379 oi
1644 1343 1811 1396 προσ-

239 1412 503 1478 ήκοντες,
531 1411 799 1476 τὺνθείον
853 1415 1060 1467 ἐκεῖνον
1114 1416 1353 1471 ἱκέτευον
1404 1417 1711 1487 ἄνθρωπον.
1760 1419 1815 1470 Ὀ

244 1500 303 1553 δὲ
324 1501 555 1569 ἀφίκετο
579 1501 676 1571 μὲν
702 1503 795 1555 καὶ
817 1503 1177 1573 προσηύξατο,
1211 1506 1306 1558 καὶ
1325 1504 1480 1558 ὕδατι
1505 1505 1601 1576 τὴν
1634 1505 1814 1570 δεξιὰν

238 1590 472 1656 ἐπιθεὶς,
502 1593 598 1645 καὶ
644 1592 743 1661 τὴν
770 1594 1035 1663 σωτήριον
1066 1595 1380 1656 ὲντυπὼσας
1407 1597 1697 1667 σφραγῖδα,
1720 1597 1813 1650 καὶ

239 1681 389 1732 πιεῖν
417 1680 702 1745 κελεύσας,
738 1681 801 1734 τὸ
834 1682 1005 1746 πάθος
1045 1683 1260 1737 ίάσατο·
1296 1686 1390 1738 καὶ
1422 1685 1565 1738 οὕτω
1607 1685 1813 1755 σφόδρα

237 1770 482 1839 ἤμϐλυνε
506 1772 602 1841 τὴν
619 1771 718 1841 τῆς
736 1772 968 1842 ὀρέξεως
994 1774 1282 1844 ἀμετρίαν,
1309 1776 1383 1838 ὼς
1401 1778 1481 1839 εἰς
1509 1776 1600 1829 τδν
1623 1776 1810 1829 ἔπειτα

1922 600 2143 657 faciam.

1993 781 2142 837 Uxor
2173 782 2359 838 divitis
2385 781 2676 851 cujusdam
2706 778 2993 835 edacitatis
3024 778 3215 832 morbo
3262 777 3483 832 labora-

1920 874 2051 929 bat:
2079 882 2134 929 et
2163 876 2411 929 morbum
2446 875 2592 928 hunc
2636 868 2860 943 quidam
2918 869 3183 924 daemonis
3238 884 3480 939 operam,

1918 964 2011 1019 alii
2048 965 2298 1034 corporis
2333 963 2705 1017 infirmitatem
2752 961 3187 1016 arbitrabantur.
3221 958 3348 1013 Sive
3377 958 3482 1012 hoc

1916 1062 2122 1117 autem,
2173 1056 2289 1111 sive
2322 1055 2457 1109 illud
2493 1055 2616 1118 fuit,
2668 1053 2938 1122 ejusmodi
2972 1060 3116 1118 erat,
3148 1059 3206 1104 ut
3259 1051 3483 1119 triginta

1917 1145 2151 1215 singulis
2208 1146 2401 1201 diebus
2453 1147 2691 1216 gallinas
2748 1159 2874 1199 cum
2907 1145 3109 1203 ederet.
3162 1142 3480 1196 aviditatem

1916 1253 2024 1292 non
2048 1237 2314 1306 expleret,
2342 1238 2436 1293 sed
2468 1239 2609 1292 alias
2668 1251 2832 1307 porro
2883 1243 3179 1304 appeteret.
3223 1234 3359 1288 Cum
3401 1232 3482 1286 sic

1914 1344 2047 1397 opes
2075 1344 2207 1383 suas
2245 1336 2617 1391 consumeret,
2660 1327 2870 1383 miserti
2902 1327 3024 1394 ejus
3056 1324 3343 1395 propinqui
3397 1323 3481 1376 di-

1914 1422 2026 1475 vini
2080 1421 2232 1475 illius
2292 1420 2532 1475 hominis
2584 1433 2740 1487 opem
2803 1418 3122 1486 implorant.
3177 1413 3338 1469 Venit
3369 1414 3478 1478 ille,

1916 1512 2196 1585 Deumque
2237 1519 2512 1582 precatus,
2551 1516 2606 1565 et
2657 1508 2941 1564 dexteram
2971 1522 3123 1578 aquae
3161 1508 3478 1576 imponens,

1916 1619 1978 1657 ac
2007 1604 2224 1673 signum
2256 1605 2439 1657 crucis
2482 1602 2769 1672 efﬁngens,
2812 1600 2996 1655 bibere
3021 1599 3208 1668 jussit,
3253 1607 3308 1652 et
3338 1612 3482 1649 mor-

1914 1696 2043 1749 bum
2074 1695 2315 1755 sanavit.
2344 1703 2505 1763 atque
2541 1693 2958 1748 immoderatam
2994 1690 3360 1760 appetentiam
3405 1689 3480 1741 ita

1915 1788 2200 1855 repressit,
2232 1797 2291 1840 ut
2346 1786 2421 1838 illi
2468 1785 2730 1852 deinceps
2762 1782 2827 1835 ad
2862 1783 3070 1836 victum
3135 1780 3191 1833 iu
3236 1777 3480 1847 singulos

237 1861 433 1931 χρόνον
454 1861 627 1933 βραχύ
648 1881 701 1917 τι
732 1864 919 1935 μόριον
947 1865 1157 1936 ὄρνιθος
1180 1866 1301 1919 καθ’
1336 1866 1572 1935 ἑκάστην
1594 1868 1809 1937 ἡμέραν

1912 1878 2030 1933 dies
2069 1879 2267 1948 exigua
2328 1876 2549 1945 gallina:
2606 1873 2876 1943 particula
2932 1870 3225 1926 sufficeret.
3293 1867 3358 1920 Et
3393 1866 3480 1919 hic

235 1953 339 2023 τὴν
359 1952 463 2021 τῆς
483 1958 689 2025 τροφῆς
722 1956 856 2025 αὐτῇ
879 1956 1067 2025 χρείαν
1100 1958 1357 2027 πληροῦν.
1397 1958 1566 2010 Τοῦτο
1613 1958 1713 2027 μὲν
1752 1958 1811 2011 τὸ

238 2043 416 2107 πάθος
460 2045 714 2116 τοιαύτην
761 2046 1054 2118 θεραπείαν
1085 2048 1319 2113 ἐδέξατο.
1351 2050 1532 2121 Κόρης
1571 2049 1625 2101 δέ
1668 2066 1813 2113 τινος

236 2133 319 2188 ἔτι
348 2134 815 2208 θαλαμευομένης,
836 2139 929 2192 καὶ
956 2139 1191 2210 πονηροῦ
1219 2139 1812 2209 δαίμονοςὲξαπιναίως

234 2224 540 2295 δεξαμένης
567 2227 866 2297 ἐνέργειαν,
886 2229 1119 2300 ἔδραμεν
1139 2231 1167 2281 ό
1196 2230 1377 2300 πατὴρ
1403 2230 1537 2299 πρὸς
1558 2228 1649 2281 τὸν
1671 2229 1811 2281 θεῖον

236 2316 545 2387 ἄνθρωπον,
573 2319 863 2372 ἀντιϐολῶν
911 2322 1004 2374 καὶ
1054 2320 1445 2388 ποτνιώμενος,
1489 2321 1583 2372 καὶ
1628 2321 1811 2388 τυχεῖν

239 2407 438 2472 ίάσεως
466 2410 796 2480 παρακαλῶν
825 2410 885 2463 τό
921 2411 1229 2482 θυγάτριον.
1261 2412 1319 2463 '0
1352 2410 1410 2462 δὲ
1440 2410 1811 2481 προσευξάμε-

236 2516 326 2562 νος
361 2500 643 2555 ὲκέλευσεν
673 2503 1054 2574 ἀπαλλαγῆναι
1081 2503 1392 2574 παραυτίκα
1414 2504 1513 2572 τῆς
1533 2503 1699 2573 κόρης
1720 2502 1810 2556 τὸν

234 2591 490 2663 δαίμονα.
530 2595 589 2647 'U
620 2595 677 2648 δὲ
722 2595 949 2665 ἔφασκε,
982 2596 1056 2666 μὴ
1099 2594 1240 2647 ἑκὼν
1296 2594 1647 2659 ὑπεισδύναι,
1676 2594 1813 2647 ἀλλά

238 2685 555 2756 μαγγανεία
590 2685 877 2757 βιασθῆναι
908 2690 1231 2758 γοητευτικῇ
1258 2703 1271 2715 ·
1301 2687 1453 2754 ἔλεγε
1490 2686 1545 2739 δὲ
1590 2686 1683 2739 καὶ
1714 2686 1812 2755 τὴν

234 2775 329 2829 τοῦ
360 2774 688 2846 βιασαμένου
741 2780 1112 2850 προσηγορίαν
1134 2820 1148 2840 ,
1180 2779 1273 2832 καὶ
1320 2779 1498 2850 ἔρωτα
1534 2774 1674 2833 εἶναι
1715 2780 1813 2846 τὴν

232 2865 335 2937 τῆς
373 2868 628 2936 γοητείας
674 2868 900 2923 αἰτίαν.⁸
930 2868 1094 2921 Ἀλλά
1145 2867 1348 2921 τούτων
1398 2866 1671 2929 ἀκούσας,
1713 2867 1812 2919 οὐκ

234 2955 466 3028 ἦνεγκεν
516 2960 545 3011 ό
582 2958 763 3029 πατὴρ
791 2958 889 3029 τὴν
946 2958 1041 3012 τοῦ
1102 2959 1274 3030 θυμοῦ
1322 2957 1663 3030 προσϐολὴν,
1694 2958 1813 3010 οὐδὲ

233 3048 335 3117 τὴν
361 3049 458 3117 τῆς
498 3049 685 3113 παιδὸς
732 3050 1030 3119 θεραπείαν
1061 3051 1345 3120 ἀνέμεινεν
1370 3067 1384 3082 ο
1412 3051 1547 3103 ἀλλά
1572 3050 1661 3101 τὸν
1703 3049 1811 3100 τῶν

239 3137 507 3207 μειζόνων
541 3140 817 3210 ἀρχόντων
846 3140 1171 3194 καταλαϐὼν
1200 3141 1455 3211 ἄρχοντα,
1494 3140 1601 3193 τῶν
1631 3139 1810 3192 πλειό-

1912 1970 2130 2039 qnidem
2166 1968 2388 2021 morbus
2420 1966 2524 2019 hoc
2557 1963 2720 2017 modo
2750 1968 2981 2016 curatus
3007 1966 3110 2014 est.
3144 1957 3345 2012 Puella:
3378 1969 3481 2008 au-

1912 2068 2040 2126 tem,
2073 2074 2195 2129 quae
2235 2058 2457 2112 thalami
2493 2055 2799 2127 parietibus
2832 2052 3013 2108 adhuc
3071 2048 3477 2107 continebatur,
3534 2090 3539 2099 .

1911 2162 1966 2207 et
1997 2167 2026 2204 a
2066 2151 2209 2205 malo
2238 2149 2485 2203 daemone
2514 2153 2769 2215 correpta
2799 2141 2985 2197 subito
3036 2138 3235 2203 fuerat,
3281 2149 3479 2191 cucur-

1912 2245 1984 2297 rit
2010 2250 2163 2311 pater
2195 2240 2261 2295 ad
2295 2239 2568 2293 hominem
2601 2237 3058 2297 divinum,orans
3085 2237 3140 2286 et
3169 2228 3477 2291 obtestans,

1911 2345 1966 2389 ct
2000 2334 2286 2388 sanitatem
2344 2330 2469 2385 tiliae
2517 2328 2670 2384 reddi
2734 2326 2943 2399 1211
3004 2322 3310 2394 postulans.
3338 2316 3479 2383 Qui'

1912 2441 2034 2481 cum
2070 2424 2206 2480 fusis
2248 2420 2508 2494 precibus
2542 2421 2845 2476 daemonem
2902 2431 2932 2469 a
2964 2415 3141 2486 puella
3190 2410 3478 2466 confestim

1912 2516 2207 2570 abscedere
2230 2513 2470 2582 jubcret,
2498 2511 2588 2565 ille
2620 2524 2679 2563 se
2709 2522 2819 2561 non
2866 2518 2967 2559 sua
3000 2507 3195 2572 sponte
3244 2498 3480 2552 intrasse

1912 2607 2071 2672 dixit,
2100 2606 2192 2660 sed
2223 2602 2449 2672 magicis
2476 2598 2771 2671 praestigiis
2820 2602 3101 2657 coactum,
3150 2588 3475 2655 addiditque

1911 2706 1966 2753 et
1996 2711 2193 2751 nomen
2227 2694 2349 2763 ejus
2387 2693 2479 2762 qui
2508 2698 2783 2761 coegerat,
2816 2695 2873 2744 ct
2908 2683 3304 2756 praastigiarum
3348 2692 3482 2734 cau-

1913 2804 2028 2844 sam
2066 2800 2307 2841 amorem
2344 2784 2650 2839 exstitisse.
2682 2779 2802 2847 Quo
2828 2780 3038 2841 audito,
3081 2777 3175 2831 irae
3216 2777 3481 2843 impetum

1912 2894 2071 2950 pater
2104 2892 2214 2932 non
2253 2876 2403 2939 tulit,
2436 2890 2615 2943 neque
2650 2873 2774 2925 tilia
2806 2871 3147 2924 curationem
3190 2871 3482 2935 exspecta-

1910 2973 1987 3027 vit
2016 2994 2027 3026 ;
2062 2970 2159 3027 sed
2189 2969 2457 3037 majorum
2492 2963 2789 3036 praesidum
2818 2961 3104 3031 praesidem
3156 2958 3365 3021 adiens,
3387 2954 3481 3024 qui

1912 3063 2099 3133 plures
2140 3060 2455 3130 provincias
2496 3055 2735 3126 regebat,
2802 3053 3077 3107 hominem
3136 3058 3379 3112 accusat,
3427 3052 3484 3099 et

1913 3152 2129 3208 facinus
2159 3150 2401 3221 exponit.
2440 3146 2541 3201 Hic
2570 3154 2752 3199 autem
2797 3143 2853 3196 in
2890 3142 3159 3211 judicium
3204 3137 3474 3192 adductus

235 3204 344 3284 νων
388 3230 556 3285 ἐθνῶν
582 3204 1060 3304 προστατεύοντα,
1086 3204 1356 3304 γράψεται
1390 3234 1479 3286 τὸν
1500 3231 1806 3301 ἄνθρωπον,

1915 3243 2285 3303 inficiabatur,
2322 3248 2377 3295 et
2408 3237 2814 3293 accusationem
2860 3232 3193 3287 calumniam
3241 3227 3484 3297 appella.

234 3322 332 3379 καὶ
374 3322 641 3393 διηγεῖται
682 3324 744 3377 τὸ
790 3325 993 3395 δρᾶμα.
1037 3326 1094 3378 Ὀ
1142 3326 1197 3378 δὲ
1252 3323 1533 3393 ἀγώγιμος
1572 3320 1812 3392 γεγονὼς

235 3415 478 3486 ἠρνεῖτο,
513 3417 607 3470 καὶ
656 3418 1018 3485 συκοφαντίαν
1055 3415 1308 3487 ὠνόμαζε
1349 3416 1447 3485 τὴν
1482 3414 1723 3485 γραφήν.
1750 3413 1811 3468 ’0

234 3506 294 3560 δὲ
325 3509 580 3579 μάρτυρα
606 3509 792 3563 ἐκάλει
822 3511 920 3579 οὐχ
951 3509 1159 3580 ἓτερον,
1202 3508 1335 3561 ἀλλά
1364 3508 1455 3560 τὸν
1491 3510 1558 3579 τῇ
1589 3505 1810 3576 γοητείᾳ

236 3598 633 3670 διακονήσαντα
670 3600 919 3670 δαίμονα,
972 3600 1066 3653 καὶ
1123 3600 1213 3653 τὸν
1246 3599 1525 3668 ’δικαστὴν
1580 3598 1808 3661 ἱκέτευε,

240 3691 393 3759 παρὰ
415 3691 507 3742 τὸν
538 3690 680 3744 θεῖον
706 3692 917 3765 ἐκεῖνον,
945 3690 1191 3760 δραμεῖν,
1225 3677 1449 3759 καὶ’τὴν
1482 3688 1574 3741 τοῦ
1624 3688 1811 3757 δαίμο-

238 3797 329 3843 νος
350 3781 607 3845 δέξασθαι
634 3782 959 3854 μαρτυρίαν.
982 3781 1086 3834 Τοῦ
1112 3782 1166 3833 δὲ
1198 3780 1463 3847 λέγοντος,
1479 3781 1577 3832 οὐκ
1593 3779 1811 3848 ἔννομον

239 3866 401 3933 εἶναι,
436 3873 556 3926 οὐδὲ
587 3873 693 3943 μὴν
718 3874 885 3935 ὅσιον,
940 3874 997 3925 ὲν
1035 3870 1317 3941 ἁσκητικῷ
1352 3870 1535 3941 χωρίῳ
1562 3870 1811 3937 γενέσθαι

237 3966 338 4034 τὴν
369 3965 620 4033 βάσανον,
657 3952 804 4028 ἄξειν
849 3966 927 4029 είς
976 3964 1036 4017 τὸ
1078 3964 1425 4033 δικαστήριον
1467 3962 1494 4013 ὁ
1519 3962 1615 4030 τῆς
1644 3962 1810 4030 κόρης

239 4056 425 4125 πατὴρ
445 4055 534 4108 τὸν
565 4055 705 4107 θεῖον
757 4055 1023 4125 ὑπέσχετο
1048 4053 1379 4109 Μακεδόνων
1410 4068 1422 4080 ·
1460 4052 1551 4106 καὶ
1589 4051 1811 4121 δραμὼν

239 4147 425 4200 ἐπεισέ
444 4165 502 4199 τε
522 4148 616 4201 καὶ
644 4147 1119 4217 ἡγαγεν.¹Εξωθεν
1147 4147 1201 4199 δὲ
1227 4145 1324 4199 τοῦ
1343 4144 1561 4216 ἀρχείου
1589 4144 1812 4208 καθίσας

240 4241 269 4291 ὁ
292 4238 569 4309 δικαστὴς,
600 4240 719 4309 οὐχὶ
756 4238 1012 4307 δικαστὴς
1042 4238 1277 4305 ἐγένετο,
1310 4236 1446 4289 ἀλλᾶ
1485 4236 1714 4304 θεατής·
1746 4236 1814 4287 τὰ

239 4329 505 4381 δικαστῶν
530 4328 639 4398 γὰρ
665 4329 693 4380 ό
723 4328 892 4398 μέγας
911 4327 1242 4388 Μακεδόνιος
1261 4326 1409 4395 ἕδρα,
1432 4328 1494 4397 τῇ
1526 4328 1811 4400 ἐνοικούσῃ

240 4419 467 4489 δυνάμει
502 4419 800 4489 χρώμενος,
836 4420 929 4472 καὶ
977 4418 1057 4489 τῷ
1103 4418 1315 4487 δαίμονι
1368 4418 1813 4487 παρακελευόμε-

1914 3336 2029 3390 bat.
2067 3334 2161 3387 Ille
2190 3346 2319 3387 vero
2350 3338 2545 3385 testem
2573 3328 2735 3379 alium
2766 3339 2875 3378 non
2920 3322 3142 3384 citabat,
3173 3334 3337 3389 quam
3373 3318 3484 3372 das.

1913 3438 2126 3478 monem
2160 3422 2361 3491 ipsum,
2392 3418 2486 3487 qui
2518 3417 2773 3471 minister
2826 3412 3007 3467 fuerat
3062 3408 3478 3472 incantationis,

1907 3514 2259 3584 judicemque
2284 3510 2502 3570 orabat,
2537 3515 2595 3560 ut
2623 3506 2686 3558 ad
2722 3504 2969 3559 divinum
3012 3502 3188 3555 virum
3242 3500 3365 3559 iret,
3397 3507 3480 3551 te-

1912 3604 2336 3670 stimoniumque
2388 3598 2674 3666 reciperet.
2702 3594 2804 3660 Qui
2838 3607 2962 3646 cum
2990 3590 3073 3646 fas
3113 3604 3219 3643 non
3249 3602 3370 3642 esse
3399 3585 3484 3639 di-

1914 3704 2080 3755 ceret,
2114 3707 2217 3748 nec
2245 3693 2483 3761 justum,
2515 3698 2573 3743 ut
2610 3689 2662 3740 in
2695 3682 3029 3739 monasterio
3057 3680 3287 3749 quaestio
3316 3678 3483 3732 habe-

1913 3792 2085 3845 retur,
2118 3780 2487 3835 adducturum
2538 3792 2597 3831 se
2660 3775 2712 3828 in
2771 3772 3053 3848 judicium,
3097 3777 3250 3839 pater
3291 3766 3483 3836 puellae

1915 3873 2291 3928 Macedonium
2338 3868 2563 3937 recepit,
2597 3876 2649 3920 et
2694 3878 3025 3924 accurrens,
3060 3860 3329 3937 persuasit
3381 3857 3478 3920 illi,

1913 3974 1963 4020 et
2020 3965 2265 4031 adduxit.
2320 3934 2526 4017 Sedens
2567 3966 2745 4012 autem
2791 3966 2940 4008 extra
2978 3934 3243 4031 judicium
3297 3948 3478 4020 judex,

1915 4071 2023 4108 non
2057 4054 2221 4123 judex
2259 4053 2351 4107 sed
2382 4056 2655 4121 spectator
2690 4046 2867 4099 factus
2899 4018 3291 4113 est.§udicum
3337 4040 3489 4119 enim‘

1914 4155 2096 4219 partes
2115 4146 2308 4215 agebat
2338 4157 2569 4211 magnus
2606 4137 2981 4197 Macedonius,
3013 4133 3173 4187 insita
3197 4130 3299 4184 sibi
3326 4124 3479 4181 utens

1916 4245 2207 4309 potestate,
2241 4233 2586 4301 dzemonique
2612 4228 2953 4299 praecipiens.
2980 4233 3056 4285 ut,
3088 4224 3288 4290 ri-jecto
3322 4207 3484 4273 fami-

1918 4331 2035 4386 liari
2066 4330 2164 4383 sibi
2206 4313 2509 4381 mendacio.
2538 4330 2703 4376 totam
2737 4319 2814 4373 rei
2852 4315 3169 4386 trag-mdium
3203 4328 3326 4367 vera
3358 4325 3485 4364 nar-

1919 4424 2132 4477 ratione
2160 4413 2635 4487 exponcret.'l‘um
2666 4412 2777 4473 ille,
2796 4423 3007 4463 smnma
3036 4405 3359 4460 necessitate
3386 4400 3483 4454 ad-

242 4528 353 4577 νος,
379 4511 440 4563 τὸ
480 4510 579 4580 μὲν
609 4509 835 4579 σύνηθες
876 4509 1069 4577 ψεῦδος
1102 4510 1214 4579 ὲᾷν,
1242 4508 1337 4559 σὺν
1362 4507 1588 4578 ἀληθείᾳ
1620 4508 1673 4560 δε
1708 4510 1812 4560 πᾶ-

1920 4522 2096 4576 actus,
2130 4520 2186 4565 et
2220 4511 2397 4561 virum
2431 4503 2691 4567 ostendit,
2743 4501 2835 4568 qui
2890 4498 3117 4566 magicis
3148 4493 3487 4548 carminibus

244 4615 344 4651 σαν
376 4596 470 4651 τοῦ
508 4597 781 4668 δράματος
829 4597 1131 4665 διηγεῖσθαι
1170 4598 1269 4666 τὴν
1308 4596 1633 4667 τραγῳδίαν.
1677 4598 1734 4649 ’0
1756 4598 1811 4650 δὲ

244 4688 352 4743 ὑπὸ
372 4692 471 4757 τῆς
506 4690 769 4759 μεγίστης
788 4688 1033 4760 ἀνάγκης
1058 4688 1198 4742 ὼθού
1209 4705 1387 4757 μενος,
1424 4690 1516 4741 καὶ
1544 4689 1632 4742 τὸν
1647 4689 1815 4759 ἄνδρα

244 4778 535 4851 ὑπεδείκνυ
583 4777 671 4830 τὸν
709 4779 826 4840 ταῖς
854 4780 1223 4847 γοητευτικαῖς
1246 4779 1409 4847 ᾠδαῖς
1456 4778 1806 4847 βιασάμενον,

242 4871 338 4925 καὶ
366 4870 464 4941 τὴν
498 4870 818 4937 παιδίσκην,
866 4869 931 4921 δι’
958 4864 1025 4939 ἦς
1061 4870 1089 4921 ὁ
1133 4868 1343 4922 κυκεὼν
1393 4870 1595 4932 ἐκεῖνος
1646 4886 1813 4938 τροπ-

244 4962 449 5032 ηνέχθη
495 4963 561 5031 τῇ
586 4962 762 5031 ικὸρῃ·
800 4959 875 5022 ὡς
904 4959 960 5011 δὲ
1016 4962 1108 5013 καὶ
1138 4960 1298 5029 ἔτερα
1334 4960 1509 5028 λέγειν
1538 4960 1812 5030 ἠπείγετο,

244 5052 282 5104 ἃ
309 5051 401 5105 ὑπ’
426 5049 600 5105 ἄλλων
635 5049 796 5102 τινῶν
830 5048 1070 5119 βιασθεὶς
1104 5049 1381 5119 ὲδεδράκει
1408 5092 1423 5117 ,
1462 5049 1553 5103 τοῦ
1587 5050 1684 5120 μὲν
1719 5052 1815 5119 ἑμ-

247 5142 465 5211 πρήσας
490 5139 588 5210 τὴν
618 5140 816 5203 οἰκίαν,
855 5138 947 5191 τοῦ
975 5138 1031 5191 δὲ
1059 5138 1128 5191 τά
1158 5139 1326 5208 κτήνη
1353 5140 1686 5211 διαφθείρας,
1722 5139 1814 5192 τοῦ

246 5234 305 5284 δὲ
327 5232 453 5286 ἀλλο
477 5248 529 5284 τι
548 5230 949 5301 λυμηνάμενος,
985 5230 1141 5299 σιγὴν
1172 5231 1323 5298 ἄγειν
1353 5232 1637 5286 ἐκέλευσεν
1670 5235 1697 5286 ό
1721 5233 1812 5287 τοῦ

248 5321 383 5375 Θεοῦ
416 5321 722 5392 ἄνθρωπος,
760 5321 853 5372 καὶ
894 5321 1207 5390 παραυτίκα
1240 5324 1427 5393 πόρῤω
1459 5340 1559 5375 που
1588 5326 1681 5377 καὶ
1719 5324 1816 5392 τῆς

250 5413 416 5485 κόρης
440 5413 533 5466 καὶ
552 5411 645 5465 τοῦ
672 5410 861 5473 ἄστεος
897 5410 1161 5479 γίνεσθαι.
1208 5410 1264 5463 '0
1297 5412 1375 5475 δὲ,
1402 5412 1477 5475 ὡς
1508 5413 1816 5485 Δεσποτικῷ

253 5502 571 5572 πειθόμενος
617 5502 786 5572 νόμῳ,
816 5503 877 5555 τὸ
926 5501 1213 5554 κελευσθὲν
1266 5503 1474 5569 ἐποίει,
1513 5506 1605 5558 καὶ
1655 5505 1815 5569 εὐθὺς

252 5594 631 5665 ἐδραπέτευεν.
658 5592 813 5646 Οὕτω
834 5593 889 5645 δὲ
910 5592 1110 5661 ταύτην
1141 5595 1167 5646 ὁ
1194 5592 1332 5655 θεῖος
1370 5598 1572 5659 ἐκεῖνος
1602 5597 1813 5667 ἀνθρω-

253 5701 354 5747 πος
381 5687 480 5753 τῆς
516 5684 710 5753 μανίας
740 5683 1127 5753 ἐλευθερώσας,
1166 5684 1259 5736 καὶ
1280 5684 1369 5738 τὸν
1400 5687 1632 5741 δείλαιον
1674 5690 1805 5740 ἐκεῖ·

255 5792 343 5836 νον
389 5776 663 5849 ἐξήρπασε
706 5777 801 5845 τῆς
846 5775 1060 5844 γραφῆς
1087 5815 1098 5835 ,
1153 5777 1243 5827 καὶ
1278 5778 1369 5831 τοῦ
1412 5780 1664 5839 δικαστοῦ
1722 5784 1815 5855 risv

1917 4607 2025 4659 vim
2062 4603 2341 4662 attulerat,
2371 4606 2424 4652 ct
2457 4596 2735 4656 ancillam,
2766 4607 2861 4662 per
2911 4603 3072 4659 quam
3116 4586 3267 4658 potio
3297 4584 3489 4652 puella:

1916 4699 2040 4751 data
2096 4696 2292 4748 fuerat.
2330 4691 2578 4759 Cumque
2631 4687 2736 4740 alia
2786 4684 2950 4739 etiam
3008 4682 3194 4734 dicere
3245 4683 3483 4747 pararet,

1916 4803 2035 4857 qua:
2062 4786 2129 4839 ab
2181 4784 2304 4837 aliis
2362 4778 2689 4849 quibusdam
2748 4774 3018 4844 impulsus
3069 4776 3330 4842 patrarat,
3361 4764 3490 4819 huic

1916 4882 2139 4933 domum
2205 4873 2541 4933 incendens,
2579 4869 2728 4923 illius
2792 4867 3041 4935 jumenta
3114 4860 3486 4924 interimens,

1916 4973 2081 5025 alium
2115 4968 2221 5021 alio
2268 4964 2525 5035 quopiam
2572 4962 2774 5016 damno
2821 4958 3074 5018 alliciens,
3132 4955 3290 5009 silere
3334 4952 3487 5005 illum

1913 5063 2083 5132 jussit
2109 5060 2193 5112 vir
2256 5056 2386 5121 Dei,
2420 5054 2722 5124 proculque
2755 5067 2783 5105 a
2816 5049 2998 5120 puella
3054 5054 3107 5101 et
3162 5044 3231 5099 ab
3272 5042 3485 5111 1212

1919 5154 2058 5209 urbe
2097 5149 2279 5206 statim
2335 5147 2633 5201 abscedere
2665 5161 2677 5198 :
2712 5150 2767 5197 et
2817 5140 2923 5202 ille,
2970 5146 3225 5205 tanquam
3274 5132 3485 5185 Domini

1918 5246 2018 5315 legi
2050 5243 2377 5309 obsequens,
2414 5237 2542 5292 fecit
2574 5237 2857 5304 imperata,
2910 5228 3157 5298 fugitque
3194 5220 3483 5291 evestigio.

1920 5314 1996 5389 Ita
2026 5336 2243 5389 divinus
2265 5333 2347 5385 vir
2402 5330 2549 5383 hanc
2605 5327 2846 5380 liberans
2894 5336 2924 5375 a
2974 5319 3176 5380 furore,
3224 5314 3485 5370 miserum

1918 5440 2133 5496 quoque
2161 5423 2314 5477 illum
2364 5418 2565 5489 eripuit
2597 5412 2962 5499 accusationi,
3004 5408 3486 5480 probibuitque-ne

1915 5516 2079 5587 judcx
2116 5514 2313 5584 capitis
2362 5510 2690 5565 sententiam
2750 5506 2949 5565 ferret,
2981 5509 3231 5555 sanctum
3279 5510 3485 5566 negans

1918 5619 2058 5666 esse,
2083 5604 2207 5657 utis
2240 5600 2330 5670 qui
2372 5598 2546 5668 ipsius
2580 5609 2747 5664 opera
2782 5592 3082 5646 convictus
3113 5588 3289 5641 fuerat
3310 5592 3482 5637 morte

1918 5696 2264 5764 plecteretur,
2291 5701 2344 5743 ct
2375 5702 2483 5741 non
2521 5685 2669 5740 salus
2693 5670 2951 5751 ei'potius
2987 5695 3081 5749 per
3106 5674 3483 5747 pmnitentiam

1919 5788 2231 5839 donaretur.
2274 5766 2416 5835 Satis
2454 5791 2582 5848 ergo
2617 5789 2890 5846 superque
2917 5778 3071 5827 erant
3110 5770 3233 5834 ista,
3262 5775 3319 5821 ut
3343 5779 3492 5821 cou~
