4206 6456
746 398 874 457 H07

1730 392 2221 457 THEODORETY
2261 391 2586 453 EPIS‘CUPI
2623 389 2993 454 CYRENSIS

3860 398 3998 466 “03

744 525 914 562 cessa:
940 509 1012 561 illi
1045 508 1239 562 divinae
1268 510 1458 579 gratia:
1487 510 1900 565 exuberantiam
1935 511 2310 572 ostenderent,
2341 523 2386 572 Α

2341 523 2386 572 Α
2417 506 2792 577 θανατηφόρον
2837 505 3072 560 ἐκώλυσε
3115 508 3314 576 ψῆφον,
3348 507 3444 577 οὐχ
3483 508 3626 560 ὅσιον
3657 503 3791 559 εἶναι
3819 512 3996 576 φήσας

741 614 841 667 ego
870 609 1049 652 tamen
1082 602 1242 653 etiam
1279 604 1384 655 alia
1432 603 1896 657 commemorabo.

2424 600 2536 660 τοῖς
2564 597 2630 650 δι’
2663 598 2827 650 αὺτοῦ
2858 599 3168 668 γενομένοις
3210 598 3451 668 ἐλέγχοις
3503 599 3817 668 ἐπιτεθῆναι
3861 614 4001 664 σφα-

741 692 862 760 γήν,
896 691 1029 743 ἀλλὰ
1062 693 1259 762 μᾶλλον
1297 696 1394 766 τὴν
1420 697 1508 750 διὰ
1546 697 1832 766 μετανοίας
1864 698 2010 766 αὐτῷ
2035 697 2309 767 σωτηρίαν
2349 691 2744 764 χορηγηθῆναι.
2783 692 3021 762 Ἀπόχρη
3066 693 3164 764 μὲν
3191 689 3282 746 οὖν
3311 693 3403 745 καὶ
3435 691 3603 745 ταῦτα
3654 694 3750 762 τῆς
3814 710 3999 763 παρα·

743 781 1024 850 σχεθείσης
1051 783 1198 853 αὐτῷ
1246 786 1392 850 Θείας
1429 786 1722 859 ⁸δυνάμεως
1758 788 1926 852 δεῖξαι
1973 787 2310 858 περιουσίαν.
2368 783 2508 850 Ἐγὼ
2534 782 2591 833 δὲ
2614 783 2760 852 ὅμως
2795 782 2885 835 καὶ
2911 783 3073 853 ἕτερα
3119 784 3468 854 διηγήσομαι.

808 874 1019 932 Nobilis
1070 880 1319 947 qumdam
1370 894 1434 934 ac
1474 881 1741 949 praedives
1788 882 2025 948 femina,
2058 883 2306 937 Aslrium

740 968 979 1030 nomine,
1010 971 1208 1024 mentis
1255 971 1431 1039 impos
1465 969 1630 1038 facta,
1661 973 1739 1026 sic
1769 981 1826 1024 ut
1869 987 2092 1026 suorum
2133 973 2308 1026 nenii-

741 1073 864 1111 nem
906 1070 1248 1129 agnosceret,
1294 1063 1590 1132 cibumque
1634 1077 1696 1115 ac
1737 1073 1923 1131 potum
1976 1078 2192 1117 omnem
2233 1079 2309 1118 re-

739 1158 983 1216 spueret,
1015 1150 1177 1218 longo
1203 1151 1314 1217 jam
1347 1159 1594 1219 tempore
1622 1153 1673 1203 in
1705 1153 1805 1204 hoc
1828 1152 2025 1205 delirio
2050 1167 2305 1223 perseve-

739 1239 894 1290 rabat
918 1255 931 1290 :
951 1241 1095 1308 quod
1122 1243 1338 1311 quidem
1372 1242 1460 1294 alii
1486 1242 1748 1298 daemonis
1775 1258 1951 1312 opera:
1974 1244 2306 1306 tribuebant,

741 1327 939 1382 medici
992 1346 1122 1385 vero
1171 1333 1388 1386 cerebri
1425 1336 1676 1387 morbum
1728 1335 2091 1404 appellabant.
2129 1334 2309 1399 Quare

740 1421 884 1472 omni
922 1431 1035 1475 arte
1091 1435 1437 1492 consumpta,
1466 1439 1588 1477 eum
1625 1427 1889 1477 auxilium
1946 1425 2070 1478 inde
2098 1425 2308 1478 nullum

738 1516 1046 1578 exsisteret,
1076 1516 1156 1568 vir
1185 1517 1304 1584 ejus
1334 1518 1666 1580 Avodianus,
1691 1517 2009 1585 magistratu
2043 1526 2099 1571 et
2126 1517 2310 1587 digni-

739 1613 851 1658 tate
896 1608 1100 1668 clarus,
1132 1610 1195 1661 ad
1239 1609 1486 1662 divinum
1528 1611 1658 1663 illud
1715 1618 1878 1678 caput
1931 1609 2231 1678 profectus,
2258 1618 2311 1664 et

739 1698 993 1768 conjugis
1032 1700 1400 1754 calamitatem
1445 1701 1723 1769 exposuit,
1772 1709 1824 1753 et
1877 1699 2178 1752 remedium
2211 1713 2308 1752 ex-

2480 877 2600 930 Τῶν
2627 879 2967 949 εὐπατριδῶν
2998 896 3083 941 τις
3109 881 3266 950 γυνὴ,
3299 881 3392 934 καὶ
3428 880 3546 933 λίαν
3599 879 3999 948 εὐπορωτάτων

2408 969 2690 1038 (Ἀστριον
2710 970 2818 1022 ηδὲ
2834 971 3004 1039 αὐτὴν
3020 973 3463 1042 προσηγόρευον),
3478 970 3581 1035 ἔξω
3605 972 3699 1040 μὲν
3725 971 3832 1022 τῶν
3865 986 4001 1039 cppe-

2407 1058 2512 1110 νῶν
2561 1057 2800 1125 ἐγεγόνει
2844 1099 2857 1122 ,
2890 1059 3222 1127 ὲπεγίνωσκε
3261 1061 3317 1113 δὲ
3367 1060 3473 1112 τῶν
3530 1059 3743 1114 οἰκείων
3777 1060 3996 1121 οὐδένα.

2409 1148 2593 1200 σιτίων
2613 1149 2668 1201 δὲ
2702 1150 2734 1219 ἢ
2785 1148 2964 1202 ποτῶν
3000 1151 3328 1220 μεταλαϐεῖν
3368 1153 3467 1204 οὐκ
3494 1152 3751 1221 ἠνέσχετο
3771 1168 3784 1181 ⁸
3811 1167 4000 1220 παρα-

2409 1239 2644 1292 παίουσα
2674 1241 2730 1292 δὲ
2785 1241 3131 1294 ὲπιπλεῐστον
3161 1243 3427 1296 διετέλεσε
3456 1242 3666 1312 χρόνον,
3717 1240 4000 1295 καὶτοῦτο

2407 1332 2458 1383 οἱ
2497 1331 2596 1401 μὲν
2627 1330 2776 1385 ἄλλοι
2802 1331 3057 1401 δαίμονος
3087 1333 3316 1386 ἐκάλουν
3348 1333 3707 1402 ἐνέργειαν,οἰ
3727 1332 3790 1384 ’δὲ
3819 1331 4000 1401 ἰατροὶ

2407 1423 2500 1476 τοῦ
2546 1423 2851 1492 ἐγκεφάλου
2886 1424 3290 1495 προσηγόρευον
3326 1425 3556 1493 νόσημα.
3598 1423 3786 1491 Πάσης
3815 1422 3998 1473 τοίνυν

2411 1515 2808 1585 δαπανηθείσης
2827 1517 2927 1585 τῆς
2951 1517 3170 1585 τέχνης,
3205 1518 3299 1570 καὶ
3332 1517 3604 1585 μηδεμιᾶς
3641 1514 3848 1567 ἐκεῖθεν
3875 1516 4000 1565 ὲττι-

2407 1605 2632 1674 κουρίας
2667 1606 3130 1678 προσγενομένης,
3150 1609 3177 1658 ὁ
3201 1609 3404 1674 ταύτης
3433 1606 3570 1676 ἀνὴρ
3618 1605 3932 1668 (Αὐοδιανός
3953 1604 4000 1636 ⁸⁸

2405 1695 2460 1746 δὲ
2483 1689 2638 1758 οὗτος
2668 1691 2783 1767 ἦν),
2817 1697 2955 1767 ἀνὴρ
2987 1699 3098 1750 τῶν
3126 1700 3182 1750 ἐν
3205 1699 3348 1751 τέλει
3391 1699 3484 1752 καὶ
3520 1698 3812 1767 ἀξιώματι,
3839 1696 3996 1766 παρὰ

740 1790 914 1857 petiit.
951 1791 1133 1844 Cessit
1168 1791 1329 1846 homo
1371 1791 1485 1852 Dei,
1533 1793 1762 1861 ejusque
1786 1792 2006 1844 domum
2043 1792 2212 1853 venit,
2252 1801 2306 1844 et
2339 1815 2383 1874 Β

2339 1815 2383 1874 Β
2410 1785 2508 1856 τὴν
2535 1787 2681 1839 θείαν
2721 1789 2934 1858 ἐκείνην
2978 1789 3201 1859 δραμὼν
3243 1791 3514 1861 κεφαλὴν,
3546 1793 3639 1843 καὶ
3670 1791 3767 1859 τῆς
3791 1788 3995 1858 ὁμοζύ-

742 1881 909 1932 lieu-m
967 1895 1161 1950 magna
1216 1882 1571 1935 contentione
1624 1892 1877 1952 precatus
1924 1892 2025 1935 est.
2081 1881 2308 1935 Peracta

737 1971 1003 2034 oratione,
1037 1985 1236 2041 aquam
1293 1971 1471 2026 all'erri
1513 1988 1637 2026 cum
1697 1973 1978 2039 jussisset,
2009 1974 2170 2042 eique
2223 1987 2309 2026 sa-

739 2062 915 2116 lutare
975 2063 1189 2132 signum
1239 2063 1647 2132 inipressisset,
1678 2064 1862 2118 bibere
1920 2064 2070 2116 illam
2119 2063 2304 2131 jussit.

736 2151 1184 2208 Reclamanlibus
1237 2155 1467 2208 medicis
1500 2197 1513 2218 ,
1551 2156 1706 2224 quasi
1769 2155 1968 2224 frigido
2022 2162 2150 2224 potu
2219 2155 2307 2207 hie

735 2246 962 2299 morbus
997 2255 1307 2314 augeretur,
1343 2249 1597 2310 maritus,
1638 2256 1746 2302 tota
1778 2249 1996 2302 illorum
2023 2249 2182 2302 turba
2212 2263 2306 2300 ex-

736 2337 912 2404 pulsa,
959 2339 1117 2390 uxori
1157 2339 1440 2406 potionem
1500 2339 1750 2407 prmbuit,
1782 2347 1836 2394 et
1890 2341 1978 2393 illa
2020 2349 2078 2391 ut
2116 2337 2304 2400 ebibit.

733 2426 800 2480 ad
827 2442 885 2481 se
918 2443 1041 2482 mox
1075 2429 1259 2495 rediit,
1302 2431 1513 2500 1213
1545 2433 1851 2500 mentisque
1879 2445 2104 2500 compos
2141 2428 2304 2493 facta,

731 2527 784 2570 et
815 2532 844 2570 a
873 2521 1062 2574 morbo
1091 2536 1319 2590 prorsus
1351 2523 1542 2584 libera,
1569 2531 1817 2578 sanctum
1857 2523 2031 2576 virum
2062 2522 2304 2591 agnovit,

731 2607 962 2678 ejusque
988 2610 1236 2665 dextram
1259 2613 1488 2681 supplex
1508 2614 1944 2683 apprehendens,
1978 2612 2154 2667 oculis
2189 2611 2306 2666 suis

731 2697 1013 2767 imposuit,
1035 2710 1082 2756 et
1111 2704 1190 2756 ori
1221 2702 1480 2766 admovit,
1502 2713 1554 2757 et
1584 2721 1715 2759 sana
1747 2715 1924 2760 mente
1945 2705 1998 2758 in
2022 2711 2302 2775 posterum

730 2793 901 2858 potita
930 2805 1029 2848 est.

2411 1895 2510 1944 γου
2569 1878 2807 1948 διηγεῖτο
2844 1880 2904 1931 τὸ
2952 1880 3143 1943 πάθος.
3181 1883 3274 1934 καὶ
3313 1885 3497 1951 τυχεῖν
3549 1881 3649 1950 τῆς
3695 1878 3998 1948 θεραπείας

2413 1970 2674 2025 ἱκέτευεν.
2727 1966 2882 2035 Εἰξεν
2923 1973 2950 2023 ὀ
2986 1971 3272 2036 θεσπέσιος
3321 1972 3605 2045 ἄνθρωπος
3627 2012 3640 2035 ,
3671 1972 3764 2023 καὶ
3791 1969 3890 2040 τὴν
3916 1971 3996 2020 oi-

2411 2063 2537 2115 κίαν
2595 2063 2884 2126 κατέλαϐε,
2917 2065 3010 2117 καὶ
3044 2065 3340 2117 σπουδαίαν
3366 2063 3442 2134 τῷ
3490 2062 3608 2131 Θεῷ
3646 2063 3742 2132 τὴν
3781 2060 3995 2113 ἱκεσίαν

2411 2154 2778 2224 προσήνεγκε.
2831 2155 2944 2224 Τὴν
2995 2154 3050 2206 δὲ
3098 2155 3408 2226 προσευχὴν
3466 2154 3861 2223 συμπεράνας,
3899 2153 3995 2202 καὶ

2411 2245 2556 2315 ὕδωρ
2597 2245 2922 2315 κομισθῆναι
2962 2246 3245 2309 κελεύσας,
3302 2246 3399 2299 καὶ
3452 2246 3551 2316 τὴν
3598 2246 3864 2315 σωτήριον
3910 2246 3996 2295 έν-

2405 2337 2665 2398 τυπώσας
2729 2339 3024 2408 σφραγῖδα,
3069 2341 3213 2391 πιεῖν
3263 2339 3398 2408 αὐτῇ
3451 2337 3833 2408 παρηγγύησε.
3867 2334 3995 2386 Τῶν

2403 2429 2461 2481 δὲ
2519 2429 2720 2498 ἰατρῶν
2780 2431 3258 2500 ἀπαγορευόντων,
3285 2430 3359 2492 ὡς
3412 2433 3476 2501 τῇ
3527 2428 3868 2499 ψυχροποσίᾳ
3896 2426 3995 2478 αὖ-

2406 2519 2559 2590 ξησιν
2601 2521 2892 2591 δεχομένου
2947 2521 3041 2576 τοῦ
3094 2523 3320 2588 πάθους,
3382 2525 3563 2577 πᾶσαν
3622 2522 3842 2574 ἐκείνων
3895 2520 3995 2589 τὴν

2406 2612 2718 2682 συμμορίαν
2748 2613 2776 2664 ὀ
2808 2613 2945 2684 ἀνὴρ
2979 2615 3340 2684 ἀπωσάμενος
3365 2657 3377 2677 ,
3402 2617 3468 2684 τῇ
3499 2615 3715 2683 γυναικὶ
3749 2612 3809 2664 τὸ
3839 2611 3996 2680 πόμα

2411 2704 2767 2774 προσέφερεν.
2825 2705 2889 2758 Ἠ
2921 2706 2974 2759 δὲ
3022 2705 3172 2758 ἔπινέ
3217 2725 3276 2760 τε
3331 2709 3468 2777 ἅμα,
3521 2708 3615 2760 καὶ
3663 2707 3742 2768 εἰς
3795 2703 3994 2771 ἑαυτὴν

2411 2793 2637 2864 ἐπανῄει
2688 2795 2781 2846 καὶ
2828 2799 3107 2866 φρενήρης
3151 2799 3388 2865 ἐγίνετο·
3425 2800 3519 2851 καὶ
3553 2798 3784 2867 πάμπαν
3818 2794 3994 2849 ἀπαλ-

729 2881 1032 2956 λαττομένη
1057 2889 1148 2942 τοῦ
1182 2893 1514 2959 πάθους,τὸν
1545 2892 1685 2945 θεῖον
1719 2891 2086 2957 ἐπεγίνωσκεν
2112 2885 2300 2955 ἄνδρα,
2338 2885 2434 2936 καὶ
2476 2885 2576 2955 τὴν
2610 2885 2791 2949 δεξιὰν
2828 2887 3013 2939 λαϐεῖν
3068 2888 3274 2940 ἱκέτευε
3297 2927 3312 2952 ,
3373 2889 3465 2942 καὶ
3525 2891 3639 2951 τοῖς
3690 2887 3992 2956 ὀφθαλμΰῖς

729 2976 987 3042 ἐπετίθει,
1043 2981 1138 3032 καὶ
1186 2983 1262 3051 τῷ
1318 2985 1545 3054 στόματι
1581 2983 2046 3055 προσέφερε-καὶ
2129 2981 2207 3042 εἰς
2251 2977 2342 3030 τὸν
2411 2977 2602 3029 ἔπειτα
2650 2977 2888 3047 διέμεινε
2955 2979 3147 3049 χρόνον
3200 2982 3387 3051 φρεσὶν
3442 2982 3778 3053 ἐρρωμέναις
3844 2997 3991 3050 χρω-

734 3069 866 3139 μένη
878 3109 890 3121 .

804 3163 938 3216 Cum
996 3175 1176 3220 autem
1211 3168 1373 3221 vitam
1426 3181 1607 3240 ageret
1631 3171 1686 3224 in
1720 3179 1924 3235 monte,
1966 3177 2152 3239 pastor
2182 3165 2306 3234 qui-
2337 3166 2378 3223 C

731 3254 877 3316 dam,
907 3257 1149 3322 palantes
1185 3275 1434 3327 quaerens
1459 3279 1608 3326 oves,
1645 3265 1710 3318 ad
1743 3265 1917 3319 locum
1951 3265 2214 3334 pervenit,
2247 3263 2302 3317 in

729 3361 840 3416 quo
874 3357 989 3402 erat
1022 3351 1106 3403 vir
1157 3351 1270 3405 Dei.
1302 3353 1554 3409 Obscura
1586 3372 1750 3426 porro
1799 3373 1904 3411 nox
1940 3367 2081 3422 erat,
2108 3366 2161 3412 et
2211 3358 2302 3410 nix

731 3440 900 3492 multa
952 3440 1314 3498 descenderat
1343 3464 1355 3499 :
1389 3447 1655 3518 viditque,
1686 3459 1746 3503 ut
1775 3450 2065 3513 referebat,
2112 3465 2300 3520 pyram

730 3531 876 3585 circa
903 3533 1078 3602 ipsum
1116 3550 1427 3602 accensam,
1458 3549 1512 3594 et
1545 3540 1682 3595 duos
1726 3541 1847 3595 alba
1877 3552 2026 3596 veSIe
2058 3542 2299 3608 indutos,

729 3628 822 3694 qui
860 3628 1141 3682 materiam
1192 3630 1306 3699 igni
1361 3632 1864 3688 subministrarem.
1893 3633 2102 3704 Quippe
2134 3634 2301 3688 animi

732 3717 1068 3772 alacritatem
1091 3719 1342 3787 aﬂ‘erens,
1387 3722 1576 3777 divina
1605 3740 1708 3794 ope
1750 3725 2053 3780 fruebatur.
2089 3726 2194 3780 Sed
2249 3737 2303 3782 et

733 3809 1035 3878 prephetici
1083 3828 1300 3883 quoque
1330 3816 1459 3868 doni
1495 3817 1774 3886 particeps
1814 3816 1936 3870 fuit.
1973 3817 2108 3870 Cum
2154 3819 2299 3872 enim

733 3901 798 3954 ad
820 3919 943 3956 eum
968 3905 1205 3960 venisset
1227 3908 1485 3977 magister
1507 3909 1762 3972 militum,
1788 3909 2054 3977 religione
2075 3911 2301 3965 illustris

732 3993 1003 4064 (Lupicini
1037 3998 1180 4050 enim
1229 4000 1488 4054 virtutem
1516 4001 1642 4069 quis
1674 4001 1850 4056 nescit
1872 4003 1937 4072 ί),
1975 4004 2302 4057 sollicitum-

730 4100 836 4150 que
887 4101 946 4140 se
984 4103 1105 4141 esse
1163 4088 1368 4144 diceret
1402 4092 1468 4144 de
1519 4093 1870 4160 quibusdam,
1905 4094 1996 4163 qui
2050 4095 2119 4148 ah
2166 4095 2303 4149 urbe

730 4178 877 4248 regia
903 4195 989 4234 res
1019 4180 1121 4234 sibi
1163 4185 1506 4238 necessarias
1539 4185 1673 4237 mari
1721 4184 2100 4250 advehebant;
2137 4188 2301 4256 quin-

727 4271 989 4340 quaginta
1020 4288 1255 4343 namque
1275 4275 1455 4330 aiebat
1487 4276 1705 4346 elapsos
1740 4277 1857 4332 dies
1890 4293 2034 4343 esse,
2077 4293 2200 4334 cum
2236 4295 2302 4335 ex

728 4370 886 4430 portu
915 4364 1230 4430 solvissent,
1254 4382 1354 4421 nec
1377 4367 1444 4422 de
1465 4368 1572 4423 illis
1596 4369 1662 4423 ad
1690 4385 1748 4424 se
1771 4368 1973 4423 famam
1997 4371 2162 4425 ullam
2183 4387 2304 4441 per-

726 4453 961 4517 venisse,
991 4456 1078 4510 ille
1112 4455 1247 4510 nihil
1274 4465 1597 4514 cunctatus:
1622 4478 1640 4510 ι
1668 4459 1850 4525 Navis,
1881 4461 2079 4531 inquit,
2105 4463 2299 4528 amice,

728 4559 836 4599 una
873 4547 1059 4616 periit,
1088 4549 1257 4603 altera
1292 4549 1557 4606 Seleuciae
1595 4561 1813 4623 portum
1857 4570 1980 4609 cras
2009 4555 2252 4610 intrabit.
2274 4573 2293 4607 ι

729 4633 794 4688 Ει
824 4635 936 4690 ιιαιε
965 4636 1188 4706 quidem
1218 4639 1405 4694 divino
1434 4641 1528 4694 illo
1549 4657 1614 4695 ex
1637 4658 1732 4697 ore
1766 4643 1996 4710 audivit,
2014 4645 2302 4699 verborum

727 4736 909 4785 autem
938 4731 1218 4785 veritatem
1245 4734 1582 4803 experientia
1633 4734 1944 4806 perdidicit.

798 4993 1002 5048 Verum
1050 5003 1128 5060 ut,
1158 4996 1281 5052 aliis
1315 4999 1563 5063 omissis,
1595 5014 1657 5054 ea
1685 5015 1898 5057 narrem
1931 5017 2051 5072 quae
2082 5004 2150 5058 ad
2184 5020 2298 5060 me-

729 5088 905 5157 ipsum
964 5099 1233 5166 spectant,
1270 5093 1528 5148 tredecim
1566 5110 1742 5150 annos
1799 5111 1921 5150 cum
1977 5105 2132 5168 patre
2176 5115 2298 5154 meo

727 5187 900 5234 mater
931 5195 1054 5234 cum
1089 5183 1638 5248 habitassel,liberos
1662 5189 1900 5242 nondum
1938 5201 2253 5261 susceperat
2282 5209 2294 5247 :

724 5271 931 5327 sterilis
988 5274 1133 5327 enim
1189 5285 1324 5340 erat,
1357 5289 1408 5332 et
1465 5295 1533 5333 ne
1595 5279 1834 5334 fructum
1879 5282 2045 5338 ferret
2100 5293 2296 5338 natura

724 5364 1068 5432 prohibebat.
1101 5367 1232 5434 Quae
1266 5385 1351 5423 res
1382 5371 1555 5439 ipsam
1588 5373 1806 5440 quidem
1833 5376 1976 5430 male
2004 5377 2295 5431 admodum

723 5468 833 5506 non
867 5455 1136 5522 habebat;
1173 5459 1225 5512 in
1277 5459 1479 5515 divinis
1520 5465 1665 5517 enim
1707 5465 1921 5519 erudita
1962 5465 2013 5520 id
2043 5467 2298 5536 expedite

724 5547 1017 5602 credebat:
1055 5560 1257 5618 patrem
1293 5567 1419 5606 vero
1482 5569 1660 5608 meum
1701 5557 1909 5612 orbitas
1948 5558 2293 5614 vehementer

2494 3159 2683 3211 Ἢνίκα
2707 3161 2760 3212 δὲ
2795 3162 2893 3230 τὴν
2929 3162 3105 3232 ὄρειον
3151 3163 3426 3216 πολιτείαν
3458 3162 3749 3232 ἠσπάζετο,
3786 3167 3995 3235 ποιμήν

2403 3271 2487 3317 τις
2521 3256 2805 3322 μαστεύων
2838 3257 3093 3327 ἀλώμενα
3112 3259 3378 3327 πρόϐατα,
3402 3261 3481 3322 εἰς
3503 3261 3676 3313 ἐκεῖνο
3703 3260 3761 3312 τὸ
3789 3262 3992 3332 χωρίον

2403 3346 2647 3414 ἀφίκετο,
2682 3347 2810 3400 ἔνθα
2841 3348 2869 3399 ὁ
2897 3349 2992 3402 τοῦ
3026 3349 3160 3402 Θεοῦ
3193 3351 3478 3421 ἄνθρωπος
3527 3347 3616 3421 ἦν.
3674 3351 3790 3415 Νὺξ
3829 3352 3884 3404 δὲ
3923 3349 3994 3416 ἦν

2408 3436 2614 3506 βαθεῖα,
2672 3441 2765 3491 καὶ
2822 3441 3036 3509 νιφετὸς
3084 3442 3273 3512 κατῄει
3339 3443 3524 3506 πολὺς,
3571 3444 3664 3495 καὶ
3703 3439 3863 3502 εἶδεν,
3915 3445 3993 3506 ὼς

2404 3531 2595 3600 ἔφησε,
2630 3532 2810 3602 πυρὰν
2839 3533 2968 3604 περὶ
2995 3534 3159 3586 αὐτὸν
3201 3534 3538 3603 ἁπτομένην,
3582 3535 3676 3587 καὶ
3712 3534 3804 3587 δύο
3839 3536 3993 3598 τινας

2404 3623 2914 3693 λευχειμονοῦντας,
2973 3623 3104 3696 ὓλην
3138 3625 3215 3696 τῷ
3257 3625 3392 3696 πυρὶ
3439 3625 3828 3696 χορηγοῦντας.
3879 3627 3996 3696 Τὴν

2403 3715 2512 3785 γὰρ
2541 3715 2846 3788 προθυμίαν
2876 3720 3167 3789 εἰσφέρων,
3201 3719 3298 3788 τῆς
3333 3719 3483 3782 θείας
3541 3721 3865 3790 ἐπικουρίας
3889 3723 3994 3774 ἀπ-

2404 3806 2593 3875 ήλαυε.
2643 3808 2752 3860 Καὶ
2783 3809 3114 3880 προφητικοῦ
3166 3810 3222 3862 δὲ
3275 3811 3589 3882 μετειλήφει
3633 3813 3991 3882 χαρίσματος.

2405 3898 2514 3950 Καί
2565 3915 2696 3950 ποτε
2732 3901 2868 3970 πρὸς
2907 3902 3070 3953 αὐτὸν
3100 3901 3431 3971 ἀφικόμενος
3463 3902 3784 3975 στρατηγὸς,
3836 3905 3992 3956 εὐσε-

2404 3989 2528 4060 ϐείᾳ
2558 3990 3008 4062 λαμπρυνόμενος
3045 3995 3150 4060 (τίς
3178 3994 3235 4046 δὲ
3271 3996 3458 4061 ἀγνοεῖ
3479 3995 3802 4048 Λουπικίνου
3834 3997 3876 4028 ¹⁸
3892 3997 3996 4066 τὴν

2404 4082 2626 4152 ἀρετήν)
2649 4126 2662 4149 ,
2700 4084 3002 4153 φροντίζειν
3028 4085 3200 4152 ἔλεγε,
3231 4085 3357 4154 περί
3391 4103 3550 4139 τινων
3572 4087 3676 4140 ἀπὸ
3701 4087 3801 4155 τῆς
3837 4087 3996 4157 βασι-

2403 4172 2666 4244 λευούσης
2705 4175 2910 4239 πόλεως
2950 4176 3038 4229 διὰ
3079 4178 3173 4246 τῆς
3207 4177 3482 4246 θαλάσσης
3511 4178 3657 4248 αὑτῷ
3685 4179 3754 4232 τὰ
3791 4181 3991 4251 ἐπιτήο

2403 4263 2517 4317 δεια
2576 4265 2928 4336 κομιζόντων.
2972 4269 3320 4338 Πεντήκοντα
3369 4269 3477 4339 γὰρ
3517 4269 3715 4336 ἔφασκε
3747 4271 3995 4340 διεληλυ.

2405 4355 2552 4409 θέναι
2599 4358 2835 4427 ἡμέρας,
2881 4357 2938 4422 ἐξ
2977 4352 3037 4411 οὗ
3078 4359 3171 4412 τοῦ
3219 4359 3435 4430 λιμένος
3473 4361 3805 4431 ἀνήχθησαν,
3841 4363 3992 4415 οὐδε-

2408 4439 2534 4517 μίαν
2581 4449 2638 4501 δὲ
2688 4451 2815 4519 περὶ
2862 4450 3040 4525 αὐτῶν
3093 4449 3347 4513 δέξασθαι
3383 4453 3594 4521 φήμην.
3649 4453 3704 4507 Ὀ
3734 4455 3790 4506 δὲ
3823 4455 3993 4524 μηδὲν

2334 4516 2377 4572 υ
2410 4516 2722 4611 μελλήσας,
2763 4516 2879 4594 .1».
2913 4541 2991 4607 ἒν,
3027 4542 3152 4612 ἔφη,
3188 4516 3414 4611 σκάφοςᾷ
3443 4516 3487 4597 3'.
3521 4516 3690 4614 φίλος,
3718 4516 3990 4599 ἀπόλωλεο

2407 4631 2469 4684 τὸ
2501 4632 2686 4704 ἕτερον
2723 4633 2779 4685 δὲ
2827 4637 2893 4705 τῇ
2945 4635 3207 4707 ὑστεραία
3246 4636 3338 4689 τὸν
3384 4636 3704 4700 Σελευκείας
3752 4639 3993 4707 καταλή-

2407 4721 2567 4790 ψεται
2593 4723 2806 4792 λιμένα.
2839 4744 2855 4775 i
2912 4726 3022 4779 Καὶ
3082 4726 3242 4779 τοῦτο
3282 4726 3481 4797 ἤκουσε
3531 4727 3631 4797 μὲν
3677 4727 3780 4796 τῆς
3839 4728 3991 4791 θείας

2407 4813 2621 4885 ἐκείνης
2646 4815 3125 4889 ὲπιφθεγξαμένης
3147 4817 3416 4888 γλώττης,
3451 4818 3622 4888 ἔμαθε
3648 4818 3700 4872 δὲ
3727 4822 3793 4890 τῇ
3827 4822 3992 4891 πείρα

2404 4905 2504 4976 τὴν
2536 4907 2643 4960 τῶν
2669 4907 2841 4975 λόγων
2866 4909 3143 4979 ἀλήθειαν.

2480 4997 2595 5051 Ἵνα
2621 4999 2678 5052 δὲ
2714 4999 2782 5052 τὰ
2816 5000 2950 5053 ἄλλα
2994 5002 3296 5068 καταλίπω,
3341 5001 3402 5055 τὸ
3441 5001 3563 5056 καθ’
3607 5003 3754 5072 ἡμᾶς
3792 5004 3993 5065 αὐτοὺς

2404 5087 2752 5162 διηγήσομαι.
2803 5091 3169 5162 Τριακαίδεκα
3203 5093 3296 5164 ἔτη
3361 5095 3731 5166 συνοικήσασα
3761 5094 3841 5163 τῷ
3873 5095 3993 5165 ὲμῷ

2405 5181 2573 5248 πατρὶ
2606 5182 2854 5254 ὴμήτηρ
2877 5184 3083 5237 παίδων
3113 5186 3213 5238 οὐκ
3242 5186 3459 5252 ἐγένετο
3491 5188 3704 5257 μήτηρ·
3759 5190 3991 5258 στεριφη

2405 5272 2512 5340 γὰρ
2548 5269 2636 5344 ἦν,
2666 5274 2851 5344 φέρειν
2876 5275 3087 5346 καρπὸν
3112 5277 3216 5329 ὑπὸ
3265 5278 3360 5346 τῆς
3397 5279 3612 5346 φύσεως
3648 5279 3945 5350 εἰργομένη
3974 5298 3987 5311 ⁸

2407 5363 2500 5414 καὶ
2527 5363 2684 5418 τοῦτο
2709 5367 2806 5434 τὴν
2835 5366 2933 5437 μὲν
2966 5367 3026 5420 οὐ
3065 5367 3182 5421 λίαν
3207 5368 3359 5437 ἡνία·
3398 5370 3467 5422 τὰ
3497 5369 3603 5438 γὰρ
3634 5369 3752 5421 θεία
3789 5387 3990 5423 πεπαι-

2403 5455 2634 5530 δευμένη
2671 5458 2828 5511 τοῦτο
2873 5461 3150 5532 συμφέρον
3194 5463 3513 5515 ἐπίστευενο
3567 5464 3754 5514 ἐλύπει
3795 5465 3855 5516 δὲ
3898 5465 3990 5516 τῗιν

2403 5548 2612 5617 πατέρα
2662 5548 2842 5619 λίανή
2888 5551 3134 5616 ἀπαιδία,
3184 5554 3275 5603 καὶ
3339 5552 3568 5604 πάντοσε
3626 5553 3985 5622 περινοστῶν,

2017 5673 2244 5729 VARUS
2285 5677 2684 5735 LECTIONES.

803 5803 848 5836 "
894 5805 1174 5880 Ἀσσύριον
1205 5817 1404 5871 \tdt’llll
1458 5819 1509 5872 in
1541 5818 1754 5874 Hcrveli
1796 5821 1934 5875 libro
1963 5820 2151 5876 fuisse.

2234 5825 2271 5854 "'
2316 5825 2678 5898 ’Ᾱόροδιανὸς.
2719 5827 2927 5886 [ferveti
2963 5829 3115 5885 liber.

3199 5833 3238 5863 ⁸³
3275 5830 3658 5885 Δουπικιάνου.
3687 5827 3904 5888 ίίεηέι·.
