4206 6456
236 371 373 434 1409

1451 366 1852 424 RELIGIOSA
1897 367 2277 428 HISTORIA.

3339 367 3472 431 1410

239 483 468 545 ἰκέτευε,
523 481 646 541 τοὺς
696 478 870 540 θείους
926 476 1260 547 θεράποντας
1312 474 1530 542 αἰτῆςαξ
1572 477 1619 524 οἱ
1660 475 1806 544 παρὸ⁴
1836 478 1878 534 Α

1836 478 1878 534 Α
1915 475 2250 542 angebat,'et
2273 488 2713 543 quoquoversum
2735 473 3000 527 oberrans
3025 473 3114 526 Dei
3143 489 3329 528 servos
3352 491 3470 527 ora-

234 572 330 626 τοῦ
359 571 495 624 Θεοῦ
523 571 734 632 παῖδας.
772 572 832 622 Οἰ
865 570 962 639 μὲν
994 564 1084 621 οὖν
1115 567 1259 620 ἄλλοι
1290 569 1382 618 καὶ
1413 555 1805 634 προσεύχεσθαι

237 662 614 730 ὑπισχνοῦντο,
657 661 751 712 καὶ
796 660 1042 728 στέργειν
1086 657 1244 710 αὑτὸν
1285 658 1346 708 τὸ
1389 657 1526 708 θεῖον
1562 656 1806 726 βούλημα

237 752 598 823 παρηγγύων.
645 751 706 802 '0
729 751 782 802 δὲ
803 750 940 811 θεῖος
968 743 1122 810 οὗτος
1155 748 1459 818 ἅνθρωπος,
1510 747 1807 819 διαρρήδην

235 842 452 910 αἰτησιν
483 840 861 910 ὲπηγγείλετο,
911 841 1004 892 καί⁵
1060 839 1174 891 υἰὸν
1219 839 1314 891 ἕνα
1363 840 1513 908 παρὰ
1560 839 1655 892 τοῦ
1700 840 1806 892 τῶν

233 931 377 984 ὅλων
410 931 753 1001 Δημιουργοῦ
790 930 1056 1000 λήψεσθαι
1075 932 1407 1000 ὑπισχνεῖτο.
1432 931 1610 1000 Τριῶν
1632 931 1807 983 τοίνυν

226 1023 557 1075 διελθόντων
603 1022 886 1086 ἐνιαυτῶν,
934 1025 1025 1075 καὶ
1073 1023 1171 1091 τῆς
1213 1023 1541 1090 ἐπαγγελίας
1572 1023 1632 1075 τὸ
1659 1024 1808 1086 τέλος

231 1117 296 1168 οὑ
322 1115 644 1185 δεξαμένης,
679 1115 839 1180 πᾴλιν
871 1115 1089 1184 ἔτρεχεν
1117 1118 1144 1168 6
1173 1114 1355 1185 πατὴρ
1387 1115 1486 1185 τήν
1519 1116 1806 1186 ὑπόσχεσιν

233 1207 510 1261 ἀπαιτῶν.
570 1208 626 1260 Ὀ
672 1207 730 1260 δὲ
777 1206 1094 1276 πεμφθῆναι
1142 1206 1288 1275 αὐτῷ
1339 1206 1666 1275 προσέταττε
1708 1204 1808 1276 τὴν

233 1300 504 1368 όμόζυγον
525 1315 540 1330 ο
572 1300 906 1368 ἀφικομένης
927 1299 983 1351 δὲ
1012 1299 1109 1366 τῆς
1143 1297 1368 1367 μητρὸς,
1396 1298 1580 1365 ἔλεγεν
1605 1299 1633 1348 6
1666 1296 1807 1358 θεῖος

233 1392 400 1462 ἀνὴρ,
431 1391 506 1454 ὡς
535 1391 628 1444 καὶ
658 1393 889 1460 αἰτήσει,
939 1390 1033 1442 καὶ
1073 1389 1300 1459 λήψεται
1333 1389 1394 1442 τὸ
1439 1388 1668 1450 παιδίον,
1716 1389 1807 1440 καὶ

235 1481 310 1543 ὡς
343 1482 612 1552 προσήκει
642 1481 800 1534 τοῦτο
828 1481 906 1550 τῷ
931 1481 1184 1534 δεδωκότι
1215 1480 1574 1548 ἁντιδοθῆναι.
1615 1481 1724 1548 Τῆς
1749 1480 1805 1532 δὲ

238 1572 448 1642 μητρὸς
483 1573 753 1643 σωτηρίαν
783 1573 961 1643 ψυχῆς
999 1574 1164 1643 μόνην
1196 1573 1578 1642 ἀντιϐολούσης
1599 1573 1802 1636 λαϐεῖν,

235 1667 333 1717 καὶ
357 1665 458 1731 τὴν
486 1665 584 1733 τῆς
609 1667 828 1735 γεέννης
862 1666 1206 1734 ἀπαλλαγήν·
1241 1683 1258 1714 ι
1286 1666 1428 1735 Πρὸς
1459 1665 1652 1734 τούτῳ,
1675 1664 1802 1733 ἔφη.

231 1756 334 1808 καὶ
355 1756 449 1808 τὸν
477 1756 588 1808 υἰδν
628 1758 656 1808 6
694 1755 1072 1826 μεγαλόδωρος
1099 1755 1280 1810 δώσει.
1301 1757 1425 1820 Τοῖς
1446 1757 1552 1826 γάρ
1581 1757 1805 1826 εἰλικρι-

1909 565 2020 630 bat,
2051 564 2262 635 1214
2297 574 2354 617 ιιι
2388 565 2492 619 sibi
2525 566 2725 617 liberos
2757 580 2784 615 a
2818 564 2926 617 Deo
2973 565 3334 632 postularcnt.
3365 569 3470 620 Alil

1907 669 2058 723 ergo,
2095 666 2146 708 et
2175 665 2427 710 oraturos
2450 671 2507 708 se
2532 655 2936 724 promittct'ant,
2964 664 3015 708 et
3042 666 3092 710 ut
3122 659 3173 710 in
3210 655 3302 710 Dei
3337 667 3470 710 nutu

1909 747 2282 814 acquicsreret
2338 747 2712 803 hortabantur.
2745 747 2813 798 At
2849 747 2926 799 \‘ir
2957 747 3193 810 divinus,
3231 759 3283 801 et
3333 751 3470 818 peti-

1908 839 2040 891 tioni
2093 839 2298 906 liquido
2351 838 2565 897 annuit,
2594 850 2644 892 et
2675 839 2842 892 tilium
2889 854 3054 890 unum
3089 839 3156 891 ab
3188 841 3472 895 universo-

1909 948 2030 984 rum
2067 933 2304 985 Auctore
2349 939 2703 1000 accepturum
2751 932 3026 1001 pollicitus
3058 938 3158 984 est.
3205 931 3330 985 Post
3361 943 3471 987 tres

1904 1038 2080 1077 annos
2106 1063 2120 1086 ,
2151 1039 2274 1075 cum
2309 1024 2515 1076 exitum
2568 1023 2861 1090 promissio
2911 1023 3107 1076 sortita
3159 1037 3266 1075 non
3302 1031 3468 1086 esset,

1907 1112 2069 1166 rediit
2120 1113 2316 1165 iterum
2364 1121 2515 1181 pater
2545 1112 2817 1181 promissa
2868 1127 3182 1180 reposcens.
3219 1113 3313 1167 Ille
3346 1129 3470 1168 vero

1907 1206 2044 1259 mitti
2077 1205 2142 1258 ad
2176 1219 2235 1258 se
2289 1205 2574 1272 conjugem
2609 1205 2800 1272 jussit.
2849 1205 2911 1257 Et
2947 1219 3072 1258 eum
3101 1206 3321 1259 adesset
3354 1222 3470 1258 ma—

1908 1305 2008 1360 ter,
2039 1296 2176 1349 dixit
2206 1296 2252 1350 ei
2293 1297 2376 1350 vir
2424 1297 2665 1359 divinus,
2700 1307 2753 1351 et
2781 1297 3076 1366 petiturum
3135 1313 3212 1360 se,
3235 1306 3288 1351 et
3321 1299 3466 1352 illam

1908 1387 2074 1439 tilium
2107 1399 2454 1456 accepturam
2492 1403 2504 1436 :
2535 1388 2628 1442 sed
2681 1388 2824 1441 hunc
2850 1389 3098 1442 donatori
3130 1389 3280 1444 reddi
3309 1405 3470 1459 opor-

1907 1486 2038 1533 tere.
2064 1479 2306 1547 Cumque
2339 1496 2499 1532 unam
2533 1480 2638 1534 sibi
2673 1480 2866 1534 anima:
2907 1481 3158 1542 salutem,
3184 1481 3469 1550 gebenme-

1905 1588 2009 1641 que
2041 1573 2415 1627 liberationem
2460 1573 2513 1625 in
2537 1573 2680 1626 votis
2706 1587 2828 1626 esse
2866 1581 3037 1625 mater
3066 1574 3422 1640 responderet
3450 1589 3464 1626 :

1909 1683 1931 1716 ι
1964 1643 2427 1735 Ιιιειιρετ,’ἰιι‹ιιιίῑ,
2450 1673 2502 1718 et
2527 1665 2691 1718 tilium
2715 1664 2867 1717 dabit
2886 1664 3176 1718 muniﬁcus
3197 1664 3465 1733 Largitor.

1909 1755 1978 1809 lis
2004 1756 2146 1808 enim
2166 1756 2258 1823 qui
2286 1756 2499 1809 sincere
2524 1763 2712 1822 petunt
2748 1756 2802 1806 in
2833 1755 3059 1824 duplum
3090 1765 3277 1824 erogat
3303 1756 3467 1809 bene-

233 1845 340 1907 νῶς
368 1843 579 1897 αἰτοῦσι
613 1815 804 1908 διπλᾶς
830 1845 928 1907 τὰς
957 1815 1199 1914 αἰτήσεις
1235 1815 1538 1915 χαρίζετάιί
1563 1863 1581 1894 ι
1607 1815 1801 1898 Ἐπαν-
1837 1815 1876 1870 Β

1837 1815 1876 1870 Β
1907 1848 2046 1902 ﬁcia.
2071 1869 2088 1900 ι
2113 1849 2346 1902 Rerersa
2372 1851 2499 1902 hinc
2519 1858 2710 1902 mater.
2729 1849 3116 1918 promissionis
3136 1849 3469 1903 benedictio-

228 1933 372 2002 ἧκεν
402 1933 609 1986 ἐκεῖθεν
642 1934 674 2003 ή
709 1934 912 2004 μήτηρ,
940 1935 1038 2004 τὴν
1065 1935 1161 2002 τῆς
1196 1936 1521 2002 ἐπαγγελίας
1557 1934 1802 2002 εὐλογίαν

232 2023 536 2094 κομίζουσα
562 2042 572 2052 ·
608 2027 701 2078 καὶ
717 2025 793 2095 τῷ
814 2026 1059 2096 τετάρτῳ
1080 2026 1177 2095 τῆς
1212 2025 1553 2095 ὑποσχέσεως
1573 2027 1802 2096 ἐνιαυτῷ

231 2115 380 2177 κύει,
434 2115 528 2167 καὶ
575 2115 671 2185 τὴν
719 2117 959 2187 γαστέρα
1018 2116 1360 2186 φορτίζεται,
1414 2117 1672 2187 καὶπρὸς
1712 2119 1802 2170 τὸν

228 2204 378 2258 θεῖον
402 2205 686 2276 ἄνθρωπον
716 2206 1092 2276 παραγίνεται,
1123 2208 1229 2260 τῶν
1250 2209 1346 2278 τῆς
1367 2209 1615 2275 εὐλογίας
1641 2226 1801 2281 σπερ-

237 2299 428 2367 μάτων
477 2297 838 2350 ὑποδεικνῦσα
873 2299 941 2351 τὰ
971 2298 1279 2369 δράγματα.
1335 2298 1424 2368 Τῴ
1472 2300 1527 2351 δὲ
1572 2299 1802 2369 πέμπτῳ

228 2392 372 2460 μηνὶ⁵
400 2391 498 2460 τῆς
542 2393 789 2462 κυήσεως
835 2389 1169 2461 ἁμϐλώσεως
1203 2392 1490 2459 ἐπεγένετο
1538 2393 1800 2456 κίνδυνος.

245 2481 310 2534 Ἠ
346 2482 402 2534 δὲ
431 2483 592 2536 πάλιν
624 2483 758 2553 πρὸς
818 2482 907 2535 τὸν
957 2483 1074 2536 νέον
1125 2483 1293 2552 αὑτῆς
1351 2483 1651 2536 Ἐλισσαῖον
1696 2486 1800 2536 άπ-

231 2573 443 2626 έστειλε
473 2575 714 2644 (δραμεῖν
743 2574 852 2644 γὰρ
877 2573 1042 2643 αὑτὴν
1064 2573 1123 2625 τὸ
1150 2573 1314 2634 πάθος
1337 2572 1582 2641 ἐκώλυε),
1615 2575 1704 2626 καὶ
1727 2575 1801 2636 ὡς

231 2666 336 2716 οὐκ
373 2663 622 2715 ἐϐούλετο
648 2663 852 2715 παίδων
884 2659 1136 2729 γενέσθαι
1170 2662 1350 2730 μήτηρ
1382 2662 1674 2730 ἀνέμνησε,
1708 2663 1802 2712 καί

233 2753 338 2816 τὰς
372 2753 537 2806 αὑτοῦ
571 2754 892 2822 ὑποσχέσεις
923 2754 1001 2814 εἰς
1054 2753 1216 2822 μέσον
1265 2754 1604 2821 παρήγαγεν.
1652 2752 1708 2804 Ὁ
1745 2752 1801 2804 δὲ

234 2846 524 2919 πόρρωθεν
567 2847 654 2900 τὸν
697 2847 1025 2915 ἀφικόμενον
1076 2845 1408 2916 θεασάμενος
1463 2847 1676 2914 ἐπέγνω
1720 2864 1799 2909 τε,

235 2940 332 2990 καὶ
363 2940 461 3008 τὴν
484 2937 662 2990 αἰτίαν
691 2937 953 3008 ἐγνώρισε
980 2953 994 2969 ·
1030 2939 1241 3010 νύκτωρ
1279 2940 1387 3008 γάρ
1425 2938 1572 3008 αὑτῷ
1611 2938 1704 2991 καὶ⁵
1742 2939 1803 2989 τὸ

235 3028 431 3093 πάθος,
489 3029 583 3081 καὶ
631 3031 730 3098 τὴν
782 3030 1054 3100 σωτηρίαν
1101 3030 1130 3081 6
1185 3031 1457 3099 Δεσπότης
1513 3030 1796 3099 δεδήλωκε.

1907 1954 2026 1992 nent
2049 1937 2314 2004 referens,
2340 1948 2535 2007 quarto
2569 1950 2692 2008 post
2728 1954 2914 1992 mense
2940 1954 3104 2008 quam
3142 1941 3468 2006 promiserat

1903 2030 2170 2098 Concipit,
2191 2038 2242 2082 et
2264 2038 2475 2083 uterum
2502 2031 2662 2098 gerit,
2681 2030 2932 2099 reditque
2951 2030 3017 2083 ad
3041 2030 3217 2082 virum
3239 2029 3351 2091 Dei,
3369 2030 3464 2083 be-

1903 2121 2230 2176 nedictionis
2259 2122 2524 2176 seminqu
2563 2121 2871 2189 manipulos
2915 2121 3232 2175 ostendens.
3265 2119 3468 2185 Quinto

1904 2221 2080 2266 autem
2104 2219 2224 2281 post
2247 2211 2660 2279 conceptionem
2688 2226 2878 2264 mense
2903 2211 2955 2263 in
2983 2211 3278 2264 discrimen
3303 2212 3470 2264 abor-

1900 2306 2068 2358 tionis
2098 2307 2266 2366 venit.
2295 2312 2348 2358 et
2370 2305 2564 2356 iterum
2585 2304 2752 2364 misit,
2785 2303 2914 2372 quia
2934 2304 3012 2358 ire
3037 2303 3211 2371 ipsam
3243 2305 3467 2357 morbus

1905 2398 2227 2462 vetabat,ad
2271 2412 2469 2449 novmn
2510 2411 2670 2450 suum
2699 2393 2975 2456 Elisteum,
3021 2397 3372 2465 suggeritque
3411 2410 3469 2450 se

1904 2496 2132 2541 matrem
2171 2487 2282 2542 ﬁeri
2304 2503 2410 2540 non
2437 2496 2680 2554 optasse,
2723 2485 2992 2555 simulque
3008 2481 3081 2540 ab
3100 2501 3164 2540 eo
3196 2488 3467 2556 promissa

1905 2587 2124 2632 revocat
2147 2579 2198 2631 in
2220 2579 2557 2631 memoriam.
2581 2578 2673 2630 Ille
2695 2592 2823 2632 vero
2847 2579 3152 2632 venientem
3186 2579 3371 2646 procul
3395 2578 3470 2630 in-

1905 2669 2100 2730 tuitus,
2121 2670 2336 2723 etillum
2361 2669 2598 2738 agnovit,
2615 2677 2668 2722 et
2688 2684 2910 2722 causam
2929 2670 3272 2738 signiﬁcavit.
3289 2666 3467 2722 Noctu

1903 2761 2049 2814 enim
2087 2761 2443 2814 llominusilli
2468 2769 2523 2812 et
2562 2760 2811 2813 morbum
2834 2769 2888 2814 et
2906 2761 3137 2814 salutem
3179 2759 3464 2814 indicarat.

1904 2852 2200 2918 Assumpto
2238 2850 2404 2918 igitur
2441 2849 2634 2902 baculo
2684 2850 2903 2903 innixus
2956 2849 3111 2913 abiit,
3138 2849 3470 2918 domumque

1907 2943 2186 3011 ingressus
2215 2983 2229 3006 ,
2258 2949 2310 2995 et
2341 2942 2515 3010 pacis,
2561 2949 2618 2993 ut
2651 2941 2897 3003 solebat,
2928 2940 3261 2994 salutatione
3292 2942 3416 2994 data
3451 2959 3464 2995 z

1913 3054 1932 3086 ι
1967 3034 2135 3095 Bono.
2180 3034 2380 3101 inquit,
2401 3034 2478 3086 sis
2513 3033 2718 3094 animo,
2752 3047 2850 3084 nec
2879 3033 3095 3088 timeas.
3117 3029 3300 3101 Neque
3322 3033 3469 3087 enim

235 3120 434 3174 Λαϐὼν
449 3121 630 3175 τοίνυν
651 3121 748 3191 τὴν
767 3120 1086 3190 βακτηρίαν,
1101 3122 1326 3190 ἀφίκετο
1351 3122 1800 3192 σκηριπτόμενος,
1832 3146 1874 3200 C

1832 3146 1874 3200 (ς
1907 3124 2110 3178 donum
2143 3123 2354 3178 auferet
2391 3122 2601 3192 1215
2637 3125 2731 3190 qui
2762 3122 2934 3184 dedit,
2965 3122 3069 3176 nisi
3120 3130 3176 3174 tu
3211 3123 3340 3175 inita
3377 3137 3469 3192 pa-

237 3215 334 3266 κα¹ι
358 3213 457 3282 τῆς
483 3214 655 3275 οἰκίας
682 3213 813 3265 εῐσω
845 3215 1155 3283 γενόμενος,
1201 3215 1294 3266 καὶ
1331 3214 1427 3283 τῆς
1457 3215 1697 3282 εἰρήνης,
1726 3213 1801 3274 ὡς

237 3301 441 3361 εἰώθει,
492 3301 551 3354 τὸ
599 3302 896 3371 πρόσρημα
926 3302 1202 3366 δεδωκὼς,
1241 3300 1500 3370 «Θάρσει,
1543 3301 1665 3371 ἔφη,
1712 3302 1803 3353 καὶ

242 3390 317 3458 μὴ
351 3388 535 3460 δείσῃς
553 3403 566 3417 ⁸
601 3389 661 3440 οὑ
687 3390 794 3460 γάρ
808 3391 1170 3459 ἀφαιρήσεται
1199 3390 1259 3442 τὸ
1286 3389 1456 3460 δῶρον
1487 3393 1513 3443 6
1534 3389 1800 3455 δεδωκὼς,

237 3484 286 3533 εἰ
338 3483 412 3552 μὴ
458 3482 522 3534 σὺ
574 3482 671 3545 τὰς
723 3483 1092 3552 γεγενημένας
1135 3482 1448 3553 παραϐαίης
1504 3483 1798 3554 συνθήκας.

250 3573 520 3642 Ὑπέσχου
545 3573 602 3626 δὲ
629 3574 938 3627 ἀντιδώσειν
969 3574 1028 3626 τὸ
1062 3575 1442 3644 δοθησόμενον,
1478 3575 1572 3627 καὶ
1599 3575 1678 3636 εἰς
1707 3575 1805 3645 τὴν

241 3664 391 3715 θείαν
442 3663 572 3717 αὐτὸ
623 3664 916 3735 θεραπείαν
969 3665 1336 3718 καθοσιώσειν.
1373 3693 1437 3704 —-
1475 3665 1802 3737 Οῦτως,έφη

242 3756 274 3822 ή
309 3755 512 3825 μήτηρ,
541 3757 634 3808 καί
660 3756 768 3823 ἐγὼ
799 3759 975 3809 τεκεῖν
1000 3757 1261 3827 ,βούλομαί
1305 3775 1362 3810 τε
1414 3760 1508 3810 καὶ
1550 3759 1800 3830 εὔχομαι.

243 3845 351 3914 Τῆς
398 3846 508 3917 γάρ
545 3846 759 3908 ἀλλοίας
813 3846 904 3900 τοῦ
954 3849 1164 3902 παιδίου
1215 3851 1421 3920 τροφῆς
1449 3852 1804 3922 αἱρετώτερον

241 3940 482 4011 ήγοῦμαι
532 3941 619 3993 τὸν
669 3942 949 4003 ἀτέλεστον
996 3943 1170 3995 τόκον.
1207 3971 1273 3983 -η
1301 3943 1397 3995 [lie
1458 3945 1654 4009 τοίνυν,
1700 3946 1802 4016 ἔφη

241 4035 271 4085 6
307 4032 448 4096 θεῖος
473 4032 774 4103 ἄνθρωπος,
805 4034 920 4086 τόδε
948 4034 1008 4087 τὸ
1047 4033 1209 4104 ὕδωρ,
1243 4035 1333 4087 καὶ
1362 4035 1460 4104 τῆς
1500 4035 1645 4100 θείας
1688 4039 1806 4090 ἐπι-

243 4125 468 4192 κουρίας
502 4124 755 4196 αἰσθήσῃ.
785 4144 805 4177 »
845 4126 1004 4178 ’Ἑπιε
1038 4125 1325 4194 τοιγαροῦν
1373 4127 1447 4190 ὡς
1488 4129 1804 4198 προσέταξε,

243 4215 339 4267 καὶ
360 4215 386 4267 6
407 4214 505 4284 τῆς
531 4215 860 4284 άμϐλώσεως
889 4215 1248 4286 ὲδραπέτευσε
1266 4217 1524 4278 κίνδυνος.
1561 4217 1807 4270 Τοσαῦτα

244 4305 340 4357 τοῦ
366 4306 635 4377 ἡμετέρου
675 4307 975 4360 Ἐλισσαίου
1000 4307 1067 4359 τά
1092 4308 1359 4377 θαύματα.
1389 4309 1500 4378 Τῆς
1535 4310 1720 4362 τούτου
1751 4311 1806 4362 δὲ

243 4397 495 4464 εὐλογίας
528 4397 786 4461 πολλάκις
827 4397 938 4465 ἐγὼ
975 4400 1068 4451 καὶ
1104 4399 1444 4464 διδασκαλίας
1495 4401 1802 4470 ἀπήλαυσα.

243 4487 537 4553 Ῑίαραινῶν
565 4489 672 4559 γάρ
699 4505 788 4557 μοι
823 4489 1078 4552 πολλάκις
1115 4489 1300 4556 ἔλεγε·
1347 4510 1363 4540 ι
1389 4493 1540 4544 Μετὰ
1574 4491 1802 4556 πολλῶν,
1837 4484 1882 4542 D

243 4574 290 4634 ῶ
334 4579 565 4643 παιδίον,
641 4581 964 4650 γεγέννησαι
1019 4581 1192 4633 πόνων
1220 4598 1231 4610 ·
1282 4581 1482 4645 πολλάς
1537 4584 1808 4637 διετέλεσα

244 4671 446 4734 νύκτας
503 4670 658 4723 τοῦτο
705 4671 862 4740 μόνον
913 4671 1003 4724 τὸν
1050 4671 1182 4724 Θεὸν
1211 4673 1486 4738 ἱκετεύων,
1533 4673 1672 4726 ὥστε
1714 4693 1807 4729 σου

244 4763 372 4826 τοὺς
427 4761 617 4830 γονέας
664 4761 820 4816 τοῦτο
870 4764 1138 4831 γενέσθαι,
1185 4764 1212 4816 ὃ
1247 4765 1383 4833 μετὰ
1418 4765 1516 4834 τὴν
1558 4767 1810 4836 γέννησιν

245 4854 665 4924 ὠνομάσθησαν.
717 4853 905 4917 Ἀξίως
934 4855 1108 4908 τοίνυν
1146 4855 1424 4908 πολιτεύου
1463 4857 1567 4908 τῶν
1612 4858 1807 4910 πόνων.

251 4945 363 5016 Πρὸ
394 4946 597 4998 ὠδίνων
638 4945 896 5016 άνετέθης
940 4949 1059 5009 ταῖς
1100 4947 1460 5018 ὑποσχέσεσι·
1509 4949 1578 5000 τὰ
1615 4948 1669 5000 δὲ
1719 4947 1811 5001 τοῦ

248 5037 386 5091 Θεοῦ
409 5037 722 5107 ἁναθέματα
756 5037 1027 5108 σεϐάσμια
1060 5038 1221 5091 πᾶσίν
1248 5040 1414 5102 ἐστιν,
1447 5040 1539 5091 καὶ
1566 5040 1814 5108 ἄψαυστα

249 5132 361 5191 τοῖς
384 5128 617 5191 πολλοῖς.
655 5129 924 5199 Προσήκει
953 5130 1127 5182 τοίνυν
1176 5131 1268 5183 καί
1300 5132 1378 5193 σὲ,
1408 5131 1476 5182 τὰ
1511 5131 1606 5199 μὲν
1638 5131 1814 5197 φαῦλα

249 5219 352 5286 τῆς
382 5219 558 5288 ψυχῆς
603 5218 876 5287 κινήματα
930 5218 1005 5288 μὴ
1055 5218 1474 5288 προσδέχεσθαι·
1531 5218 1710 5269 ἐκεῖνα
1759 5217 1815 5270 δὲ

257 5310 392 5378 μόνα
418 5310 511 5360 καὶ
537 5308 669 5378 δρᾷν
703 5307 796 5361 καὶ
818 5308 993 5376 λέγειν
1027 5309 1119 5360 καὶ
1142 5307 1266 5360 ἑνθυ
1276 5307 1510 5376 μεῖσθαι,
1542 5308 1576 5360 ἃ
1605 5308 1694 5360 τὸν
1719 5308 1816 5376 τῆς

252 5400 457 5471 ἀρετῆς
504 5400 797 5469 νομοθέτην
849 5399 1138 5471 θεραπεύει
1187 5400 1382 5452 Θεὸν.»
1449 5398 1682 5452 Τοιαῦτά
1727 5415 1817 5468 μοι

257 5489 536 5560 παραινῶν
568 5489 654 5541 ἀεὶ
677 5489 976 5547 διετέλεσεν
1003 5491 1030 5541 6
1056 5487 1147 5542 τοῦ
1172 5488 1304 5541 Θεοῦ
1332 5488 1635 5558 ἅνθρωπος.
1677 5485 1818 5554 Ἐγὼ

252 5583 308 5634 δὲ
337 5583 429 5634 καὶ
452 5580 560 5633 τῶν
587 5581 760 5649 λόγων
785 5582 1092 5651 μέμνημαι,
1117 5583 1209 5634 καὶ
1228 5583 1327 5651 τὴν
1342 5581 1489 5634 θείαν
1503 5581 1818 5649 δεδίδαγμαι

251 5676 482 5744 δωρεάν.
541 5677 760 5747 Ἔργοις
815 5676 870 5728 δὲ
933 5675 1006 5745 μὴ
1056 5676 1267 5737 δεικνὺς
1319 5676 1418 5745 τὴν
1478 5673 1817 5744 παραίνεσιν,

251 5767 477 5819 ἱκετεύω
513 5768 610 5834 τῆς
663 5767 810 5828 θείας
856 5769 1026 5837 ῥοπῆς
1085 5767 1169 5820 διὰ
1226 5767 1321 5839 τῆς
1371 5769 1574 5819 ἐκείνου
1634 5771 1813 5836 τυχεῖν

1907 3225 1996 3268 cta
2027 3214 2267 3268 violaris.
2303 3213 2605 3266 l‘romisisti
2647 3227 2839 3282 nempe
2882 3212 3210 3266 reddituram
3249 3219 3302 3266 te
3325 3212 3469 3281 quod

1907 3308 2157 3372 dabitur,
2209 3307 2501 3374 divinoque
2559 3305 2823 3373 obsequio
2880 3314 3348 3358 consecraturam.
3401 3290 3470 3364 4,-

1908 3399 1998 3455 Sic
2050 3408 2102 3456 et
2154 3415 2276 3470 ego.
2322 3401 2397 3451 ait
2448 3407 2643 3457 mater,
2695 3412 2883 3465 parere
2935 3398 3076 3460 volo,
3107 3408 3160 3448 et
3183 3408 3330 3465 opto.
3369 3394 3471 3449 Ρυε

1907 3496 2098 3546 tiorem
2155 3492 2300 3545 enim
2355 3489 2662 3542 abortivum
2712 3497 2925 3556 partum
2984 3487 3256 3549 duxerim,
3305 3501 3470 3554 quam

1907 3585 2136 3637 alienam
2195 3582 2287 3634 lilii
2338 3580 2734 3633 educationem.
2775 3607 2844 3618 —
2875 3577 3002 3631 Bibe
3055 3578 3241 3647 igitur,
3291 3578 3473 3647 inquit

1907 3676 1990 3728 vir
2010 3673 2249 3735 divinus,
2285 3651 2425 3725 hanc
2461 3685 2678 3739 aquam,
2709 3679 2761 3737 et
2795 3670 2996 3723 senties
3031 3669 3279 3721 divinum
3317 3668 3472 3720 auxi-

1908 3767 2062 3820 lium.
2103 3784 2120 3814 ι
2155 3764 2297 3818 Bibit
2332 3765 2424 3816 illa
2461 3764 2798 3830 utjusserat,
2825 3771 2880 3817 et
2910 3762 3137 3815 abertus
3166 3762 3472 3830 periculum

1908 3857 2192 3912 abscessit.
2243 3855 2417 3908 Tanta
2489 3855 2667 3908 Elisaei
2733 3853 2905 3907 nostri
2972 3852 3122 3906 fuere
3185 3853 3468 3906 miracula.

1908 3949 2084 4017 l-lujus
2124 3963 2226 4016 ego
2260 3947 2663 4000 benedictionis
2695 3953 2748 3999 ct
2769 3945 3036 3999 doetrinze
3061 3960 3203 4013 saepe
3234 3943 3472 3998 fructum

1907 4043 2047 4110 cepi.
2077 4040 2231 4108 Saepe
2279 4040 2424 4092 enim
2481 4053 2565 4092 me
2609 4036 2906 4090 adhortans
2947 4036 3185 4099 dicebat,
3224 4054 3241 4086 ι
3290 4035 3472 4090 Multis

1908 4149 2029 4187 cum
2064 4131 2366 4192 laboribus,
2391 4137 2404 4152 '
2439 4131 2534 4193 titi,
2561 4138 2723 4182 natus
2752 4143 2812 4182 es
2855 4147 2868 4181 :
2899 4129 3100 4182 multas
3138 4136 3192 4182 et
3222 4125 3339 4196 ipse
3371 4143 3472 4181 no-

1908 4234 2044 4288 ctes,
2097 4223 2226 4276 duxi
2263 4223 2367 4276 boc
2394 4237 2559 4275 unum
2622 4233 2856 4288 poscens
2888 4235 2916 4271 a
2950 4218 3059 4272 Deo
3082 4257 3097 4280 ,
3129 4229 3185 4271 ut
3218 4226 3474 4288 parentes

1910 4319 1985 4372 tui
2018 4319 2119 4370 hoc
2144 4318 2356 4378 tierent,
2382 4314 2528 4384 quod
2557 4320 2610 4367 te
2634 4323 2761 4365 nato
2792 4312 3044 4380 appellati
3081 4309 3474 4380 sunt.Dignam

1912 4408 2078 4477 igitur
2122 4406 2406 4459 laboribus
2449 4406 2612 4457 vitam
2646 4418 2766 4472 age.
2799 4404 2938 4457 Ante
2982 4416 3193 4472 partum
3238 4403 3474 4472 promis-

1911 4497 2162 4551 sionibus
2201 4500 2558 4550 consecratus
2597 4509 2657 4548 es
2697 4512 2709 4546 :
2744 4492 2854 4547 Deo
2901 4504 3080 4548 autem
3115 4508 3238 4562 qua:
3293 4493 3473 4547 oblata

1910 4597 2067 4652 sunt,
2098 4586 2406 4641 veneranda
2466 4591 2595 4639 sunt
2652 4583 2928 4647 omnibus,
2962 4598 3063 4636 nec
3093 4598 3122 4635 a
3153 4582 3314 4652 vulgo
3345 4596 3476 4635 con-

1912 4679 2216 4732 trectanda.
2255 4676 2436 4742 Quare
2475 4685 2692 4745 oportet
2745 4685 2796 4729 te
2843 4688 3040 4744 pravos
3072 4674 3240 4727 animi
3298 4682 3476 4726 motus

1911 4784 2019 4823 non
2046 4769 2335 4822 admittere
2366 4788 2378 4821 :
2408 4768 2500 4822 sed
2534 4769 2622 4819 illa
2654 4776 2862 4820 tantum
2894 4774 2946 4819 et
2978 4765 3177 4827 facere,
3218 4772 3271 4818 et
3304 4764 3474 4833 loqui.

1913 4868 1965 4914 et
2000 4859 2258 4928 cogitare,
2297 4874 2415 4927 qua:
2445 4858 2664 4910 virtutis
2698 4856 2991 4925 legislatori
3042 4854 3148 4907 Deo
3178 4855 3412 4922 placent.
3455 4872 3473 4904 ι

1913 4949 2068 5003 Talia
2103 4949 2231 5002 mihi
2266 4962 2560 5018 suggerere
2585 4948 2666 5000 vir
2693 4947 2782 4999 Dei
2807 4961 2914 4998 non
2937 4942 3320 5012 cessubat.Ego
3350 4957 3480 4996 vero

1915 5053 1968 5096 et
2001 5043 2288 5096 verborum
2341 5040 2585 5102 utemini,
2621 5048 2673 5092 ct
2721 5038 2964 5090 divinqu
2994 5036 3196 5087 donum
3253 5035 3481 5088 edoctus

1918 5150 2058 5187 sum.
2089 5132 2194 5185 Sed
2229 5134 2357 5200 quia
2396 5133 2621 5185 monitis
2649 5131 2766 5198 cjus
2798 5129 2938 5182 facta
2993 5146 3099 5182 non
3130 5128 3480 5196 respondent,

1919 5238 2015 5275 oro
2047 5231 2104 5276 ut
2136 5221 2380 5275 divinam
2428 5237 2580 5290 opem
2629 5221 2752 5288 ejus
2791 5220 3047 5288 precibus
3081 5230 3406 5286 consequar,
3429 5224 3484 5269 et

1919 5312 2062 5383 quod
2107 5312 2376 5382 reliquum
2404 5321 2487 5365 est
2524 5312 2650 5363 vita:
2686 5312 2840 5379 juxta
2869 5311 3042 5379 ipsius
3069 5317 3337 5378 praecepta
3374 5323 3486 5377 per-

1921 5420 2094 5474 agam.
2129 5403 2320 5470 Qualis
2372 5419 2501 5471 ergo
2545 5403 2593 5456 is
2652 5404 2833 5466 fuerit,
2866 5411 2918 5454 et
2948 5401 3152 5470 quibus
3207 5384 3486 5455 laboribus

1923 5495 2154 5562 gratiam
2190 5494 2429 5547 divinam
2484 5493 2791 5553 attraxerit,
2825 5493 2961 5546 satis
2992 5492 3189 5546 docere
3222 5493 3324 5546 ista
3360 5506 3486 5561 pos-

1923 5595 2070 5639 sunt.
2111 5585 2218 5640 Sed
2259 5595 2310 5640 et
2343 5587 2567 5654 dignum
2626 5585 2907 5638 laboribus
2947 5585 3202 5637 honorem
3234 5584 3398 5638 etiam
3433 5585 3488 5637 in

1925 5675 2029 5730 Iroc
2073 5677 2275 5730 saeculo
2317 5691 2463 5730 mors
2509 5674 2630 5740 ejus
2668 5682 2961 5728 consecuta
2985 5684 3087 5728 est.
3110 5672 3312 5729 Omnes
3343 5674 3487 5728 enim

1929 5777 2040 5824 tum
2068 5771 2236 5834 cives,
2264 5777 2375 5822 tum
2417 5767 2708 5838 peregrini,
2742 5776 2790 5820 et
2816 5767 2905 5836 Qui
2941 5765 3244 5836 prmcipuos
3278 5765 3490 5836 1216
