4206 6456
743 374 858 436 ΗΞ]

1715 371 2201 432 TIIEODORETI
2243 372 2578 431 EPISCOPI
2605 375 2971 434 CYRENSIS

3855 371 3996 434 141?.

735 492 995 560 gerebant
1030 490 1400 557 magistratus,
1430 504 1647 542 sacrum
1676 489 1806 541 illud
1837 490 2094 542 feretrum
2125 490 2311 540 hume-

2421 493 2747 560 προσευχῆς,
2805 493 2901 542 καὶ
2932 492 2992 544 τὸ
3023 487 3338 559 λειπόμενον
3369 491 3465 560 τῆς
3501 480 3648 559 ζωῆς
3703 487 3846 541 κατὰ
3895 487 4000 549 τὰς

737 583 815 634 ris
848 583 966 634 suis
1024 588 1343 650 gestantes,
1380 581 1432 634 in
1497 581 1956 649 triumphantitnn
2010 590 2311 650 martyrum

735 675 995 740 templum
1051 671 1433 739 deportarunt,
1465 681 1516 724 et
1556 686 1678 722 cum
1727 669 1929 722 divinis
1989 669 2094 722 illis
2153 670 2311 733 viris,

732 764 1007 831 Apliraate
1057 778 1117 814 ac
1152 762 1464 816 Theodosio
1487 802 1500 824 ,
1535 771 1786 814 sanctum
1832 761 2047 830 Deoque
2081 761 2308 815 charum

732 855 853 922 ejus
872 869 1077 922 corpus
1104 855 1501 922 deposuerunt.
1530 851 1714 906 Gloria
1758 864 1936 905 autem
1961 861 2165 905 :eterna
2199 869 2312 905 ma-

734 956 845 1007 net,
880 960 1042 1013 quam
1072 945 1255 998 delere
1288 945 1433 996 nulla
1462 952 1596 997 retas
1625 945 1820 1012 possit.
1854 943 1965 996 Nos
2003 957 2153 1006 vero,
2183 959 2312 996 nar-

734 1038 937 1090 rationi
965 1040 1069 1090 line
1101 1036 1376 1104 imposito,
1397 1052 1619 1090 suavem
1648 1051 1710 1089 cx
1742 1036 2058 1088 narratione
2086 1035 2309 1088 odorem

734 1131 1104 1198 percepiiims.

2423 582 2703 651 ὑποθήκας
2749 583 2848 646 τὰς
2899 585 3106 636 ἐκείνου
3147 585 3450 637 ἐπιϐιῶναι.
3519 583 3730 642 Ὀποῖος
3769 579 3866 649 μὲν
3907 574 4002 630 οὖν

2419 675 2626 735 ἐκεῖνος
2673 671 2764 744 ἦν,
2807 677 2899 728 καὶ
2941 677 3072 740 οἵοις
3125 677 3466 747 χρησάμενος
3500 676 3682 734 πόνοις
3715 672 3813 738 τὴν
3847 669 4002 721 θείαν

2419 766 2766 818 ἐπεσπάσατο
2785 769 2965 836 χάριν,
2992 769 3150 820 ἱκανὰ
3182 771 3274 822 καὶ
3304 767 3475 821 ταῦτα
3494 765 3722 829 διδάξαι.
3755 761 4002 823 Ἐδέξατο

2419 854 2475 905 δὲ
2527 855 2674 923 ὅμως
2727 857 2821 907 καὶ
2869 858 3208 911 κατὰλτόνδε
3247 858 3335 910 τὸν
3371 858 3484 927 βίον
3527 859 3561 925 ή
3611 852 3838 921 τελευτὴ
3889 847 4003 902 τῶν

2422 945 2598 998 πόνων
2625 947 2781 1010 ἀξίαν
2813 949 3000 1018 τιμήν.
3039 949 3310 1012 ’Ἅπαντες
3353 949 3462 1018 γὰρ
3507 948 3602 999 καὶ
3634 945 3870 1004 πολῖται,
3910 941 4006 992 καί

2423 1036 2582 1101 ξένοι,
2626 1041 2719 1091 καὶ
2751 1042 2799 1092 οἱ
2849 1042 2948 1103 τὰς
2999 1042 3243 1111 μεγάλας
3293 1041 3464 1110 ἀρχάς
3494 1037 3800 1104 οἰκονομεῖν
3834 1046 4004 1082 πεπι-

2425 1131 2730 1199 στευμένοι,
2758 1132 2854 1202 τὴν
2885 1135 3037 1203 ἱερὰν
3070 1135 3287 1202 ἐκείνην
3317 1134 3408 1184 ἐπὶ
3462 1130 3569 1183 τῶν
3603 1128 3771 1196 ὤμων
3804 1124 4005 1192 φέρον-

732 1242 822 1285 τες
849 1225 1053 1292 κλίνην,
1083 1225 1160 1284 εἰς
1195 1223 1285 1274 τὸν
1319 1223 1425 1275 τῶν
1463 1223 1776 1292 νικηφόρων
1812 1221 2108 1290 μαρτύρων
2143 1220 2306 1289 σηκὸν
2383 1222 2747 1292 ἀπεκόμισαν,
2793 1230 2887 1280 καὶ
2958 1229 3096 1297 μετὰ
3139 1229 3246 1281 τῶν
3294 1225 3450 1278 θείων
3493 1223 3718 1276 ἐκείνων
3768 1215 4004 1285 ἀνδρῶν.

745 1315 1050 1383 ,Λφραάτου
1082 1316 1174 1366 καὶ
1189 1314 1489 1379 Θεοδοσίου,
1530 1314 1589 1364 τὸ
1622 1315 1775 1379 ἆγιον
1817 1314 1994 1362 έκεῖνο
2035 1312 2130 1362 καὶ
2160 1310 2399 1374 θεοφιλὲς
2435 1314 2738 1383 κατέθηκαν
2769 1318 2947 1387 σῶμα.
3020 1317 3092 1370 Τὸ
3131 1318 3187 1369 δέ
3219 1317 3371 1378 κλέος
3430 1315 3644 1385 ἔμεινεν
3715 1309 4004 1367 ἄσϐεστον,

733 1408 824 1458 καὶ
853 1406 1022 1467 οὐδεὶς
1067 1405 1218 1456 τοῦτο
1257 1405 1444 1473 χρόνος
1477 1404 1736 1470 ἀφανίσαι
1770 1402 2077 1470 δυνήσεται.
2115 1401 2301 1468 Ἡμεῖς
2344 1401 2400 1453 δὲ
2427 1403 2577 1468 τέλος
2599 1407 2879 1471 ἐπιθέντες
2950 1409 3026 1478 τῷ
3067 1409 3390 1478 διηγήματι,
3459 1406 3557 1477 τὴν
3631 1403 3738 1458 ἀπὸ
3780 1401 3884 1469 τῆς
3930 1399 4007 1451 δι-

734 1503 982 1569 ηγήσεως
1016 1496 1237 1548 εὐωδίαν
1289 1494 1748 1566 ἐκαρπωσάμεθα.

1190 1589 1324 1642 XIV.
1363 1619 1429 1628 —-—
1467 1587 1842 1640 MMSYMAS.

808 1683 926 1736 Non
953 1699 1072 1736 sum
1110 1685 1350 1742 nescius,
1382 1683 1523 1750 apud
1556 1681 1952 1733 Antiochenam
1986 1679 2176 1732 urbem
2207 1677 2312 1730 alia

2912 1593 3007 1644 LV.
3030 1623 3098 1631 —
3120 1590 3501 1644 ΜΑΙΣΥΜΑΣ.

2491 1682 2618 1738 Οἶδα
2673 1685 2772 1754 μὲν
2811 1685 2886 1747 ὡς
2939 1685 3087 1737 ἄλλοι
3143 1684 3326 1737 πολλοὶ
3375 1684 3526 1754 παρὰ
3565 1683 3665 1750 τὴν
3725 1679 4006 1749 Ἀντιόχου

734 1792 955 1843 quoque
991 1774 1158 1825 multa
1194 1774 1416 1840 pietatis
1454 1773 1660 1824 Iuntina
1701 1772 2014 1829 emicuisse,
2054 1781 2308 1836 magnum

2421 1785 2569 1843 πόλιν
2621 1779 2924 1848 διέλαμψαν
2965 1776 3247 1838 εὐσεϐείας
3306 1775 3611 1846 φωστῆρες,
3652 1770 3899 1840 Σεϐἧρός
3945 1787 4005 1821 τε

739 1869 1022 1926 ὅριοι-ιλιι),
1066 1875 1118 1918 et
1157 1865 1376 1918 l’elrum
1415 1863 1756 1932 Aigyptium,
1797 1871 1849 1915 et
1884 1860 2230 1930 Eutycliium,
2259 1867 2314 1912 et

735 1959 1017 2028 Lyrillum,
1069 1957 1284 2019 Mosen,
1330 1955 1631 2018 Malchum,
1686 1962 1739 2008 et
1785 1955 1924 2006 alios
1971 1954 2311 2020 complures,

734 2054 829 2118 qui
877 2050 1126 2101 eatndem
1171 2048 1310 2098 viam
1356 2056 1485 2100 sunt
1543 2045 1798 2114 ingrcssi.
1832 2043 1948 2098 Sed
1989 2045 2034 2096 si
2068 2044 2312 2096 omnium

737 2157 828 2194 ies
878 2150 1060 2209 gestas
1123 2137 1386 2191 mandare
1447 2137 1649 2190 litteris
1699 2152 2052 2200 conaremur,
2101 2135 2328 2188 nullum-

735 2234 896 2286 nehis
928 2241 1144 2300 tempus
1189 2229 1482 2292 sulliceret,
1527 2236 1893 2297 praeterquam
1928 2227 2074 2297 quod
2110 2227 2314 2281 multo-

737 2340 856 2377 rum
909 2324 1070 2376 IeCtio
1119 2322 1427 2375 satietatem
1473 2319 1668 2374 all'erre
1715 2319 1880 2390 vulgo
1925 2318 2091 2373 solet.
2129 2317 2206 2370 Ex
2245 2317 2314 2372 iis

735 2433 868 2486 ergo
889 2417 982 2485 qui
1020 2415 1210 2484 scripti
1252 2424 1401 2477 sunt,
1436 2413 1502 2466 de
1525 2413 1856 2467 omissorum
1893 2414 2000 2464 vita
2028 2410 2316 2478 conjectu-

735 2527 848 2565 ram
873 2510 1055 2563 cuncti
1087 2508 1378 2570 facientes,
1408 2505 1664 2560 laudibus
1683 2505 1933 2570 eli‘erant,
1963 2505 2311 2568 :emulentur,

734 2612 786 2657 et
834 2603 1073 2656 fructum
1123 2602 1408 2670 colligant.
1446 2600 1557 2669 Ego
1594 2615 1724 2654 vero
1760 2599 1827 2654 ad
1869 2599 1995 2670 Cyri
2037 2607 2192 2668 prata
2230 2613 2315 2652 me

732 2696 1038 2757 conferam,
1075 2703 1129 2748 et
1166 2709 1467 2764 paucorum
1517 2693 1880 2761 fragrantium
1907 2692 2314 2746 formosorum-

733 2803 839 2855 quc
861 2788 915 2838 in
941 2786 1026 2839 his
1052 2786 1244 2839 ﬂorum
1276 2785 1738 2854 pulchritudinem
1767 2800 1864 2854 pro
1895 2784 2108 2839 viribus
2139 2797 2310 2853 expo-

735 2895 881 2932 nam.

808 3065 824 3084 ‘
868 3059 995 3112 Fuit
1032 3068 1160 3113 ante
1195 3067 1442 3113 nostram
1485 3065 1698 3112 aetatem
1738 3056 2033 3127 Maisymas
2065 3055 2310 3126 quidam,

2419 1885 2446 1936 ὁ
2487 1879 2679 1950 μέγας.
2709 1871 2803 1925 καί
2831 1873 2859 1923 ὁ
2887 1868 3184 1936 Αἰγύπτιος
3231 1868 3456 1936 Πέτρος,
3505 1863 3596 1917 καὶ
3635 1862 3905 1930 Εὐτύχιος
3938 1861 4003 1920 ⁸⁸,

2417 1971 2514 2024 καὶ
2563 1964 2850 2036 Κύριλλος.
2887 1958 3131 2027 Μωῦσῆς
3157 1975 3237 2020 τε,
3268 1957 3360 2010 καὶ
3409 1955 3648 2024 Μάλχος,
3699 1953 3795 2005 καὶ
3821 1954 4001 2020 ἕτερος

2418 2062 2662 2115 πλεῖστοι
2692 2056 2790 2127 τὴν
2815 2053 2981 2123 αὐτὴν
3009 2050 3233 2122 πορείαν
3261 2048 3594 2109 ὁδεύσαντες.
3649 2045 3790 2098 Ἀλλ’
3817 2046 3870 2096 εἰ
3909 2044 4006 2110 τὴν

2427 2152 2686 2205 ἁπάντων
2719 2145 2997 2200 πολιτείαν
3042 2140 3358 2212 συγγράψαι
3405 2138 3821 2209 πειραθείημεν,
3860 2137 4006 2198 ἄταις

2417 2245 2548 2313 ἡμῖν
2590 2242 2689 2294 οὐκ
2739 2238 3027 2309 ἀρκέσειεν
3070 2238 3098 2289 ὁ
3149 2235 3376 2305 χρόνοςο
3428 2233 3604 2294 ἄλλως
3653 2248 3711 2282 τε
3777 2231 3860 2296 δὲ,
3911 2233 4008 2284 καὶ

2417 2333 2726 2406 προσκορὴς
2755 2332 2868 2393 τοῖς
2898 2329 3113 2391 πολλοῖς
3158 2330 3190 2396 ἡ
3218 2327 3324 2379 τῶν
3357 2326 3618 2378 πλειόνων
3673 2324 4004 2391 ἀνάγνωσις.

2428 2428 2524 2480 Ἐκ
2555 2423 2662 2477 τῶν
2709 2419 3136 2493 συγγραφέντων
3173 2417 3353 2470 τοίνυν
3399 2418 3493 2469 καὶ
3539 2415 3628 2469 τὸν
3675 2414 3781 2468 τῶν
3825 2431 4009 2481 παρα-

2416 2514 2746 2585 λειφθέντων
2775 2509 3203 2580 τεκμαιρόμενοι
3241 2506 3378 2576 βίον,
3416 2505 3838 2574 εὐφημείτωσαν
3871 2503 4008 2555 πάν-

2415 2626 2528 2673 τες,
2590 2605 2686 2659 καὶ
2742 2601 3110 2672 ζηλούτωσαν,
3155 2599 3249 2653 καὶ
3291 2597 3389 2668 τὴν
3435 2597 3701 2666 ὠφέλειαν
3757 2595 4008 2666 καρπού-

2419 2701 2655 2753 σθωσαν.
2723 2696 2866 2765 Ἐγὼ
2915 2694 2972 2748 δὲ
3016 2693 3110 2748 ἐπὶ
3156 2694 3280 2755 τοὺς
3328 2693 3427 2760 τῆς
3481 2692 3663 2761 Κύρου
3728 2689 4009 2759 λειμῶνας

2416 2792 2771 2861 διαϐήσομαι,
2830 2786 2926 2840 καὶ
2973 2785 3086 2840 τῶν
3139 2788 3197 2838 ἐν
3249 2784 3459 2846 τούτοις
3518 2781 3734 2836 εὐωδῶν
3793 2797 3856 2833 τε
3914 2781 4010 2833 καὶ

2417 2883 2640 2937 εὐειδῶν
2679 2881 2887 2935 ἀνθέων
2909 2878 3104 2947 ὀλίγων
3124 2878 3200 2940 ὠς
3234 2877 3312 2928 ἔνι
3346 2875 3586 2945 μάλιστα
3620 2872 4007 2944 παραδηλώσω

2416 2978 2514 3047 τὴν
2547 2976 2715 3046 ὥραν.

2511 3067 2764 3136 Ἐγένετό
2787 3082 2870 3126 τις
2890 3063 3185 3130 Μαισυμᾶς
3216 3064 3272 3115 ἐν
3302 3063 3414 3123 τοῖς
3446 3059 3552 3132 πρὸ
3584 3059 3739 3130 ἡμῶν
3767 3059 4005 3130 χρόνοις,

737 3151 909 3222 Syrus
950 3151 1173 3220 quidem
1215 3152 1438 3220 lingua,
1480 3151 1705 3220 rurique
1748 3149 2049 3211 educatus,
2087 3147 2182 3203 sed
2216 3145 2311 3216 qui

2423 3158 2593 3230 Σύρος
2638 3159 2736 3228 μὲν
2759 3156 2855 3226 τὴν
2883 3153 3088 3225 φωνὴν,
3121 3155 3178 3205 ἐν
3211 3152 3470 3222 ἀγροικία
3508 3149 3565 3203 δέ
3598 3149 4005 3218 τεθραμμένος,

736 3246 1000 3296 virtutum
1042 3245 1288 3296 omnium
1332 3245 1607 3313 specimen
1648 3241 1920 3297 exhibuit.
1954 3241 2057 3296 Cui
2101 3255 2224 3294 cum
2261 3240 2316 3292 in

736 3338 945 3405 privata
992 3336 1100 3388 vita
1142 3334 1456 3396 claruisset,
1499 3334 1605 3386 vici
1653 3332 1947 3400 cujusdam
1989 3345 2120 3384 cura
2163 3345 2316 3383 com-

736 3429 906 3480 missa
946 3435 1053 3481 est.
1098 3425 1263 3479 Sacra
1308 3441 1436 3494 ergo
1475 3425 1896 3486 administrans,
1942 3421 2149 3490 Deique
2189 3436 2317 3474 oves

737 3535 1001 3587 pascens,
1050 3533 1113 3571 ca
1165 3517 1380 3570 dicebat
1435 3528 1490 3571 et
1538 3516 1769 3586 agebat,
1820 3532 1943 3584 qua:
1996 3515 2183 3568 divina
2233 3515 2317 3567 lex

738 3612 1006 3679 prmripit.
1055 3608 1260 3663 Ferunt
1309 3618 1488 3662 autem
1539 3609 1690 3660 illum
1734 3621 1835 3660 nec
1887 3605 2169 3671 tunicam,
2218 3621 2318 3660 nec

739 3701 966 3769 pallium
999 3707 1120 3767 post
1163 3699 1372 3768 1217
1413 3699 1634 3768 longum
1667 3705 1884 3765 tempus
1913 3705 2180 3758 mutasse,
2220 3695 2318 3749 sed

739 3813 863 3850 cum
907 3797 1086 3849 lacera
1116 3803 1295 3859 erant,
1327 3796 1464 3848 alios
1496 3809 1707 3863 pannos
1730 3793 1996 3856 assuisse,
2028 3798 2190 3860 atque
2216 3789 2319 3843 hoc

738 3889 904 3942 modo
960 3887 1227 3941 senectuti
1285 3885 1636 3939 subvenisse.
1693 3880 1978 3950 l'losriitum
2044 3897 2173 3935 vero
2234 3881 2318 3934 in-

736 3989 1012 4044 npumque
1066 3983 1174 4026 tam
1234 3974 1401 4026 alacri
1455 3973 1642 4025 animo
1701 3986 1889 4025 curam
1948 3971 2202 4038 gerebat,
2261 3977 2320 4022 ut

739 4066 1159 4119 transeuntibus
1184 4065 1440 4118 omnibus
1467 4063 1614 4116 fores
1636 4063 1899 4132 aperiret.
1924 4061 2077 4115 Dolia
2100 4078 2320 4131 quoque

737 4159 848 4210 duo
897 4157 1158 4211 habuisse
1217 4156 1457 4218 dicitur,
1515 4171 1686 4209 unum
1737 4154 2034 4217 lrumenti,
2088 4155 2319 4208 alterum

737 4251 867 4312 olei,
906 4265 969 4302 ex
1006 4249 1205 4318 quibus
1237 4263 1362 4301 cum
1404 4247 1592 4318 egenis
1628 4247 1886 4303 omnibus
1932 4261 2154 4316 semper
2194 4263 2320 4301 erea-

737 4348 912 4410 garet,
937 4340 1095 4408 plena
1127 4347 1309 4390 tamen
1336 4351 1554 4406 semper
1587 4345 1768 4398 erant,
1800 4337 2121 4405 Sareptanaa
2144 4335 2320 4390 viduae

739 4450 1003 4488 concessa
1046 4433 1432 4488 benedictione
1475 4431 1561 4485 his
1607 4433 1772 4485 etiam
1817 4431 1986 4486 doliis
2031 4431 2315 4485 attributa.

738 4525 882 4581 Ideni
934 4526 1134 4595 quippe
1176 4525 1425 4577 omnium
1472 4522 1776 4587 Dominus,
1817 4523 1970 4578 dives
2021 4523 2074 4576 in
2126 4538 2318 4577 omnes

739 4619 832 4688 qui
881 4620 1139 4671 invocant
1185 4617 1338 4669 illum
1393 4633 1407 4668 :
1458 4624 1511 4669 et
1557 4615 2017 4684 quemadmodum
2069 4615 2316 4686 ltydriam

739 4713 888 4766 illam
928 4719 982 4764 et
1017 4722 1359 4778 campsaeem
1405 4708 1676 4761 scaturire
1711 4708 1898 4776 jussit,
1929 4702 2339 4777 hospitalitatis

741 4803 1014 4858 seminum
1056 4800 1368 4870 manipulos
1406 4799 1662 4862 reddens,
1711 4799 1789 4852 sic
1825 4798 2150 4852 admirando
2193 4800 2319 4852 huic

739 4911 925 4966 parem
981 4894 1259 4947 alacritati
1315 4891 1530 4960 copiam
1590 4891 1863 4951 retribuit.
1919 4891 1997 4944 Ad
2053 4891 2319 4961 patranda

740 5000 960 5054 quoque
1019 4982 1286 5037 miracula
1342 4996 1597 5052 magnam
1655 4982 1724 5035 ab
1773 4981 2159 5034 universorum
2205 4979 2314 5033 Deo

741 5075 974 5146 adeptus
1001 5086 1084 5130 est
1112 5073 1345 5144 gratiam
1383 5086 1396 5122 :
1429 5087 1663 5140 quorum
1705 5087 1872 5124 unum
1909 5070 2068 5124 modo
2105 5081 2160 5125 et
2188 5071 2315 5124 alte-

741 5180 860 5220 rum
896 5163 1191 5235 proferam,
1217 5169 1415 5217 caztera
1448 5161 1576 5214 dum
1609 5160 1676 5214 ad
1718 5160 1854 5215 alios
1885 5175 2117 5230 propero
2149 5160 2314 5214 missa

743 5257 970 5313 faciens.

811 5457 1007 5513 Mulier
1033 5454 1280 5527 quaedam
1312 5461 1366 5508 et
1398 5469 1598 5524 genere
1624 5463 1676 5507 et
1716 5451 1821 5507 [ide
1853 5451 2103 5515 illustris,
2150 5449 2317 5502 ﬁlium

741 5547 953 5602 tenellae
999 5543 1179 5598 adhuc
1222 5543 1396 5597 aetatis
1449 5542 1644 5596 morbo
1699 5540 2079 5597 conﬂictatum
2133 5540 2321 5593 multis

2420 3254 2530 3305 πᾶν
2558 3251 2614 3304 δέ
2659 3245 2795 3311 είδος
2834 3247 3038 3314 ἀρετῆς
3079 3245 3536 3314 ἐπιδεδειγμένος.
3585 3242 3908 3311 Διαλάμψας
3949 3242 4007 3293 δὲ

2420 3346 2478 3397 ἐν
2505 3341 2582 3412 τῷ
2607 3342 2728 3396 κατ’
2758 3339 2919 3392 αὑτὸν
2952 3338 3070 3407 βίῳ,
3102 3335 3296 3407 κώμης
3341 3334 3485 3397 τινὸς
3517 3333 3856 3404 ἐνεχειρίσθη
3887 3334 4007 3402 τὴν

2424 3435 2761 3507 ἐπιμέλειαν.
2822 3429 3142 3501 Ὶερουργῶν
3199 3429 3275 3492 δὲ,
3327 3430 3422 3480 καὶ
3468 3427 3536 3479 τὰ
3582 3425 3701 3479 θεία
3752 3425 4008 3495 πρόϐατα

2420 3531 2623 3599 νέμων,
2659 3528 2845 3579 ἐκεῖνα
2876 3524 3028 3590 ἔλεγέ
3059 3538 3120 3574 τε
3153 3523 3250 3574 καὶ
3292 3520 3582 3591 ἔπραττεν,
3630 3520 3774 3589 άπερ
3799 3522 3827 3571 ό
3862 3518 4007 3580 θεῖος

2419 3621 2738 3692 διηγόρευσε
2763 3617 2944 3686 νόμος.
2983 3614 3121 3667 Φασὶ
3151 3613 3206 3665 δέ
3243 3612 3405 3668 αὐτὸν
3441 3615 3577 3682 μήτε
3614 3612 3836 3682 χιτῶνα,
3865 3614 4007 3681 μήτε

2419 3715 2518 3780 τὴν
2547 3711 2775 3780 σισύραν
2797 3709 2892 3761 ἐπὶ
2913 3707 3162 3760 πλεῖστον
3177 3706 3429 3774 ἀμεῖψαι,
3453 3704 3588 3756 ἀλλὰ
3611 3706 3720 3766 τοῖς
3744 3705 3802 3757 ἐν
3824 3705 4008 3767 αὐτοῖς

2421 3803 2730 3872 γενομένοις
2800 3801 3076 3869 ρήγμασιν
3130 3796 3294 3864 ἕτερα
3352 3795 3518 3864 ῥάκια
3596 3795 4005 3865 σνρράπτοντα,

2420 3894 2608 3947 τοῦτον
2635 3891 2795 3945 αὐτὸν
2820 3889 2912 3942 τὸν
2941 3888 3143 3958 τρόπον
3182 3885 3504 3956 θεραπεύειν
3549 3885 3606 3937 τὸ
3651 3884 3851 3953 γῆρας.
3893 3886 4009 3953 Τῆς

2421 3989 2476 4040 δὲ
2503 3987 2608 4038 τῶν
2640 3984 2806 4046 ξένων
2830 3983 2924 4036 καὶ
2957 3982 3202 4052 πενήτων
3239 3978 3559 4048 ἐπιμελείας
3595 3977 3770 4040 οὕτως
3799 3980 3899 4031 ἐπε
3910 3997 4008 4048 με-

2423 4081 2566 4131 λεῖτο
2589 4076 2907 4144 προθύμως,
2951 4074 3026 4136 ὡς
3062 4075 3174 4135 τοῖς
3220 4070 3511 4140 παριοῦσιν
3559 4070 3763 4124 ἅπασιν
3800 4073 4009 4124 ἀναπε-

2425 4167 2683 4221 ταννύναι
2710 4166 2808 4228 τὰς
2837 4165 3025 4234 θύρας.
3061 4163 3165 4215 Δύο
3200 4162 3256 4216 δὲ
3304 4161 3496 4224 πίθους
3531 4162 3824 4231 ἐσχηκέναι
3854 4162 4010 4230 λέγει

2428 4278 2539 4324 ται,
2574 4258 2664 4311 τὸν
2698 4259 2795 4326 μὲν
2825 4257 2996 4318 σίτου,
3020 4255 3112 4308 τὸν
3137 4255 3192 4306 δὲ
3219 4254 3423 4306 ἐλαίου.
3468 4254 3561 4305 Ἐκ
3598 4253 3802 4305 τούτων
3817 4255 4013 4324 ἐχορήο

2422 4366 2507 4416 γει
2541 4348 2640 4417 μὲν
2675 4348 2845 4399 ἆπασι
2874 4347 2986 4407 τοῖς
3027 4343 3299 4413 δεομένοις
3337 4341 3446 4406 ἀεὶ,
3492 4341 3722 4411 πλήρεις
3759 4341 3819 4394 δέ
3862 4338 4012 4412 εἶχεν

2423 4443 2530 4504 ἀεὶ,
2578 4441 2675 4508 τῆς
2708 4441 2773 4508 τῇ
2811 4435 3096 4507 Σαραφθία
3137 4438 3284 4505 χήρᾳ.
3329 4434 3574 4503 δοθείσης
3619 4434 3868 4501 εὐλογίας
3917 4437 4011 4487 καὶ

2425 4535 2517 4585 ἐπὶ
2545 4532 2766 4592 τούτους
2814 4527 3124 4598 ἐνεχθείσης
3162 4526 3289 4587 τοὺς
3328 4525 3539 4588 πίθους.
3587 4527 3644 4577 '0
3699 4526 3809 4596 γάρ
3847 4527 4011 4589 αὐτὸς

2422 4624 2625 4693 Κύριος
2654 4623 2891 4683 πάντων,
2924 4617 3171 4670 πλουτῶν
3209 4617 3288 4679 εἰς
3313 4617 3520 4677 πάντας
3548 4617 3673 4679 τοὺς
3711 4617 4006 4670 ἐπικαλουο

2429 4714 2624 4780 μένους
2666 4709 2861 4763 αὐτόν·
2893 4709 2986 4760 καὶ
3017 4707 3204 4777 ὥσπερ
3248 4707 3346 4777 τὴν
3397 4707 3585 4777 ὑδρίαν
3625 4709 3864 4776 ἐκείνην,
3916 4715 3996 4760 κα

2424 4801 2516 4858 τὸν
2541 4801 2840 4872 καμψάκην
2867 4799 3188 4863 ἀναϐλύζειν
3214 4798 3489 4860 ἐκέλευσε,
3519 4797 3627 4850 τῶν
3660 4798 3761 4866 τῆς
3793 4799 4008 4866 φιλοξε⁶

2425 4897 2544 4958 νίας
2587 4893 2918 4964 σπερμάτων
2966 4892 3220 4962 παρέχων
3271 4890 3338 4943 τὰ
3370 4890 3692 4960 δράγματα·
3745 4891 3888 4944 οὓτω
3918 4911 4004 4944 κας

2420 4988 2555 5057 τῷδε
2589 4986 2666 5056 τῷ
2693 4983 2979 5054 θαυμασίῳ
3009 4983 3208 5036 δέδωκε
3230 4983 3331 5052 τῆς
3387 4981 3696 5053 προθυμίας
3735 4985 3836 5053 τὴν
3881 5002 4010 5054 χορ.

2424 5079 2586 5150 ηγίαν
2621 5066 2925 5147 ἰσόμετρον.
2979 5075 3186 5144 Πολλὴν
3223 5075 3279 5126 δέ
3317 5077 3409 5127 καὶ
3435 5077 3514 5136 εἰς
3562 5075 4010 5145 θαυματουργίαν

2425 5170 2574 5240 παρὰ
2604 5168 2698 5220 τοῦ
2728 5167 2862 5220 Θεοῦ
2893 5166 3002 5218 τῶν
3030 5166 3165 5218 ὅλων
3196 5166 3412 5232 ἐδέξατο
3455 5167 3634 5236 χάριν.
3693 5166 3845 5228 Ἐνδς
3886 5167 3943 5219 δὲ
3979 5169 4010 5235 ἦ

2425 5260 2519 5313 δύο
2569 5258 2862 5328 θαυμάτων
2916 5257 3314 5327 μνησθήσομαι,
3349 5258 3416 5310 τά
3453 5257 3507 5309 δὲ
3548 5257 3706 5310 λοιπὰ
3755 5261 4010 5329 παρήσω,

2429 5354 2519 5406 ἐπὶ
2547 5354 2672 5414 τοὺς
2703 5350 2896 5413 ἄλλους
2926 5349 3100 5402 ἐλθεῖν
3134 5349 3506 5420 ἐπειγόμενος.

2502 5445 2644 5513 Γυνή
2664 5461 2766 5509 τις,
2787 5444 2882 5496 καὶ
2901 5443 3052 5511 γένει
3078 5442 3171 5495 καὶ
3195 5442 3375 5497 πίστει
3397 5443 3771 5514 κοσμουμένη,
3787 5444 3880 5497 τὸν
3897 5444 4014 5496 υἱὸν

2430 5537 2710 5609 ἀρρωστία
2746 5535 3109 5607 περιπεσόντα
3148 5535 3365 5607 (κομιδῇ
3399 5536 3456 5590 δὲ
3485 5531 3552 5607 ἦν
3593 5536 3738 5604 νέος)
3794 5537 4013 5601 πολλοῖς

2013 5722 2245 5780 VARIAS
2287 5721 2695 5780 LECTIONES.

817 5822 860 5853 "
887 5820 1149 5892 Εὐτύχης.
1179 5821 1393 5877 llervet.
