4206 6456
201 401 341 467 1413

1430 404 1843 464 BELIGIOSA
1880 403 2261 463 HISTORIA.

3322 395 3378 459 1i
3397 394 3458 458 M

198 514 521 585 προῦθηκεν
557 515 781 584 ίατροῖς.
823 513 1179 583 Ἠττηθείσης
1211 513 1267 566 δὲ
1302 514 1400 582 τῆς
1433 514 1650 583 τέχνης,
1687 514 1779 566 καὶ

1888 512 2116 567 medicis
2142 510 2448 566 curandum
2477 508 2749 564 obtulerat
2782 528 2792 563 :
2832 523 3064 577 cumque
3081 522 3171 562 ars
3201 522 3457 561 succum-

195 604 306 658 τῶν
347 604 550 675 ἰατρῶν
600 605 1004 673 ἀπειρηκότων,
1029 606 1120 656 καὶ
1164 602 1516 672 τεθνήξεσθαι
1549 604 1608 656 τὸ
1650 621 1777 655 παι-

195 695 307 747 δίον
334 695 639 764 διαρρήδην
671 694 953 755 είπὸντων,
991 694 1089 744 οὐκ
1122 694 1427 763 ἀπέρριψεν
1456 695 1489 761 ὴ
1522 692 1658 763 γυνὴ
1685 692 1782 753 τὰς

197 787 573 855 χρηστοτέρας
607 785 829 847 ἐλπίδας
850 802 864 816 ·
904 784 1038 837 ἀλλὰ
1070 784 1167 853 τὴν
1219 785 1539 853 Σουμανῖτιν
1568 785 1781 854 ἐκείνην

196 877 520 945 ζηλώσασα,
569 876 847 945 ἐπιτίθησι
893 879 1013 938 ταῖς
1057 877 1305 945 ἡμιόνοις
1350 876 1446 947 τὴν
1499 878 1778 947 καμάραν.

197 966 389 1037 Ταύτῃ
409 968 467 1019 δὲ
500 970 699 1036 ἑαυτὴν
734 968 828 1019 καὶ
865 968 926 1020 τδ
963 968 1176 1021 παιδίον
1220 971 1455 1029 ἐνθεῖσα,
1496 970 1589 1023 τὸν
1640 970 1782 1021 θεῖον

196 1060 409 1111 ἐκεῖνον
442 1058 740 1111 κατέλαϐεν
785 1058 1093 1127 ἄνθρωπον,
1132 1060 1224 1112 καὶ
1260 1060 1659 1130 ὀλοφυρομένη,
1691 1062 1782 1113 καὶ

196 1151 297 1219 τῆς
333 1151 554 1219 φύσεως
589 1150 1008 1203 ἐπιδεικνύουσα
1032 1152 1091 1203 τὸ
1132 1151 1323 1212 πάθος,
1359 1152 1636 1220 ἐπαμῦναι
1669 1152 1781 1205 ἰκέ-

196 1259 378 1295 τευεν.
413 1242 473 1294 '0
498 1242 553 1294 δὲ
584 1242 759 1295 λαϐὼν
781 1241 1078 1294 τὸ³παιδίον
1112 1244 1230 1295 ταῖν
1255 1259 1313 1311 χε
1325 1244 1564 1312 ροῖν,κα“ι
1595 1247 1661 1313 τῇ
1687 1242 1784 1297 τοῦ

201 1335 597 1403 θυσιαστηρίου
654 1335 875 1403 κρηπῖδι
916 1334 1178 1395 πελάσας,
1221 1334 1397 1386 ἔκειτο
1426 1336 1639 1405 πρηνὴς
1692 1335 1784 1386 τίιν

199 1425 309 1477 τῶν
342 1425 535 1494 ψυχῶν
573 1425 668 1478 καὶ
700 1427 966 1493 σωμάτων
1002 1425 1298 1478 ἀντιϐολῶν
1327 1426 1509 1494 ίατρόν
1531 1444 1543 1455 ’
1569 1428 1660 1496 καὶ
1686 1425 1780 1477 λα-

202 1514 312 1566 ϐὼν
356 1515 454 1583 τὴν
482 1513 716 1583 αἴτησιν,
747 1514 1029 1567 ἀπέδωκεν
1062 1516 1371 1584 ἐρρωμένον
1402 1519 1465 1585 τῇ
1499 1516 1665 1585 μητρὶ
1694 1518 1784 1568 τὸν

203 1605 342 1657 υἱόν.
384 1603 527 1672 Ἐγὼ
544 1605 599 1657 δὲ
629 1605 786 1657 τοῦτο
811 1607 937 1673 παρ’
957 1606 1127 1674 αὐτῆς
1150 1606 1363 1672 ἀκήκοα
1386 1607 1483 1674 τῆς
1513 1606 1574 1657 τδ
1602 1606 1784 1674 θαῦμα

203 1696 573 1765 θεασαμένης,
632 1697 725 1748 καὶ
756 1696 849 1748 τοῦ
889 1696 1079 1759 παιδὸς
1123 1696 1422 1765 δεξαμένης
1461 1698 1558 1764 τὴν
1608 1714 1783 1765 σωτη-

205 1790 353 1858 ρίαν.
385 1790 525 1840 Φασὶ
554 1789 609 1841 δὲ
646 1791 735 1841 καὶ
764 1788 855 1841 τὸν
901 1788 1001 1857 τῆς
1036 1787 1229 1857 κώμης
1276 1791 1486 1859 ἐκείνης
1519 1790 1783 1858 δεσπότην

1890 603 2066 667 heret,
2103 602 2571 673 desperarentque
2612 601 2825 665 medici,
2864 610 2916 657 et
2958 600 3284 655 moriturum
3328 614 3460 668 pue-

1891 709 2012 746 rum
2048 695 2189 746 haud
2232 693 2394 747 dubie
2417 693 2768 755 atlirmarent,
2799 708 2924 761 spes
2964 693 3220 746 meliores
3262 691 3461 744 mulier

1892 803 1999 839 non
2048 787 2271 854 abjecit,
2296 786 2390 839 sed
2422 784 2802 839 Sunanitidem
2834 784 3075 846 imitans,
3103 784 3303 838 lectica
3341 796 3461 835 mu-

1890 877 2047 931 labus
2098 876 2377 945 imposita,
2429 876 2483 928 in
2531 891 2648 929 eam
2700 874 3007 937 ascendens
3055 889 3177 927 cum
3231 874 3341 927 filio
3386 872 3456 927 ad

1890 969 2139 1023 divinum
2177 969 2354 1022 virum
2396 969 2677 1037 pervenit,
2718 969 3018 1037 Ingensque
3062 976 3113 1021 et
3152 975 3455 1020 maternum

1902 1061 2157 1115 affectum
2195 1060 2511 1128 praeferens,
2573 1060 2693 1129 ejus
2744 1075 2901 1128 opem
2963 1058 3317 1127 implorabat.
3367 1056 3462 1111 Ille

1892 1153 2114 1206 sublato
2146 1151 2400 1205 manibus
2434 1166 2635 1220 puero,
2669 1157 2722 1202 et
2759 1148 2825 1201 ad
2856 1148 3029 1201 basim
3061 1149 3254 1201 altaris
3291 1146 3462 1215 depo-

1893 1244 2021 1307 sito,
2054 1243 2207 1296 linmi
2238 1254 2541 1311 prostratus
2574 1242 2881 1295 animarum
2913 1255 3315 1309 corporumque
3345 1255 3461 1293 mc-

1893 1335 2073 1389 dicum
2099 1342 2241 1399 orat,
2280 1334 2499 1401 votique
2534 1350 2758 1402 compos
2782 1334 2953 1385 filium
2986 1333 3144 1384 matri
3180 1332 3459 1386 restituit:

1893 1439 2056 1497 atque
2104 1426 2206 1481 hoc
2252 1442 2350 1497 ego
2395 1426 2609 1495 1218
2658 1426 2726 1477 ab
2776 1427 2864 1478 illa
2919 1426 3033 1493 ipsa
3083 1423 3291 1484 audiri.
3340 1438 3465 1491 qum

1894 1520 2217 1573 miraculum
2274 1516 2504 1578 viderat,
2562 1517 2785 1583 filiique
2826 1515 3056 1569 salutem
3120 1517 3460 1583 impetrarat.

1894 1610 2099 1663 Ferunt
2144 1609 2333 1671 etiam,
2381 1622 2504 1662 cum
2546 1608 2784 1661 venisset
2833 1607 3129 1675 aliquando
3172 1607 3275 1659 vici
3314 1607 3461 1661 illius

1895 1701 2153 1755 dominus
2213 1700 2460 1769 (Lctoius
2510 1699 2597 1750 hic
2643 1708 2781 1760 erat,
2838 1697 3194 1750 Antiochense
3239 1696 3462 1765 quidem

1895 1794 2058 1847 curiae
2086 1793 2361 1861 princeps.
2396 1790 2488 1845 sed
2515 1790 2607 1858 qui
2626 1791 2906 1859 gentilium
2939 1789 3176 1859 caligine
3200 1791 3463 1844 obsessus

202 1880 540 1947 ἀφικόμενόν
584 1896 735 1935 ποτε.
775 1878 1017 1949 Λητὼῖος
1048 1881 1087 1911 ⁸⁷
1123 1881 1180 1933 δὲ
1228 1876 1295 1950 ἧν
1325 1874 1476 1943 οὗτος
1525 1882 1645 1950 (τῆς
1688 1882 1783 1947 μὲν

1893 1886 2230 1952 tenebatur),
2265 1885 2449 1938 acrius
2478 1898 2641 1952 quam
2675 1898 2772 1951 par
2807 1892 2923 1936 erat
2959 1881 3173 1936 fructus
3200 1896 3460 1950 agrorum

216 1971 544 2039 Ἀντιοχέων
596 1970 787 2040 βουλῆς
835 1971 904 2024 τά
970 1975 1212 2040 πρωτεῖα
1258 1972 1417 2041 ἔχων,
1466 1973 1783 2035 δυσσεϐείας

200 2063 257 2115 δὲ
290 2064 657 2132 κατεχόμενος
686 2064 856 2133 ζόφῳ)
878 2106 891 2129 ,
927 2066 1277 2136 σφοδρότερον
1317 2065 1348 2136 ἢ
1384 2066 1490 2117 ἔδει
1525 2067 1651 2129 τοὺς
1688 2068 1785 2135 γή-

199 2156 403 2219 πόνους
460 2157 888 2226 εἰσπράττεσθαι
927 2158 1051 2218 τοὺς
1102 2157 1380 2226 καρπούς·
1414 2158 1509 2208 τὸν
1542 2157 1597 2210 δὲ
1642 2158 1783 2209 θεῖον

199 2248 414 2299 ἐκεῖνον
446 2247 733 2315 ἄνθρωπον
766 2249 892 2317 περὶ
915 2247 1322 2317 φιλανθρωπίαν
1359 2248 1697 2317 εἰσηγεῖσθαί
1724 2266 1782 2302 τε

200 2340 298 2391 καὶ
328 2342 641 2415 παραινεῖν,
692 2342 786 2393 καὶ
814 2340 940 2402 τοὺς
974 2340 1105 2410 περὶ
1136 2340 1319 2403 ἐλέους
1372 2343 1464 2394 καὶ
1493 2342 1673 2394 οἴκτου
1704 2342 1783 2394 δι-

200 2428 409 2492 εξιέναι
462 2429 689 2499 λόγους·
733 2431 824 2483 τὸν
868 2430 925 2483 δὲ
972 2434 1149 2500 μεῖναι
1193 2430 1292 2500 μὲν
1334 2432 1672 2500 ἀμείλικτον,
1717 2435 1782 2503 τῇ

202 2523 375 2593 πείρᾳ
406 2523 463 2575 δὲ
493 2524 699 2590 γνῶναι
727 2526 826 2593 τῆς
868 2524 1123 2588 ἀπειθίας
1159 2524 1260 2589 τὴν
1292 2524 1515 2594 βλάϐην.
1565 2524 1784 2596 Ἐπειδὴ

202 2612 314 2681 γὰρ
345 2612 605 2681 ἀπαίρειν
640 2612 770 2677 ἔδει,
802 2614 895 2667 καὶ
946 2612 1005 2666 τὸ
1045 2612 1237 2681 ζεῦγος
1272 2606 1340 2683 ἦν
1373 2613 1655 2685 εὑτρεπὲς,
1692 2614 1786 2666 καὶ

202 2703 440 2765 καθίσας
481 2703 701 2756 ἐκέλευε
754 2704 832 2773 τῷ
885 2706 1086 2775 ἡνιόχῳ
1116 2704 1453 2776 παροτρῦναι
1501 2706 1597 2768 τὰς
1626 2706 1787 2775 ἡμιόο

202 2810 354 2859 νους,
404 2796 462 2846 αἱ
510 2795 607 2863 μὲν
648 2788 831 2847 εἷλκον
887 2797 1051 2848 παντὶ
1086 2795 1260 2849 σθένει
1308 2795 1643 2865 βιαζόμεναι,
1695 2795 1788 2849 καὶ

202 2886 391 2940 ἱλκειν
420 2886 512 2938 τὸν
553 2886 725 2958 ῥυμὸν
763 2886 1139 2956 ἐπειγόμεναι,
1186 2887 1235 2938 οί
1281 2886 1553 2955 δὲ,τροχοὶ
1586 2885 1786 2956 σιδήρῳ

203 2980 300 3032 καὶ
356 2978 591 3048 μολίϐδῳ
626 2979 1077 3049 προσδεδεμένοις
1122 2977 1407 3047 δῴκεισαν.
1472 2977 1689 3046 Ἐπειδὴ
1729 2977 1787 3030 δὲ

205 3070 300 3122 καὶ
332 3068 445 3121 τῶν
483 3069 757 3141 ἀγροίκων
790 3070 851 3123 τὸ
902 3070 1105 3140 πλῆθος
1141 3068 1353 3139 μοχλοῖς
1404 3069 1530 3129 τοὺς
1560 3070 1787 3139 τροχοὺς

203 3160 515 3223 ἀνεκίνουν,
559 3156 716 3212 οὗδὲν
751 3161 913 3213 πλέον
954 3161 1232 3229 ἐπέραινε,
1268 3160 1377 3213 τῶν
1416 3161 1784 3231 εὐνουστέρων

202 3269 289 3316 τις
325 3251 406 3321 τῷ
440 3252 667 3322 Δητωΐῳ
695 3253 1025 3323 παρεδεύων,
1059 3253 1157 3323 τὴν
1179 3254 1361 3306 αἰτίαν
1390 3254 1663 3322 σημαίνει,
1690 3252 1781 3306 τὸν

204 3344 363 3413 ἱερέα
436 3343 526 3396 τὸν
582 3344 895 3415 πρεσόύτην
938 3344 1247 3413 ἐπαρᾶσθαι
1298 3344 1504 3411 λέγων,
1562 3347 1655 3397 καὶ
1706 3345 1781 3408 ὠς

204 3438 483 3507 προσήκει
535 3437 725 3491 τοῦτον
794 3439 1000 3509 εὐμενῆ
1060 3440 1423 3508 καταστῆσαι.
1476 3438 1779 3510 Τοιγαροῦν

203 3530 463 3599 πηδήσας
492 3528 602 3581 ἀπὸ
631 3527 725 3582 τοῦ
758 3529 1007 3596 ζεύγους,
1040 3529 1247 3581 ἱκέτευε
1283 3530 1342 3581 ὃν
1369 3530 1621 3581 διέπτυσε
1643 3546 1655 3558 ³
1690 3532 1782 3582 καὶ

202 3620 314 3673 τῶν
358 3619 537 3673 ποδῶν
569 3620 1117 3691 προκαλινδούμενος,
1152 3621 1247 3672 καὶ
1280 3622 1348 3672 τὰ
1383 3622 1587 3691 πιναρὰ
1619 3622 1782 3689 ρἀια

206 3713 716 3782 περιπτυσσόμενος
747 3752 760 3773 ,
798 3712 1030 3781 χαλάσαι
1060 3713 1161 3781 τὴν
1195 3712 1362 3781 ὀργὴν
1401 3712 1689 3781 ἠντιϐόλει.
1729 3715 1787 3765 '0

206 3803 264 3855 δὲ
298 3804 401 3873 τὴν
439 3804 678 3857 ἱκετείαν
703 3804 1015 3873 δεξάμενος,
1055 3806 1149 3857 καὶ
1182 3805 1387 3874 ταύτην
1430 3805 1507 3874 τῷ
1542 3808 1789 3879 Δεσπὸτῃ

211 3893 621 3964 προσενεγκὼν,
651 3895 808 3947 ἔλυσε
838 3895 946 3948 τῶν
987 3896 1199 3966 τροχῶν
1232 3898 1356 3960 τοὺς
1405 3899 1670 3965 ἁοράτους
1700 3899 1787 3950 δε-

210 3989 406 4056 σμοὺς,
440 3988 538 4039 καὶ
562 3987 824 4057 φέρεσθαι
856 3988 1101 4057 συνήθως
1130 3988 1190 4039 τδ
1222 3988 1407 4058 ὄχημα
1438 3990 1786 4059 παρεσκεύα-

209 4095 291 4132 σε.
327 4079 504 4132 Πολλά
526 4079 583 4131 δὲ
612 4080 703 4131 καὶ
731 4080 864 4133 ἄλλα
896 4079 1118 4133 τοιαῦτα
1159 4082 1286 4152 περὶ
1325 4084 1421 4152 τῆς
1457 4082 1605 4151 θείας
1639 4083 1783 4135 ὲκεί-

207 4188 304 4240 νης
354 4171 598 4239 κεφαλῆς
627 4171 962 4239 διηγοῦνται.
1006 4174 1159 4225 Ἔστι
1210 4173 1264 4226 δὲ
1315 4175 1409 4226 καὶ
1464 4176 1527 4227 ἐκ
1582 4175 1786 4227 τούτων

209 4262 583 4331 καταμαθεῖν,
635 4262 710 4323 ὡς
753 4263 957 4331 ἥκιστα
1011 4262 1250 4315 λωϐᾶται
1307 4266 1419 4327 τοῖς
1478 4264 1786 4333 φιλοσοφεῖν

208 4354 665 4423 προαιρουμένοις
708 4355 741 4422 ἠ
794 4356 850 4406 έν
897 4354 1085 4407 ἄστεσι
1119 4356 1211 4407 καὶ
1267 4354 1483 4425 κώμαις
1512 4357 1779 4429 διατριϐή.

212 4447 425 4511 Ἐδειξε
451 4446 561 4517 γὰρ
588 4442 743 4509 οὗτός
775 4463 834 4499 τε
864 4446 958 4499 καὶ
984 4447 1031 4498 oi
1059 4446 1182 4498 κατ’
1207 4446 1368 4498 αὑτὸν
1392 4447 1490 4516 τῆς
1521 4448 1614 4500 τοῦ
1648 4450 1782 4503 Θεοῦ

1890 1978 2141 2045 exegisse
2174 1991 2201 2029 a
2241 1974 2479 2036 colonis,
2512 1974 2871 2040 divinumque
2902 1972 3074 2024 virum
3110 1972 3175 2024 ad
3210 1970 3466 2025 humani-

1889 2077 2051 2123 tatem
2086 2072 2101 2089 ‘
2133 2068 2282 2121 illum
2318 2066 2665 2128 informasse,
2696 2065 3087 2131 hortatumque
3122 2077 3265 2128 esse,
3300 2077 3363 2115 ac
3394 2062 3464 2117 de

1889 2160 2270 2216 misericordia
2327 2167 2380 2211 et
2432 2156 2768 2224 benignitate
2807 2156 2971 2209 verba
3016 2152 3214 2207 fecisse
3260 2171 3272 2207 :
3309 2152 3467 2206 illum

1891 2270 2019 2308 vero
2067 2251 2470 2322 implacabilem
2521 2247 2861 2318 perstitisse,
2921 2245 3016 2301 sed
3067 2244 3462 2299 obstinationis

1889 2347 2147 2400 damnum
2191 2341 2532 2411 experientia
2575 2338 2857 2393 didicisse.
2905 2336 3042 2391 Nam
3083 2352 3207 2390 cum
3249 2336 3463 2389 abeun-

1889 2436 2015 2490 dum
2061 2443 2226 2495 esset,
2261 2432 2538 2501 rhedaque
2568 2440 2780 2500 parata,
2828 2428 3026 2483 sedens
3068 2427 3185 2496 ipse
3219 2427 3462 2497 aurigam

1889 2530 2068 2581 mulas
2111 2527 2345 2579 incitare
2385 2524 2731 2593 preciperet,
2768 2520 3153 2575 eluetahantur
3192 2519 3297 2572 illce
3337 2518 3462 2588 qui-

1888 2621 2009 2674 dem
2049 2620 2182 2672 totis
2224 2616 2453 2679 viribus,
2497 2623 2553 2670 et
2594 2614 2817 2668 rhedam
2857 2612 3075 2667 trahere
3118 2610 3463 2670 nitebantur,

1889 2713 1984 2768 sed
2018 2720 2153 2766 rota:
2184 2710 2329 2765 ferro
2363 2708 2697 2779 plumboque
2726 2704 2971 2760 astricta:
3008 2702 3359 2757 videbantur.
3399 2698 3466 2754 Et

1888 2818 2011 2857 cum
2045 2801 2379 2855 rusticorum
2423 2812 2643 2866 quoque
2683 2794 2979 2849 multitudo
3024 2802 3177 2849 rotas
3218 2793 3466 2847 vectibus

1890 2887 2177 2956 impellens
2211 2883 2347 2938 nihil
2373 2883 2690 2951 proliceret,
2716 2876 3069 2932 familiarium
3097 2891 3241 2931 unus
3271 2875 3462 2930 Letoio

1888 2976 2141 3031 assidens
2164 2990 2389 3029 causam
2418 2972 2711 3042 suggessit,
2740 2969 3135 3040 imprecatione
3159 2983 3315 3023 usum
3341 2982 3464 3021 esse

1890 3067 2082 3121 dicens
2106 3080 2290 3119 senem
2313 3061 2672 3123 sacerdotem,
2701 3075 2936 3128 eumque
2958 3058 3160 3128 placari
3184 3066 3463 3127 Oportere.

1890 3160 2071 3225 Quare
2114 3157 2376 3211 desiliens
2414 3155 2481 3208 de
2520 3152 2690 3207 rheda
2729 3152 2958 3221 supplex
3002 3151 3081 3203 illi
3129 3148 3306 3205 factus
3354 3157 3461 3213 est,

1889 3268 2049 3322 quem
2088 3255 2390 3320 spreverat,
2420 3246 2651 3316 ejusque
2686 3244 2918 3315 pedibus
2949 3244 3263 3306 advolutus,
3296 3249 3350 3298 et
3378 3243 3462 3295 la-

1888 3359 2049 3399 ceros
2080 3357 2291 3412 pannos
2328 3341 2683 3409 amplectem,
2724 3337 2935 3406 rogavit
2966 3346 3025 3390 ut
3068 3336 3201 3389 iram
3239 3350 3465 3404 compc-

1889 3443 2088 3491 sceret.
2111 3436 2282 3502 Cujus
2313 3433 2401 3486 ille
2432 3446 2623 3501 preces
2653 3431 2973 3494 exaudiens,
2998 3439 3047 3483 et
3078 3427 3306 3482 Domino
3330 3443 3462 3483 suas

1888 3526 2144 3585 offerens,
2169 3523 2386 3577 occulta
2412 3532 2656 3575 rotarum
2686 3520 2906 3574 vincula
2937 3520 3185 3581 resolvit,
3206 3534 3465 3573 curruma

1891 3631 1998 3685 que
2034 3614 2103 3667 de
2138 3628 2287 3667 more
2317 3611 2444 3685 ferri
2479 3610 2748 3681 permisit.
2785 3610 2904 3662 Alia
2936 3608 3253 3677 hnjusmodi
3293 3608 3464 3661 multa

1888 3704 1953 3757 de
1978 3702 2165 3757 divino
2204 3702 2295 3754 illo
2339 3702 2519 3769 capite
2567 3706 2968 3753 memorantur.
3014 3696 3091 3751 Ex
3138 3697 3227 3751 his
3277 3705 3461 3751 autem

1888 3796 2103 3850 discere
2133 3793 2281 3857 licet,
2317 3794 2548 3846 minime
2575 3792 2792 3845 officere
2821 3790 3199 3860 philosophari
3230 3789 3467 3844 volenti-

1886 3890 2010 3952 bus,
2055 3889 2099 3942 si
2140 3887 2195 3941 in
2233 3887 2462 3940 urbibus
2498 3886 2580 3939 vel
2628 3884 2684 3937 in
2728 3885 2865 3939 vicis
2908 3884 3175 3939 habitent.
3209 3882 3465 3939 Ostendit

1886 3982 2031 4035 enim
2063 3988 2117 4033 et
2149 3980 2236 4033 hic
2274 3980 2409 4048 ipse,
2448 3986 2503 4032 et
2548 3977 2640 4046 qui
2686 3977 2809 4045 ejus
2851 3977 3062 4031 similes
3117 3976 3207 4029 Dei
3254 3977 3463 4030 cultum

1888 4072 2040 4125 cordi
2068 4071 2287 4132 habent,
2311 4068 2426 4122 fieri
2459 4084 2643 4137 posse,
2673 4068 2888 4138 1219
2917 4068 3051 4121 utin
3081 4068 3259 4123 media
3284 4068 3464 4122 homi-

1889 4176 2018 4215 num
2049 4159 2357 4230 frequentia
2392 4159 2485 4228 qui
2521 4166 2837 4223 versantur,
2876 4156 2943 4210 ad
2980 4160 3159 4226 ipsmn
3196 4157 3463 4209 virtutum

1890 4273 2098 4342 apicem
2137 4272 2477 4340 perveniant.
2517 4269 2645 4324 Mihi
2690 4284 2843 4333 vero,
2884 4277 2941 4321 ut
2973 4268 3055 4322 vel
3097 4266 3259 4337 paulo
3292 4280 3469 4336 supra

1890 4360 2051 4413 imam
2082 4358 2286 4412 montis
2326 4366 2535 4427 partem
2559 4356 2851 4426 prorehar,
2887 4355 3095 4410 utinam
3126 4370 3315 4411 eorum
3343 4370 3466 4425 pre-

1892 4453 2052 4507 cibus
2081 4451 2386 4520 contingat.

209 4540 527 4611 φροντισταὶ
557 4538 873 4608 θεραπείας,
906 4537 981 4600 ὡς
1011 4536 1233 4589 δυνατὸν
1300 4537 1393 4589 καὶ
1428 4540 1484 4591 ἐν
1514 4538 1664 4609 μέσῳ
1689 4540 1901 4594 πολλῶν
1947 4540 2367 4612 στρεφομένους,
2432 4540 2598 4609 αὐτῆς
2656 4537 2941 4608 ἐφικέσθαι
2978 4538 3075 4607 τῆς
3112 4537 3221 4591 τῶν
3257 4537 3468 4608 ἀρετῶν

208 4634 479 4707 κορυφῆς.
504 4627 612 4695 Ἧς
658 4631 770 4700 ἐγὼ
801 4633 898 4701 τῆς
940 4630 1070 4695 γοῦν
1122 4631 1399 4702 ὑπωρείας
1440 4633 1636 4703 μικρὸν
1664 4635 1777 4689 ἀνω
1817 4637 2079 4707 γενοίμην
2108 4637 2227 4699 ταῖς
2258 4634 2467 4688 τούτων
2491 4635 2825 4704 προσευχαῖς
2856 4632 3237 4704 βοηθούμενος.

652 4724 753 4777 lE'.
782 4750 853 4763 --
883 4722 1250 4776 ΔΚΕΨΙΜΑΣ
1276 4723 1337 4776 ³⁸.

294 4816 590 4886 Ἀκεψιμᾶς
619 4814 759 4868 κατὰ
785 4813 875 4866 τὸν
901 4814 1062 4867 αὐτὸν
1087 4814 1278 4881 γέγονε
1308 4816 1519 4885 χρόνον,
1542 4810 1602 4870 οῦ
1631 4817 1782 4880 κλέος

205 4909 340 4979 εὐρὺ
372 4907 516 4960 κατά
544 4908 725 4959 πᾶσαν
748 4906 845 4975 τὴν
870 4906 1005 4960 Ἕω.
1035 4901 1203 4968 Οὗτος
1233 4907 1289 4958 ἐν
1318 4907 1544 4975 οἰκίσκῳ
1567 4908 1784 4977 καθείρ-

207 5003 308 5067 ξας
336 4999 549 5062 ἑαυτὸν,
568 4998 831 5066 ἑξήκοντα
854 4996 1153 5050 διετέλεσεν
1177 4997 1293 5066 ἔτη,
1327 4999 1466 5069 μήτε
1486 4998 1778 5068 ὁρώμενος,

209 5093 351 5162 μήτε
372 5091 762 5159 φθεγγόμενος,
776 5089 888 5141 ἀλλ’
908 5090 987 5152 είς
1008 5090 1199 5142 ἑαυτὸν
1218 5090 1408 5153 νεύων,
1433 5090 1527 5143 καὶ
1541 5092 1633 5145 τὸν
1651 5091 1782 5144 Θεὸν

206 5182 640 5253 φανταζόμενος,
691 5185 878 5235 πᾶσαν
911 5181 1123 5235 ἐκεῖθεν
1158 5181 1514 5251 ψυχαγωγίαν
1548 5183 1781 5253 ἐδέχετο,

206 5278 352 5331 κατά
381 5276 482 5346 τὴν
504 5273 841 5345 προφητείαν
859 5273 959 5344 τὴν
986 5274 1266 5341 λέγουσαν·
1298 5294 1316 5325 ι
1350 5274 1783 5346 Κατατρύφησον

207 5370 304 5422 τοῦ
316 5350 545 5437 Κυρίου,
559 5365 775 5436 καὶδῲη
794 5366 958 5435 σοι,τά
980 5367 1102 5437 αίτή
1111 5383 1254 5436 ματα
1278 5367 1377 5437 τῆς
1392 5368 1615 5437 καρδίας
1633 5386 1745 5423 σου.
1762 5390 1779 5422 ι

209 5461 312 5515 Διά
348 5477 494 5521 τινος
520 5459 575 5512 δὲ
618 5457 851 5529 βραχέος
877 5458 1191 5530 ὀρύγματος
1222 5458 1320 5527 τὴν
1358 5461 1515 5532 χεῖρα
1560 5462 1779 5531 προτεί-

288 5571 471 5627 lPsal.
507 5586 687 5635 “va,
725 5571 774 5625 4.

2339 4724 2456 4779 XV.
2496 4754 2568 4765 —-
2605 4723 3020 4779 ACEPSIMAS.

1960 4818 2066 4874 Per
2089 4816 2231 4872 idem
2270 4826 2486 4886 tempus
2507 4816 2833 4885 Acepsimas
2857 4813 2978 4877 fuit,
3004 4813 3165 4883 cujus
3188 4813 3329 4869 fama
3362 4815 3467 4872 late

1889 4927 2085 4982 sparsa
2141 4919 2225 4965 est
2280 4924 2377 4978 per
2419 4908 2722 4964 Orientem.
2769 4909 2819 4962 Is
2857 4922 2981 4961 cum
3030 4908 3084 4961 in
3132 4907 3464 4961 domuncula

1889 5004 2131 5072 seipsum
2188 4999 2543 5063 inclusisset,
2597 5013 2776 5051 annos
2823 4998 3089 5066 transegit
3141 4998 3461 5066 sexaginta,

1895 5108 1994 5147 nec
2032 5093 2127 5145 ulli
2160 5090 2311 5144 visus
2338 5128 2352 5151 ,
2388 5103 2489 5142 nec
2532 5088 2702 5140 ullum
2733 5087 3022 5154 alloquens
3054 5102 3065 5138 :
3130 5086 3224 5140 sed
3264 5086 3318 5139 in
3372 5089 3466 5139 sed

1894 5186 2073 5255 ipsum
2102 5185 2342 5243 intuens,
2366 5178 2644 5249 Deumque
2660 5178 3062 5248 contemplans,
3093 5191 3306 5230 onmem
3339 5177 3467 5231 inde

1892 5276 2143 5346 capiebat
2168 5270 2623 5333 consolationem,
2646 5270 2802 5339 juxta
2826 5270 3203 5339 propheticum
3232 5268 3461 5323 dictum:

1899 5389 1915 5419 ι
1972 5368 2252 5422 Delectare
2297 5365 2349 5417 in
2394 5362 2664 5425 Domino,
2719 5370 2774 5416 et
2826 5361 2977 5415 dabit
3033 5360 3126 5417 tibi
3178 5361 3465 5431 petitiones

1892 5460 2077 5515 cordis
2104 5459 2181 5513 tui
2210 5459 2246 5511 |.
2292 5475 2311 5508 ι
2348 5454 2451 5511 Per
2483 5461 2775 5525 augustum
2803 5468 2932 5509 vero
2963 5452 3209 5508 foramen
3242 5468 3465 5507 manum

1450 5654 1675 5712 VARUE
1718 5654 2120 5715 LECTIONES.

284 5758 324 5789 ⁸⁷
365 5756 628 5817 Λατώῖος.
654 5756 868 5809 "erret.
894 5755 983 5811 Sic
1019 5755 1179 5808 etiam
1205 5754 1365 5812 patilo
1389 5760 1511 5822 post

214 5826 359 5881 Hist.
390 5829 517 5881 ρει-Ι.
559 5826 643 5892 IV,
676 5828 763 5880 '23:.

1613 5750 1654 5781 "
1702 5748 2011 5821 Ἀκεψεμᾶς
2047 5762 2164 5807 erat
2191 5752 2243 5806 in
2278 5752 2492 5809 llerveti
2538 5754 2711 5818 libro,
2759 5751 2995 5821 itemque
3031 5753 3174 5822 apud
3211 5761 3463 5807 nostrum
