4206 6456
765 359 898 421 Ηίὸ

1781 349 2265 411 THEODORETI
2301 350 2632 409 EPISCOPI
2672 350 3037 414 CYRENSIS

3883 352 4022 415 iiiB

762 473 1098 536 extendens,
1159 471 1382 523 allatum
1433 467 1612 520 cibum
1675 466 2001 536 accipiebat.
2058 462 2328 517 Foramen

2457 486 2577 531 νων,
2629 467 2728 536 τὴν
2772 467 3150 538 κομιζομένην
3203 470 3412 540 τροφὴν
3469 470 3790 539 είσεδέχετο.
3841 471 3916 522 Τὸ
3966 471 4023 521 δέ

763 580 930 636 porro
975 580 1080 617 non
1126 572 1273 616 recta
1319 560 1627 630 perfossum
1679 569 1818 621 erat,
1854 573 1922 612 ne
1970 556 2337 625 introspicere

764 657 1078 710 volentibus
1138 655 1364 718 liceret,
1427 651 1524 707 sed
1585 653 1804 720 oblique
1869 647 2332 702 circumductum.

763 749 931 803 Cibus
971 755 1155 800 autem
1189 746 1263 798 illi
1296 744 1629 798 aﬂ'erebatur
1657 744 1773 796 lcns
1809 756 1951 811 aqua
1986 738 2290 793 madefacta
2320 757 2334 793 :

765 841 1043 908 semelque
1093 839 1146 891 in
1201 837 1542 893 hebdomada
1581 839 1599 858 ‘
1643 843 1808 888 noctu
1857 847 2138 904 egressus,
2183 847 2341 902 aquae

764 941 1032 1001 quantum
1094 932 1231 985 satis
1289 937 1404 983 erat
1464 945 1530 983 ex
1588 929 1775 982 vicino
1829 927 1978 980 fonte
2029 925 2338 979 hauriebat.

763 1021 953 1090 Itaque
992 1032 1178 1090 pastor
1198 1020 1418 1087 quidam
1451 1033 1582 1072 oves
1612 1031 1864 1088 pascens,
1899 1030 2023 1068 cum
2063 1015 2218 1068 illum
2247 1030 2342 1084 per

765 1115 1024 1168 tenebras
1070 1119 1379 1165 moventem
1434 1126 1494 1165 se
1535 1112 1731 1179 procul
1772 1110 2073 1177 aliquando
2123 1111 2344 1178 conspi-

763 1215 922 1259 catus
965 1206 1151 1272 Iupum
1193 1219 1316 1258 esse
1346 1204 1665 1271 conjiceret,
1687 1203 1817 1270 quia
1845 1203 2018 1254 multo
2047 1200 2176 1255 ferri
2204 1216 2342 1252 onu-

763 1304 884 1349 stus
913 1294 1159 1362 pondere
1186 1293 1449 1345 incurvus
1478 1291 1766 1345 incedebat
1788 1333 1801 1351 ,
1839 1290 2061 1344 fundam
2091 1291 2154 1343 ad
2187 1291 2344 1358 jacu-

763 1383 988 1436 landum
1022 1383 1285 1450 agitabat.
1336 1379 1442 1434 Sed
1488 1397 1610 1433 cutn
1659 1396 1855 1434 manus
1903 1381 2201 1433 immobilis
2248 1378 2340 1431 diu

764 1485 1033 1538 maneret,
1080 1473 1428 1543 lapidemque
1467 1475 1718 1527 emittere
1756 1488 1869 1524 non
1914 1483 2119 1540 posset,
2163 1472 2341 1540 quoad

760 1567 984 1619 divinus
1020 1567 1108 1620 ille
1143 1568 1223 1618 vir
1255 1566 1446 1618 hausta
1481 1579 1618 1631 aqua
1657 1578 1913 1616 reversus
1955 1573 2056 1620 est.
2099 1578 2342 1616 errorem

763 1659 1023 1727 agnovit,
1069 1671 1393 1723 summoque
1435 1669 1596 1706 mane
1631 1654 1698 1705 ad
1747 1654 1966 1708 virtutis
2001 1655 2343 1724 gymnasium

761 1748 1062 1818 profectus,
1082 1748 1224 1814 quod
1246 1744 1526 1798 acciderat
1551 1747 1813 1808 narravit,
1833 1754 1884 1799 et
1908 1747 2073 1814 petita
2095 1748 2247 1800 venia
2271 1762 2347 1798 re-

763 1841 1080 1894 missionem
1117 1838 1452 1907 impetravit,
1479 1852 1584 1890 non
1608 1837 1790 1906 aliqua
1828 1838 2040 1905 1220
2073 1838 2343 1906 loquentis

761 1948 895 1986 voce
919 1932 1125 1992 audita,
1147 1931 1240 1984 sed
1259 1946 1321 1983 ex
1344 1945 1538 1982 manus
1559 1929 1892 1982 motionibus
1913 1930 2342 1983 benevolentiam

761 2025 1100 2092 intelligens.
1140 2023 1296 2076 Alius
1333 2022 1577 2091 quidam,
1613 2023 1855 2090 perversi
1894 2025 2064 2077 moris
2103 2023 2344 2077 curiosi-

763 2127 873 2171 tate
905 2117 1124 2177 ductus,
1159 2115 1300 2167 scire
1341 2128 1510 2166 avens
1539 2121 1657 2166 toto
1689 2123 1939 2182 tempore
1967 2115 2097 2184 quid
2134 2122 2340 2184 ageret,

763 2212 1042 2280 platanum
1077 2205 1324 2260 maceriae
1351 2207 1668 2274 contiguam
1700 2221 1868 2260 ausus
1898 2216 1985 2260 est
2019 2206 2342 2270 ascendere,

763 2304 856 2356 sed
913 2301 1159 2353 audaciae
1205 2301 1442 2354 fructum
1493 2315 1616 2352 mox
1666 2300 1872 2353 retulit.
1913 2297 2146 2352 Ditnidia
2194 2299 2341 2353 enim

761 2401 918 2462 parte
960 2392 1212 2460 corporis
1247 2391 1552 2443 labefactus
1581 2430 1594 2452 ,
1637 2390 1864 2460 supplex
1898 2391 2170 2454 accessit,
2210 2390 2345 2445 deli-

762 2497 1022 2552 ctmnque
1054 2483 1342 2537 confessus
1367 2491 1472 2536 est.
1502 2483 1571 2535 At
1603 2483 1692 2536 ille
1731 2484 1913 2537 excisa
1941 2483 2161 2551 platano
2193 2484 2344 2537 sani-

763 2590 927 2632 tatem
966 2585 1318 2646 reccpturum
1354 2575 1621 2646 prtedixit.
1660 2573 1736 2628 Ne
1761 2574 1886 2643 quis
1915 2575 2058 2628 enim
2092 2590 2158 2628 ex
2183 2575 2343 2628 simi-

761 2673 907 2726 libus
928 2672 1076 2724 ausis
1095 2670 1210 2739 pari
1235 2683 1392 2737 paena
1417 2666 2346 2735 plecteretur,arboremconfestim

761 2761 1015 2815 exscindi
1062 2759 1230 2828 jussit
1268 2778 1280 2811 :
1326 2757 1650 2824 arborisque
1690 2757 1989 2809 sectionem
2028 2765 2215 2810 secuta
2263 2765 2346 2810 est

763 2853 1021 2922 supplicii
1074 2851 1362 2904 relaxatio.
1412 2849 1586 2902 Tanta
1641 2863 1774 2916 ergo
1825 2847 1927 2900 fuit
1970 2849 2146 2902 sancti
2183 2850 2347 2916 hujus

762 2945 1081 3009 tolerantia,
1114 2951 1433 3012 tantamque
1466 2941 1535 2994 ab
1575 2939 1902 3010 agonotlteta
1939 2941 2170 3010 gratiam
2210 2941 2342 2996 ade-

762 3048 887 3107 plus
915 3046 998 3090 est

2443 560 2660 628 δρυγμα
2684 560 2744 612 οὑ
2775 559 3076 629 διαμπερὲς
3106 555 3173 630 ἦν
3221 560 3457 613 κατευθὺ
3505 562 3898 632 διωρυγμένον,
3933 562 4024 612 ἶνα

2446 652 2520 722 μὴ
2557 654 2845 722 πρόκειται
2879 654 2990 715 τοῖς
3019 654 3150 723 ὁρᾷν
3181 651 3545 721 βουλομένοις,
3580 653 3695 706 ἀλλ’
3722 654 4022 724 ἐγκάρσιον

2441 745 2509 819 ἦν
2567 745 2872 809 ἐλικοειδῶς
2918 745 3442 816 κατεσκευασμένον.
3495 745 3682 816 Τροφὴ
3743 747 3799 798 δὲ
3871 745 4023 814 αὐτῷ

2443 837 2730 910 ἐκομίζετο
2769 837 2936 908 φακὸς
2958 837 3242 906 διάϐροχος
3273 837 3426 890 ὕδατι
3450 853 3465 869 ·
3493 837 3635 903 ἅπαξ
3663 837 3718 890 δὲ
3741 837 3844 905 τῆς
3875 837 4025 890 ἐϐδο-

2449 933 2614 1002 μάδος
2641 931 2858 1001 νύκτωρ
2887 929 3068 996 ἐξιὼν,
3089 929 3152 981 τὸ
3183 929 3386 998 ἀρκοῦν
3411 929 3554 1000 ὕδωρ
3582 929 3690 981 ἀπὺ
3719 927 3820 996 τῆς
3850 930 4026 981 πελα-

2445 1024 2643 1093 ζούσης
2671 1024 2905 1091 ἁνιμᾶτο
2935 1022 3140 1092 πηγῆς.
3172 1021 3282 1074 Καί
3311 1021 3443 1072 ποτέ
3467 1038 3551 1082 τις
3581 1019 3868 1092 πόρρωθεν
3893 1037 4030 1089 προσ

2445 1116 2642 1179 ϐατεὺς
2673 1115 2965 1186 θρέμματα
3001 1114 3202 1183 νέμων,
3241 1114 3465 1175 σκότους
3489 1112 3664 1178 ὄντος,
3702 1111 4029 1181 κινούμενον

2445 1209 2815 1278 θεασάμενος,
2867 1207 2966 1260 καὶ
3025 1205 3189 1258 λύκον
3234 1198 3606 1267 ὑποτοπάσας.
3662 1203 4029 1271 συγκεκυφὼς

2444 1300 2552 1368 γὰρ
2579 1299 2793 1362 ἐϐάδιζε
2833 1300 3038 1369 σιδήρῳ
3085 1297 3266 1368 πολλῷ
3308 1297 3690 1367 βαρυνόμενος,
3727 1297 3827 1366 τὴν
3865 1313 4030 1364 σφεν-

2444 1391 2602 1459 δόνην
2628 1389 2704 1451 ὼς
2738 1389 2883 1441 λίθον
2910 1390 3211 1441 ἀκοντίσων
3241 1387 3480 1458 ἐκίνησε.
3509 1389 3620 1456 Τῆς
3643 1388 3700 1440 δέ
3727 1387 3914 1457 χειρὸς
3939 1388 4032 1438 ἐπὶ

2446 1480 2695 1533 πλεῖστον
2726 1480 2984 1550 ἀκινήτου
3032 1479 3321 1549 μενούσης,
3352 1479 3447 1532 καὶ
3491 1479 3712 1545 ἀφιέναι
3750 1477 3843 1528 τὸν
3879 1477 4029 1528 λίθον

2445 1568 2504 1620 οὐ
2531 1567 2855 1638 δυναμένης,
2883 1568 2988 1630 ἕως
3017 1569 3221 1630 ἐκεῖνος
3241 1569 3269 1618 ὁ
3297 1569 3438 1629 θεῖος
3462 1566 3598 1636 ἀνὴρ
3626 1567 3688 1618 τὸ
3714 1565 3857 1636 ὕδωρ
3889 1567 4030 1636 ἀρυ-

2448 1658 2679 1726 σάμενος
2719 1658 3029 1726 ἐπανῆκεν,
3065 1657 3320 1728 αἴσθησιν
3364 1657 3463 1725 τῆς
3511 1657 3729 1723 ἀγνοίας
3781 1656 4028 1718 ἐδέξατο,

2446 1749 2540 1799 καὶ
2563 1745 2702 1817 μετά
2727 1747 2825 1817 τὴν
2859 1747 2934 1799 ἔω
2969 1747 3382 1817 καταλαμϐάνει
3407 1747 3472 1800 τὸ
3507 1748 3605 1817 τῆς
3628 1747 3831 1817 ἀρετῆς
3861 1765 4032 1816 φρον-

2446 1838 2744 1908 τιστήριον,
2782 1838 2877 1890 καὶ
2911 1837 3178 1908 διηγεῖται
3212 1839 3271 1889 τὸ
3299 1838 3540 1906 γεγονὸς,
3567 1840 3661 1892 καὶ
3696 1838 4031 1909 συγγνώμην

2448 1931 2608 1995 αἰτεῖ,
2639 1930 2732 1982 καὶ
2754 1929 3019 1998 λαμϐάνει
3048 1931 3147 1998 τῆς
3182 1929 3558 2001 πλημμελείας
3590 1929 3688 2000 τὴν
3714 1931 3936 1999 ἄφεσιν,
3971 1931 4032 1982 οὐ

2448 2022 2633 2090 φωνῆς
2667 2019 3049 2092 φθεγξαμένης
3069 2021 3332 2086 ἀκούσας,
3365 2022 3508 2074 ’ἀλλὰ
3535 2021 3624 2074 διὰ
3648 2021 3758 2073 τῶν
3780 2022 3882 2090 τῆς
3919 2039 4034 2091 χει.

2450 2116 2540 2184 ρος
2572 2115 2888 2184 κινημάτων
2923 2112 3253 2184 καταμαθὼν
3275 2113 3375 2183 τὴν
3402 2114 3709 2182 εὐμένειαν.
3743 2114 3943 2177 Ἀλλος
3977 2115 4032 2166 δέ

2446 2225 2569 2270 τις,
2616 2207 2880 2276 κακοήθει
2933 2206 3438 2278 πολυπραγμοσύνῃ
3491 2207 3855 2276 χρησάμενος,
3941 2211 4035 2260 καὶ

2449 2299 2651 2369 γνῶναι
2680 2299 2924 2370 ποθήσας
2959 2301 3010 2352 τί
3039 2299 3182 2370 δρῶν
3210 2299 3428 2353 ἅπαντα
3448 2300 3540 2352 τὸν
3559 2299 3748 2369 χρόνον
3778 2300 4033 2359 διετέλει,

2451 2395 2530 2456 εἰς
2569 2393 2668 2463 τὴν
2707 2393 2856 2464 παρὰ
2907 2392 2986 2463 τῷ
3042 2393 3276 2463 θριγκίῳ
3310 2393 3727 2462 πεφυτευμένην
3759 2393 4036 2445 πλάτανον

2450 2487 2721 2555 ἀναϐῆναι
2751 2484 3122 2556 τετόλμηκεν*
3162 2484 3299 2537 ἀλλὰ
3347 2483 3660 2554 παραυτίκα
3686 2485 3784 2550 τῆς
3825 2483 4036 2552 τόλμης

2449 2578 2712 2650 ἐδρέῲατο
2744 2579 2870 2640 τοὺς
2903 2575 3168 2647 καρπούς.
3197 2576 3271 2628 Τὸ
3305 2576 3413 2644 γὰρ
3440 2577 3613 2646 ἣμισυ
3654 2575 3746 2628 τοῦ
3779 2574 4040 2644 σώματος

2451 2670 2548 2724 ἀπ’
2607 2670 2782 2740 ἄκρας
2829 2669 3077 2740 κορυφῆς
3129 2669 3288 2737 μέχρι
3333 2669 3442 2720 τῶν
3494 2667 3669 2721 ποδῶν
3715 2668 4036 2738 λυμανθεὶς,

2455 2760 2642 2828 ἱκέτης
2673 2760 2889 2828 ἐγένετο
2922 2759 3020 2827 τῆς
3063 2757 3376 2828 ἁμαρτάδος
3403 2757 3744 2827 κατηγορῶν.
3780 2757 3840 2808 '0
3876 2755 3934 2807 δὲ
3971 2759 4038 2823 τῇ

2452 2853 2594 2920 τομῇ
2620 2852 2718 2919 τῆς
2743 2848 3014 2901 πλατάνου
3040 2847 3138 2918 τὴν
3163 2846 3349 2914 ὑγείαν
3379 2847 3597 2898 ἔσεσθαι
3630 2853 4036 2915 προεμήνυσεν.

2456 2942 2576 2994 Ἵνα
2601 2942 2710 3010 γὰρ
2745 2941 2822 3010 μὴ
2857 2942 2950 2992 καὶ
2992 2939 3179 3008 ἕτερος
3209 2940 3278 2991 τὰ
3309 2940 3400 2991 ἴσα
3430 2938 3633 3008 δράσας
3663 2939 3938 3011 ὑπομείνῃ
3970 2941 4041 2990 τὰ

2455 3036 2568 3097 τσα,
2600 3032 2876 3102 τμηθῆναι
2906 3031 3223 3101 παραυτίκα
3261 3029 3322 3082 τὸ
3353 3029 3566 3098 δένδρον
3597 3028 3904 3080 ἐκέλευσεν.
3944 3030 4039 3080 Εἰ-

762 3145 896 3181 πετο
936 3129 990 3181 δὲ
1011 3131 1078 3198 τῇ
1102 3130 1242 3198 τομῇ
1272 3126 1492 3196 καὶτῆς
1521 3126 1790 3195 τιμωρίας
1827 3125 2058 3194 ήλύσις.
2093 3125 2346 3198 Τοσαύτη
2387 3127 2486 3196 μὲν
2550 3122 2644 3180 οὖν
2683 3120 2838 3189 οὗτος
2875 3129 2904 3180 ὁ
2954 3127 3238 3187 θεσπέσιος
3283 3125 3555 3194 ἐχρήσατο
3604 3125 3668 3193 τῇ
3745 3123 4037 3193 καρτερίᾳ,

759 3220 1029 3290 τοσαύτην
1062 3221 1118 3272 δὲ
1174 3217 1324 3287 παρὰ
1355 3215 1448 3268 τοῦ
1500 3215 1838 3283 ἀγωνοθέτου
1869 3215 1967 3286 τὴν
2017 3217 2181 3286 χάριν
2223 3217 2462 3284 ἐδέξατο.

833 3318 968 3370 Cum
1007 3327 1138 3367 vero
1171 3313 1236 3366 ad
1261 3311 1573 3366 discessum
1601 3325 1667 3364 ex
1699 3309 1802 3363 hac
1839 3309 1950 3363 vita
2000 3325 2059 3364 se
2091 3309 2342 3377 accinge-
2373 3319 2416 3375 ε

761 3419 866 3470 ret,
912 3405 1176 3477 postdies
1209 3404 1608 3473 quinquaginta
1659 3403 1984 3456 moriturum
2026 3417 2085 3456 se
2139 3401 2352 3472 signifi-

763 3503 928 3554 cavit.
967 3506 1020 3549 ct
1060 3496 1316 3548 omnibus
1375 3495 1468 3561 qui
1509 3493 1709 3547 vellent
1742 3493 1953 3546 visendi
2017 3493 2102 3547 sui
2131 3493 2348 3560 eopiam

765 3585 913 3637 fecit.
949 3581 1011 3634 Et
1045 3597 1168 3634 cum
1216 3579 1478 3634 Ecclesia:
1517 3594 1735 3650 quoque
1780 3579 2026 3649 pontifex
2089 3583 2348 3645 venisset,

765 3678 992 3748 urgebat
1014 3690 1137 3729 eum
1181 3684 1239 3727 ut
1276 3674 1578 3742 presbyteri
1605 3673 1794 3743 jugum
1836 3673 2072 3740 subiret,
2114 3695 2131 3726 ι
2182 3674 2341 3742 Novi,

766 3771 973 3832 dicens,
1005 3783 1038 3821 ο
1064 3767 1247 3828 Pater,
1277 3775 1331 3818 et
1377 3766 1733 3834 philosophia:
1790 3777 1895 3820 tuae
1934 3767 2350 3830 sublimitatem,

765 3873 818 3916 et
855 3861 1051 3930 inopiae
1089 3873 1223 3912 mem
1277 3856 1738 3927 magnitudinem.
1793 3855 2182 3912 Verumtamen
2216 3873 2352 3927 pon-

765 3955 1006 4007 tiﬁcatus
1047 3966 1273 4004 munere
1299 3949 1555 4018 fungens,
1597 3965 1692 4018 per
1728 3949 1832 4002 hoc
1859 3965 1958 4019 ego
1986 3965 2207 4012 munus,
2244 3966 2351 4003 non

768 4064 862 4117 per
885 4049 1030 4099 illaut
1057 4043 1434 4098 ordinationes
1457 4056 1679 4110 perago.
1715 4041 1897 4106 Quare
1925 4043 2132 4110 accipe,
2157 4043 2351 4111 inquit,

767 4143 971 4194 donum
997 4136 1312 4197 sacerdotii,
1338 4135 1680 4188 ministrante
1701 4134 1924 4203 quidem
1947 4133 2170 4188 dextera
2213 4149 2354 4196 mea,

769 4233 861 4287 sed
887 4239 1177 4301 praistante
1210 4227 1453 4296 Spiritus
1476 4225 1654 4282 sancti
1690 4227 1889 4294 gratia.
1936 4244 1952 4277 ι
1986 4226 2068 4280 Ad
2121 4227 2234 4279 haec
2285 4227 2357 4279 ita

771 4325 1122 4394 respondisse
1189 4320 1446 4374 dicitur:
1511 4337 1527 4367 ι
1593 4317 1863 4380 Quoniam
1913 4319 2104 4388 paucis
2163 4318 2360 4372 abhinc

772 4418 963 4470 diebus
995 4431 1025 4467 e
1061 4415 1166 4465 vita
1197 4413 1546 4466 discessurus
1570 4427 1713 4473 sum,
1753 4411 1820 4463 de
1851 4412 1935 4464 Itis
1973 4411 2196 4464 minime
2221 4425 2351 4463 con-

774 4507 1013 4562 tendam.
1048 4504 1339 4557 Enimvero
1362 4502 1408 4555 si
1438 4501 1646 4555 diutius
1674 4500 1920 4556 victurus
1967 4516 2166 4566 essem,
2198 4516 2362 4571 grave

774 4610 830 4653 et
871 4597 1214 4652 tremendum
1273 4593 1570 4648 sacerdotii
1627 4609 1770 4648 onus
1807 4595 1966 4663 plane
2005 4592 2310 4662 refugerent
2341 4635 2354 4658 ,

775 4691 1109 4748 reddendam
1206 4686 1439 4756 depositi
1554 4686 1821 4742 rationem
1915 4689 2360 4757 perhorrescens.

781 4785 991 4854 1221
1025 4781 1127 4835 Sed
1159 4781 1288 4850 quia
1322 4778 1470 4833 brevi
1505 4778 1589 4832 his
1608 4781 1865 4833 omnibus
1921 4781 2127 4835 relictis
2179 4779 2362 4832 abitu-

780 4895 875 4932 rus
907 4891 1047 4938 smn,
1079 4874 1253 4942 jussis
1283 4872 1482 4942 parebo
1525 4887 1634 4925 non
1684 4872 1908 4926 invitus.
1943 4891 1987 4941 ι,
2020 4871 2138 4925 Mox
2179 4871 2364 4939 igitur,

779 4969 1012 5022 ducente
1041 4965 1275 5028 nemine,
1311 4965 1396 5020 hic
1427 4964 1657 5035 genibus
1691 4961 1845 5017 ﬂexis
1890 4964 2119 5031 gratiam
2177 4977 2370 5030 exspe-

780 5060 983 5119 ctabat,
1007 5058 1095 5112 ille
1127 5073 1344 5111 manum
1370 5062 1386 5079 ‘
1414 5059 1699 5127 imponens
1730 5053 1956 5124 Spiritui
1987 5055 2372 5108 famulahatur.

783 5146 1105 5201 Sacerdotio
1134 5154 1314 5199 autem
1370 5147 1557 5214 paucis
1605 5147 1798 5200 diebus
1841 5153 2141 5214 superstes,
2200 5146 2366 5198 vitam

787 5254 908 5292 rum
942 5238 1048 5289 vita
1080 5239 1458 5302 cmnmutavit,
1485 5247 1875 5307 expertemque
1910 5239 2049 5292 senii
2077 5249 2130 5291 et
2159 5238 2370 5292 doloris

784 5345 883 5401 pro
928 5331 1114 5384 multis
1145 5331 1298 5384 curis
1321 5331 1556 5385 obnoxia
1602 5331 1831 5383 sortitus
1861 5341 1963 5384 est.
1999 5328 2214 5398 Corpus
2245 5345 2373 5384 vero

785 5440 908 5479 cum
947 5439 1138 5492 rapere
1161 5439 1356 5477 omnes
1390 5424 1606 5486 vellent,
1644 5438 1706 5474 ac
1746 5437 1903 5476 smnn
1930 5423 2165 5491 quisque
2208 5422 2259 5475 in
2294 5424 2373 5476 vi-

787 5531 910 5570 cum
956 5515 1256 5569 transferre
1323 5515 1588 5577 studeret,
1645 5512 1867 5583 quidam
1909 5513 2147 5566 revelato
2196 5513 2374 5566 sancti

790 5607 1143 5677 jurejurando
1167 5608 1315 5661 litem
1352 5607 1591 5660 diremit.
1610 5605 1968 5660 Sacramento
1994 5605 2138 5659 enitn
2170 5606 2373 5659 astrin-

789 5702 936 5756 xisse
968 5701 1114 5754 illum
1145 5702 1300 5764 dixit,
1336 5709 1392 5753 ut
1453 5700 1630 5768 ipsum
1666 5699 1766 5752 hoc
1813 5699 1865 5752 in
1916 5698 2036 5753 loco
2098 5699 2370 5768 sepeliret.

798 5791 977 5864 Usque
1035 5795 1167 5848 adeo
1228 5795 1349 5847 (mli
1417 5793 1628 5848 civibus
1696 5807 1840 5846 cura:
1891 5790 1987 5848 fuit
2035 5791 2198 5847 etiam
2258 5802 2376 5863 post

2532 3311 2723 3365 Ἡνίκα
2749 3311 2806 3364 δὲ
2831 3311 2931 3382 τήν
2960 3310 3209 3363 ἐντεῦθεν
3240 3310 3550 3381 ἀποδημίαν
3580 3309 3879 3374 ἐστέλλετο,
3909 3322 4042 3379 προ⁶

2455 3406 2730 3475 εσήμανεν
2767 3406 2843 3468 ὼς
2892 3406 3033 3474 μετὰ
3065 3404 3404 3473 πεντήκοντα
3439 3405 3652 3474 ἡμέρας
3687 3402 3900 3467 δέξεται
3943 3403 4039 3455 τοῦ

2457 3497 2572 3565 βίου
2604 3497 2666 3550 τὸ
2703 3497 2852 3559 τέλος
2874 3513 2888 3528 ·
2927 3496 3220 3562 ὑπεδέξατο
3251 3496 3309 3549 δὲ
3357 3497 3604 3559 ἅπαντας
3641 3497 3767 3558 τοὺς
3795 3496 3925 3548 ίδείν
3954 3495 4042 3548 θε-

2455 3589 2750 3660 λήσαντας.
2793 3588 3014 3658 Ἐπειδὴ
3044 3588 3100 3641 δὲ
3136 3589 3230 3642 καὶ
3263 3591 3290 3640 ὁ
3317 3589 3414 3656 τῆς
3454 3588 3779 3657 Ἐκκλησίας
3809 3587 4042 3655 ἀφίκετο

2458 3680 2744 3749 πρόεδρος,
2779 3681 3007 3750 ήπειγεν
3057 3678 3218 3731 αὑτὸν
3276 3676 3637 3742 ὑποδέξασθαι
3671 3674 3765 3728 τοῦ
3796 3675 4040 3746 πρεσϐυ-

2456 3772 2613 3842 τέρου
2641 3771 2737 3841 τὴν
2793 3770 3061 3840 ζεύγλην,
3107 3788 3123 3818 ι
3161 3765 3317 3830 Οἶδα,
3373 3767 3566 3836 λέγων,
3612 3761 3658 3820 ὦ
3692 3767 3896 3838 Πάτερ,
3946 3769 4042 3819 καὶ

2456 3864 2557 3931 τῆς
2585 3864 2685 3932 σῆς
2734 3862 3059 3930 φιλοσοφίας
3089 3862 3149 3914 τὸ
3190 3860 3344 3929 ὕψος,
3386 3861 3479 3915 καὶ
3522 3861 3617 3930 τῆς
3662 3859 3802 3929 ἐμῆς
3850 3860 4044 3921 πενίας

2458 3954 2556 4024 τὴν
2614 3953 2944 4024 ὑπερϐολήν.
2979 3953 3140 4005 Ἀλλά
3170 3953 3270 4020 τῆς
3309 3953 3722 4024 ἀρχιερωσύνης
3761 3952 3859 4020 τὴν
3900 3955 4046 4004 οἰκο-

2461 4047 2653 4115 νομίαν
2685 4046 3135 4110 πεπιστευμένος,
3175 4045 3349 4116 ταύτῃ
3380 4047 3478 4107 τὰς
3522 4044 3876 4115 χειροτονίας,
3928 4044 4043 4096 ἀλλ’

2460 4141 2561 4192 οὐκ
2618 4142 2804 4212 ἐκείνῃ
2845 4139 3245 4210 προϐάλλομαι.
3290 4137 3450 4202 Δέξαι
3499 4138 3716 4199 τοίνυν,
3769 4136 3898 4205 ἔφη,
3948 4138 4046 4203 τῆς

2464 4233 2764 4302 ἱερωσύνης
2793 4233 2851 4284 τὸ
2878 4231 3070 4302 δῶρον,
3110 4231 3206 4301 τῆς
3240 4231 3340 4300 μὲν
3365 4229 3506 4299 ἐμῆς
3525 4229 3706 4294 δεξιᾶς
3740 4228 4048 4298 ὑπουργού-

2465 4341 2584 4390 σης,
2619 4324 2720 4389 τῆς
2749 4325 2806 4376 δὲ
2845 4323 2939 4375 τοῦ
2985 4324 3251 4390 παναγίου
3293 4321 3609 4391 Πνεύματος
3638 4319 3797 4373 τοῦτο
3824 4322 4048 4390 χάριτος

2462 4415 2825 4486 χορηγούσης.
2867 4435 2884 4465 ι
2943 4415 3084 4481 Πρὸς
3131 4413 3304 4466 ταῦτα
3355 4415 3519 4481 φάναι
3579 4412 3832 4479 λέγεταιο
3875 4433 3894 4464 ‹
3927 4413 4049 4463 ’Ὅτι

2468 4510 2586 4577 μετ’
2636 4506 2830 4572 ὀλίγας
2899 4506 3152 4558 ἐντεῦθεν
3201 4506 3499 4575 εκδημήσω
3553 4504 3798 4573 ἡμέρας,
3848 4505 4050 4573 ἥκιστα

2466 4599 2594 4667 περὶ
2638 4597 2843 4648 τούτων
2877 4595 3249 4665 ζυγομαχήσω
3271 4611 3284 4624 ·
3334 4597 3381 4646 εί
3420 4595 3519 4664 μὲν
3556 4593 3664 4664 γάρ
3699 4594 3930 4662 ἔμελλον
3962 4596 4051 4645 ἐπὶ

2469 4690 2720 4741 πλεῖστον
2757 4686 3071 4754 βιώσεσθαι,
3108 4686 3346 4755 πάμπαν
3388 4685 3588 4752 ἔφυγον
3623 4685 3683 4737 τὸ
3720 4685 3860 4755 βαρὺ
3896 4686 4053 4738 τοῦτο

2471 4781 2566 4832 καὶ
2595 4779 2829 4850 φοϐερὸν
2862 4780 2959 4849 τῆς
2990 4775 3291 4849 ἱερωσύνης
3331 4775 3572 4846 φορτίον,
3605 4776 3702 4845 τῆς
3725 4792 4053 4845 παρακατα-

2475 4870 2649 4940 θήκης
2675 4871 2930 4942 ὀρρωδῶν
2959 4871 3058 4933 τὰς
3085 4868 3332 4930 εὐθύνας.
3377 4868 3595 4936 Ἐπειδὴ
3622 4867 3679 4920 δέ
3705 4868 3808 4920 οὐκ
3841 4871 3925 4930 εἰς
3959 4886 4051 4936 μα-

2476 4963 2615 5033 κράν
2642 4963 3014 5021 ἀπελεύσομαι
3048 4961 3364 5018 καταλιπὼν
3396 4961 3464 5013 τά
3509 4961 3658 5029 τῇδε,
3695 4961 3969 5025 εὐπειθῶς
4002 4965 4056 5016 τὸ

2481 5054 2839 5123 κελευόμενον
2867 5053 3106 5117 δέξομαι.
3147 5071 3164 5099 ι
3197 5051 3407 5106 Αὐτίκα
3432 5051 3630 5115 τοίνυν,
3659 5051 3878 5115 οὐδενὸς
3904 5055 4058 5121 ἄγονα

2474 5164 2584 5210 τος,
2619 5151 2645 5200 ὁ
2675 5148 2774 5217 μὲν
2790 5147 2864 5200 τὰ
2883 5147 3086 5211 γόνατα
3127 5147 3393 5215 κάμπτων
3429 5144 3526 5214 τὴν
3558 5144 3716 5214 χάριν
3774 5147 4056 5215 ἐνέμενεν,

2479 5245 2507 5295 ὁ
2557 5240 2740 5308 δὲτὴν
2790 5242 2948 5308 χεῖρα
2992 5237 3256 5296 ιπιτιθεὶς
3309 5235 3575 5306 ὕπούργει
3627 5237 3705 5304 τῲ
3755 5237 4055 5307 Πνεύματι.

2478 5335 2557 5403 Τῇ
2584 5333 2640 5384 δὲ
2679 5331 2952 5402 ἱερωσύνη.
2968 5332 3153 5398 ὀλίγας
3192 5327 3492 5390 ἐπιϐιώσας
3521 5329 3753 5398 ἡμέρας,
3795 5328 3916 5397 βίου
3954 5332 4061 5399 βίον

2479 5424 2768 5494 ἠλλάξατο,
2800 5427 2895 5476 καὶ
2930 5428 3022 5476 τὸν
3049 5423 3244 5493 αγήρω
3269 5423 3374 5482 καὶ,
3387 5421 3591 5475 ἄλυπον
3619 5421 3740 5473 ἀντὶ
3766 5420 3865 5472 τοῦ
3898 5423 4058 5475 πολ-,ιο

2486 5517 2764 5589 φρόντιδος
2795 5517 3006 5570 ἔλαϐεν.
3038 5503 3335 5583 ’Δρπάζειν
3357 5512 3410 5566 δὲ
3441 5513 3658 5567 πάντων
3693 5512 4066 5581 βουληθέντων

2483 5610 2545 5662 τὸ
2582 5609 2761 5678 σῶμα,
2791 5609 2883 5661 καὶ
2908 5610 2987 5671 εἰς
3018 5610 3116 5678 τὴν
3144 5605 3352 5660 οἰκείαν
3385 5608 3600 5676 ἑκάστῳ
3630 5605 3826 5675 κώμην
3860 5609 4063 5661 ἀποκο-

2489 5699 2666 5772 μίζειν
2705 5700 3176 5770 προαιρουμένων,
3213 5698 3460 5768 μηνύσας
3497 5716 3578 5760 τις
3616 5699 3709 5751 τοῦ
3740 5700 3902 5767 ἁγίου
3944 5705 4070 5765 τοὺς

2487 5797 2719 5866 ὅρκους,
2777 5793 2874 5861 τὴν
2919 5795 3034 5850 ἓοιν
3079 5792 3338 5849 διέλυσεν.
3406 5792 3676 5864 Ὀρκῶςαι
3740 5796 3849 5862 γὰρ
3909 5793 4070 5846 αὑτὸν
