4206 6456
188 429 250 501 Η
271 434 331 498 l7

1396 428 1795 493 RELIGIOSA
1842 427 2228 487 HISTORIA.

3296 413 3430 477 1M8

182 543 404 609 ἔφησεν,
438 538 496 590 ὲν
536 536 728 607 ἐκείνῳ
761 536 836 608 τῷ
869 538 1052 607 χωρίῳ
1100 537 1433 613 παραδοιζιναι
1466 535 1627 590 τοῦτο
1658 551 1756 588 ιτα-ε

1868 545 2091 589 mortem
2124 531 2479 601 simplicitas:
2515 531 2603 600 qui
2630 545 2804 599 neque
2833 530 2885 582 in
2928 527 3036 581 vita
3089 525 3231 581 altos
3268 528 3431 596 Spir;—

176 630 275 698 φῇ.
306 628 467 682 Οὕτω
517 628 612 681 καὶ
647 627 748 697 τῆς
785 632 922 697 μετὰ
972 627 1198 681 θάνατον
1240 626 1513 690 εὐτελείας
1559 627 1757 695 ἐπεμε-

180 717 372 770 λοῦντο
396 717 507 771 τῶν
530 717 775 790 οὐρανῶν
814 720 862 771 οί
894 717 1107 770 πολῖται
1128 733 1142 748 ⁸
1176 719 1270 770 καὶ
1314 716 1757 807 οὕτεὶπιιριόντες

180 807 331 877 μέγα
363 811 585 877 φρονεῖν
612 807 903 877 ἠνέσχοντο
936 806 1178 868 πώποτε,
1211 805 1305 859 καὶ
1333 805 1757 884 τελευτήσαντες

178 898 240 950 τὸ
285 899 442 968 παρὰ
481 896 783 969 ἀνθρώπων
809 900 909 951 οὐκ
958 897 1342 951 ἐπεσπάσαντο
1387 896 1585 967 γέραςο
1623 895 1760 949 ἀλλὰ

178 989 240 1042 τὺ
282 991 508 1062 φίλτρον
554 991 701 1045 ἅπαν
751 993 829 1052 εἰς
862 989 953 1043 τδν
998 990 1230 1061 νυμφίον
1268 990 1584 1060 μετέθεσαν,
1616 987 1761 1042 κατὰ

177 1079 275 1143 τὰς
338 1080 722 1150 σωφρονούσας
772 1083 1056 1149 γυναῖκας,
1108 1080 1163 1134 αἳ
1215 1080 1375 1152 παρὰ
1423 1081 1601 1151 μόνων
1650 1079 1759 1131 τῶν

178 1172 469 1240 ὁμοζύγων
521 1173 615 1226 καὶ
669 1172 941 1241 φιλεῖσθαι
988 1173 1081 1225 καὶ
1134 1173 1474 1226 ἐπαινεῖσθαι
1526 1169 1757 1225 σπουδά-

180 1262 359 1328 ζουσι,
418 1265 518 1333 τῆς
567 1266 696 1337 παρ’
748 1265 925 1319 ἄλλων
970 1267 1246 1337 εὐφημίας
1299 1264 1756 1335 καταφρονοῦσαι.

183 1354 393 1407 Τούτου
420 1357 579 1426 χάριν
608 1355 806 1419 αὐτοὺς
829 1359 856 1410 ό
890 1347 1122 1427 νυμιρίος
1156 1357 1249 1412 καὶ
1284 1359 1358 1428 μὴ
1402 1355 1761 1426 βουλομένους

183 1447 467 1516 ἀοιδίμους
514 1447 796 1520 ἀπέφηνε,
848 1449 939 1502 καὶ
992 1448 1092 1519 τῆς
1137 1449 1267 1519 παρ’
1317 1446 1627 1520 ἀνθρώποις
1674 1448 1761 1499 εὑ·

184 1537 375 1602 κλείας
412 1541 476 1592 ἐκ
513 1541 829 1615 περιουσίας
883 1540 1207 1610 μετέδωκεν.
1245 1540 1413 1592 Ὅταν
1444 1537 1549 1609 γάρ
1581 1554 1664 1602 τις
1692 1539 1761 1593 τά

187 1629 305 1687 θεῖα
332 1631 535 1701 μετιὼν
566 1633 687 1703 αἰτῇ
718 1632 786 1685 τὰ
823 1632 1067 1702 οὐράνια,
1103 1631 1427 1703 προστίθησι
1469 1633 1584 1702 μετ’
1616 1632 1761 1686 ὲκεί-

185 1738 293 1775 νων
340 1723 437 1773 xai.
464 1722 626 1791 ἔτερα
661 1720 974 1789 πάμπολλα,
1022 1720 1428 1782 πολλαπλασίας
1475 1720 1573 1784 τὰς
1612 1722 1765 1793 αἰτή-

187 1828 304 1873 σεις
334 1812 697 1882 δωρούμενος.
726 1813 897 1867 Τοῦτο
928 1813 1059 1881 γοῦν
1090 1814 1183 1867 καὶ
1216 1812 1521 1884 νομοθετῶν
1546 1813 1728 1881 ἔλεγεν
1747 1828 1760 1843 ο

1860 635 1950 679 tus
1979 631 2265 695 gesserunt
2285 635 2549 693 unquam,
2570 629 2624 675 et
2651 620 2849 675 mortui
2876 618 2945 674 ab
2982 617 3295 677 hominibus
3320 617 3431 687 glu-

1828 716 1831 719 ’
1861 717 1996 771 riam
2024 731 2130 769 non
2152 723 2441 785 captarunt
2478 731 2490 768 :
2521 712 2614 767 sed
2639 720 2811 766 totum
2837 726 3076 766 amorum
3097 711 3152 765 in
3168 723 3429 780 sponsum

1841 808 2264 863 transtulerunt
2319 806 2844 877 pudicarum'more
2884 802 3193 867 mulierum,
3232 816 3353 872 quas
3404 820 3430 851 ει

1862 900 1993 956 solis
2017 898 2341 968 conjugibus
2370 906 2425 951 et
2480 896 2648 949 amari
2681 903 2734 950 et
2772 894 2981 948 laudari
3016 893 3263 964 cupiunt,
3297 894 3433 946 alio-

1862 1005 2094 1061 rumque
2116 988 2304 1043 laudes
2333 996 2720 1059 aSpernantur.
2760 980 3066 1056 Eapropter
3106 984 3229 1038 illos
3271 999 3436 1053 spon-

1863 1098 1958 1137 sus
1984 1087 2080 1136 n‘ec
2102 1080 2345 1135 volentes
2374 1080 2551 1135 claros
2578 1093 2642 1132 ac
2689 1077 2928 1132 celebres
2978 1075 3232 1141 reddidit,
3264 1075 3439 1128 homi-

1865 1186 2101 1242 numque
2140 1170 2367 1241 gloriam
2389 1171 2765 1224 adcumulum
2794 1169 3083 1237 impertiit.
3120 1165 3254 1221 Nam
3312 1182 3432 1219 cum

1864 1261 2046 1318 divina
2071 1269 2289 1317 sectans
2337 1260 2608 1331 quispiam
2664 1259 2909 1314 caelestia
2946 1258 3101 1327 petit,
3150 1272 3253 1310 una
3310 1270 3434 1309 cum

1865 1352 1974 1406 illis
2006 1352 2191 1422 adjicit
2215 1359 2269 1405 et
2298 1350 2425 1416 alia,
2449 1350 2838 1420 multiplicatas
2866 1348 3103 1418 largiens
3125 1348 3435 1417 petitiones.

1865 1446 1979 1499 Hoc
2014 1445 2159 1499 enim
2189 1444 2363 1515 legem
2400 1444 2656 1498 sanciens
2714 1456 2933 1512 quoque
2966 1440 3141 1497 dixit:
3197 1459 3214 1493 ι
3269 1439 3441 1494 Petite

1865 1552 2091 1608 regnum
2123 1536 2215 1593 Dei
2239 1536 2577 1611 etjustitiam
2607 1534 2747 1605 ejus,
2775 1541 2828 1589 et
2867 1524 3064 1589 caetera
3125 1535 3309 1588 omnia
3342 1533 3439 1587 ad-

1862 1629 2124 1698 jicientur
2154 1630 2308 1685 vobis
2337 1636 2411 1695 ·;
2444 1647 2463 1680 ι
2500 1636 2554 1684 et
2584 1642 2810 1684 rursus:
2852 1646 2869 1679 ι
2910 1627 3013 1693 Qui
3038 1626 3318 1700 reliquerit
3344 1641 3440 1696 pa-

1866 1729 2005 1776 trem
2031 1730 2083 1775 et
2111 1729 2361 1783 matrem,
2389 1726 2442 1774 et
2466 1718 2769 1784 fratres,.et
2794 1732 3040 1783 uxorem,
3072 1724 3126 1773 et
3152 1718 3291 1771 ﬁlios
3316 1732 3443 1786 pru-

1872 1820 1989 1881 pter
2020 1826 2103 1865 me
2135 1820 2189 1865 et
2233 1810 2582 1881 Evangelium
2619 1826 2818 1873 meum,
2883 1818 2936 1865 et
2982 1809 3035 1879 in
3084 1809 3186 1863 hoc
3242 1809 3443 1863 szeculo

190 1921 209 1955 ι
232 1877 448 1957 Αίτεῖτε
485 1877 584 1975 τὴν
613 1904 890 1974 βασιλείαν
918 1877 1012 1958 τοῦ
1045 1905 1201 1971 Θεοῦ,
1231 1877 1323 1959 καὶ
1355 1904 1453 1976 τὴν
1490 1877 1764 1958 δικαιοσύ-

1872 1877 2185 1972 centuplum
2205 1877 2456 1972 accipiet,
2483 1902 2615 1957 etin
2646 1901 2828 1956 futuro
2850 1902 3015 1957 vitam
3032 1877 3301 1956 aeternam
3328 1914 3446 1973 pos-

183 2013 284 2065 νην
304 1992 494 2059 αὐτοῦ,
518 1996 609 2049 καὶ
634 1997 700 2050 τὰ
726 1996 890 2051 λοιπὰ
911 1998 1086 2051 πάντα
1111 1985 1540 2068 προστεθήσεται
1567 1997 1714 2066 ὑμῖν.
1743 2013 1760 2047 ι

152 2136 155 2137 ,
185 2084 299 2141 Καὶ
324 2084 486 2138 πάλιν
504 2100 519 2115 ··
551 2104 568 2135 ι
605 2086 665 2139 '0
696 2086 1123 2156 καταλιμπάνων
1148 2086 1379 2157 πατέρα,
1402 2087 1500 2139 -καὶ
1531 2086 1762 2159 μητέρα,

184 2175 280 2227 καὶ
310 2175 596 2243 ἀδελφοὺς,
634 2178 725 2229 καὶ
760 2180 1018 2245 γυναῖκα,
1061 2178 1155 2232 καὶ
1197 2177 1363 2232 τέκνα
1406 2178 1593 2231 ἕνεκεν
1630 2179 1764 2247 ἐμοῦ

185 2267 281 2318 καὶ
330 2267 426 2320 τοῦ
468 2268 799 2337 Εὑαγγελίου
862 2287 986 2341 μου,
1021 2271 1115 2323 καὶ
1161 2271 1220 2323 ὲν
1257 2262 1334 2340 τῷ
1386 2270 1542 2324 αἰῶνι
1589 2272 1765 2342 τούτῳ

184 2359 718 2413 ἑκατονταπλασίονα
744 2361 993 2431 λήψεται,
1027 2361 1121 2417 καὶ
1142 2361 1200 2417 ἐν
1232 2361 1311 2431 τῷ
1345 2361 1592 2430 μέλλοντι
1617 2360 1761 2431 ζωὴν

183 2448 409 2505 αἰώνιον
438 2450 857 2523 κληρονομήσει.
888 2473 905 2504 ι
944 2453 1131 2507 Ταῦτα
1166 2453 1376 2523 εἴρηκε,
1405 2454 1499 2505 καὶ
1531 2453 1762 2524 πεποίη-

1872 1991 2071 2047 sidebit
2100 2001 2146 2046 ιι.
2184 2012 2207 2045 ι
2247 1990 2370 2046 Πεο
2413 2000 2468 2047 et
2513 1989 2650 2045 dixit
2699 1998 2754 2045 et
2805 1991 3015 2060 1222
3074 1989 3224 2044 fecit.
3276 1987 3446 2043 Nobis

1873 2093 2084 2143 veroet
2114 2100 2368 2140 sermone
2394 2094 2446 2141 et
2493 2100 2658 2155 opere
2717 2086 2970 2150 eruditis,
3028 2091 3192 2155 atque
3248 2085 3443 2138 horum

1871 2177 2126 2246 precibus
2185 2176 2453 2242 subnixis,
2506 2177 2715 2231 utinam
2753 2177 3036 2246 contingat
3094 2175 3161 2229 ad
3215 2190 3444 2246 scopum

1870 2270 2203 2331 collineare,
2258 2268 2323 2321 ad
2378 2267 2623 2322 bravium
2687 2254 2952 2337 supernae
2992 2266 3331 2331 vocationis,
3390 2265 3448 2319 in

1870 2359 2093 2415 Christo
2126 2357 2254 2414 Jesu
2294 2358 2521 2413 Domino
2552 2370 2764 2425 nostro,
2804 2357 2892 2413 cui
2920 2357 3097 2412 honor
3128 2357 3181 2411 in
3223 2355 3444 2410 saicula.

1872 2450 2062 2508 Amen.

183 2560 303 2596 κεν.
341 2545 519 2616 Ἠμᾶς
543 2547 597 2599 δὲ
623 2548 727 2617 εἴη.
761 2549 853 2599 καὶ
881 2546 1024 2616 λόγῳ
1054 2546 1496 2615 παιδευομένους,
1532 2547 1627 2599 καὶ
1647 2548 1765 2609 ταῖς
1840 2545 2046 2601 τούτων
2102 2549 2433 2617 προσευχαῖς
2480 2543 2956 2616 ἐπερειδομένους,
3025 2540 3167 2595 κατὰ
3247 2540 3449 2594 σκοπὸν

183 2635 376 2701 διῶξαι
418 2638 509 2690 ἐπὶ
543 2639 603 2691 τὸ
646 2639 897 2710 βραϐεῖον
947 2642 1046 2709 τῆς
1094 2638 1205 2699 ἄνω
1238 2638 1501 2709 κλήσεως,
1533 2640 1589 2691 ὲν
1628 2637 1848 2709 Χριστῷ
1888 2636 2059 2705 Ἰησοῦ
2095 2639 2172 2709 τῷ
2250 2638 2438 2709 Κυρίῳ

184 2734 412 2795 αἰῶνας.
450 2734 644 2806 Ἀμήν,

199 2807 211 2816 ’
724 2824 838 2894 iq'.
871 2857 939 2867 -
973 2826 1233 2880 ΜΑΡοΝ.

255 2918 528 2988 Μάρωνος
590 2919 727 2990 μετά
790 2919 995 2972 τούτων
1049 2916 1469 2988 μνησθήσομαιο
1520 2918 1614 2972 καὶ
1660 2916 1766 2987 γὰρ

186 3004 342 3072 οὗτος
379 3010 472 3063 τὸν
511 3010 655 3062 θεῖον
691 3008 801 3062 τῶν
839 3009 1011 3076 ἁγίων
1042 3006 1200 3078 χορὸν
1238 3006 1641 3078 κατεκόσμησε.
1664 3007 1769 3059 Τὸν

187 3100 463 3171 ὕπαιθρον
482 3099 591 3170 γάρ
630 3100 1020 3168 ἀσπασάμενος
1054 3097 1189 3167 βίον,
1225 3097 1470 3167 κορυφήν
1492 3114 1610 3149 τινα
1645 3107 1770 3148 κατ-

187 3193 403 3255 έλαϐεν,
450 3191 555 3246 ὑπὸ
599 3191 709 3245 τῶν
744 3191 906 3244 πάλαι
957 3188 1231 3242 δυσσεὸὠν
1277 3189 1632 3261 τιμωμένην·
1670 3190 1765 3241 καὶ

185 3285 247 3337 τὸ
274 3287 333 3337 ἐν
368 3286 508 3355 αὐτῇ
539 3283 646 3335 τῶν
689 3282 957 3352 δαιμόνων
986 3281 1211 3350 τέμενος
1242 3280 1319 3350 τῷ
1350 3280 1470 3352 Θεῷ
1504 3277 1769 3335 καθοσιώ-
1797 3310 1840 3369 c

190 3394 312 3443 σας,
350 3378 410 3429 ἐν
438 3375 589 3445 αὐτῷ
614 3376 875 3445 διέτριψε,
906 3375 1110 3446 σκηνήν
1143 3390 1265 3425 τινα
1297 3372 1554 3443 βραχεῖαν
1598 3371 1770 3441 πηξά-

192 3485 376 3538 μενος,
403 3468 651 3536 ὀλιγάκις
666 3466 722 3520 δὲ
745 3467 915 3536 ταύτῃ
941 3465 1305 3535 χρησάμενος.
1340 3463 1529 3526 Πόνοις
1561 3464 1621 3515 οὐ
1654 3464 1767 3523 τοῖς

190 3556 443 3609 εἰωθόσιν
474 3558 744 3626 ἐχρήσατο
769 3556 971 3623 μόνοις,
1004 3553 1139 3607 ἀλλὰ
1162 3554 1256 3606 καὶ
1292 3554 1512 3623 ἑτέρους
1535 3552 1764 3617 ἐπενόει,

189 3647 289 3717 τῆς
343 3648 660 3716 φιλοσοφίας
716 3645 1081 3719 συναθροίζων
1138 3645 1229 3699 τὸν
1284 3644 1530 3698 πλοῦτον.
1600 3645 1660 3697 '0
1713 3644 1767 3697 δὲ

192 3739 545 3806 ἀγωνοθέτης
602 3742 713 3803 τοῖς
763 3739 946 3802 πόνοις
1004 3738 1101 3808 τὴν
1153 3738 1313 3808 χάριν
1369 3737 1763 3808 ὲπεμέτρησεν.

194 3826 351 3881 υῦτω
380 3829 490 3899 γὰρ
539 3828 689 3898 αὐτῷ
732 3828 999 3891 πλουσίως
1048 3829 1076 3879 ὁ
1124 3826 1503 3898 μεγαλόδωρος
1552 3828 1612 3879 τὸ
1658 3828 1769 3880 τῶν

196 3907 443 3988 ἰαμάτων
466 3918 776 3988 ἐδωρήσατο
809 3918 1074 3987 χάρισμα,
1106 3917 1181 3980 ὼς
1212 3915 1487 3987 πανταχοῦ
1518 3919 1616 3987 μὲν
1640 3918 1769 3971 τοῦ-

194 4029 286 4064 του
311 4010 375 4062 τὸ
405 4008 559 4073 κλέος
588 4009 925 4080 διαδραμεῖν,
965 4010 1171 4072 πάντας
1206 4009 1263 4061 δὲ
1302 4008 1564 4061 πάντοθεν
1610 4008 1766 4077 seu-

195 4102 413 4165 κεσθαι,
445 4102 541 4155 καὶ
569 4103 634 4171 τῇ
666 4101 829 4173 πείρᾳ
865 4099 1072 4165 διδάξαι
1112 4100 1209 4170 τῆς
1243 4100 1434 4170 φήμης
1465 4099 1526 4152 τὸ
1551 4099 1765 4170 ἀληθές.

193 4191 303 4250 Ἦν
327 4194 437 4265 γάρ
475 4193 620 4260 ίδεῖν,
658 4194 751 4245 καὶ
777 4194 1044 4266 πυρετοὺς
1070 4191 1465 4260 σϐεννυμένους
1493 4194 1557 4261 τῇ
1593 4192 1768 4262 δρόσῳ

193 4289 295 4358 τῆς
326 4286 598 4355 εὐλογίας,
632 4285 727 4339 xai.
772 4286 974 4355 φρίκην
1005 4285 1337 4354 παυομένην,
1372 4284 1467 4336 καὶ
1509 4283 1769 4355 δαίμονας

193 4378 647 4449 δραπετεύοντας,
696 4377 789 4431 καὶ
837 4375 1153 4428 παντοδαπᾶ
1192 4374 1287 4427 καὶ
1342 4373 1559 4428 ποικίλα
1606 4377 1768 4446 νοσή-

198 4488 347 4541 ματα
382 4469 465 4522 ἑνὶ
502 4468 779 4539 φαρμάκῳ
807 4466 1240 4538 θεραπευόμενα.
1278 4467 1499 4537 ’ἰατρῶν
1530 4466 1628 4535 μὲν
1662 4466 1768 4539 γὰρ

195 4563 386 4625 παῖδες
433 4562 650 4631 ἑκάστῳ
698 4559 981 4630 παθήματι
1022 4558 1354 4627 κατάλληλον
1399 4558 1769 4629 προσφέρουσι

2518 2636 2695 2710 ἡμῶν,
2816 2637 2918 2707 ηή
2995 2636 3119 2700 δόξα
3170 2636 3248 2698 είς
3322 2634 3448 2696 τοὺς

2408 2814 2649 2874 XVI..—
2668 2812 2879 2871 MARO.

1939 2914 2210 2970 Maronem
2252 2922 2375 2984 post
2408 2913 2571 2967 istum
2619 2909 3086 2975 commemorabo,
3123 2926 3246 2965 nam
3275 2919 3330 2967 et
3360 2912 3451 2967 hic

1866 3022 2087 3078 quoque
2137 3006 2387 3061 divinum
2467 3012 2793 3061 sanctorum
2856 3002 3084 3057 chorum
3142 3005 3450 3061 exornavit.

1868 3100 2045 3155 Vitam
2063 3100 2209 3154 enim
2248 3099 2352 3154 sub
2376 3098 2467 3153 dio
2487 3113 2647 3167 agere
2664 3111 2789 3151 cum
2819 3095 3170 3159 instituisset,
3198 3097 3452 3154 verticem
3538 3114 3546 3127 λ

1867 3192 2067 3248 montis
2096 3190 2408 3261 occupavit,
2460 3190 2515 3243 in
2573 3188 2781 3242 honore
2819 3187 2951 3241 olim
3008 3186 3255 3242 habitum
3308 3190 3453 3259 apud

1878 3285 2095 3354 impios,
2119 3283 2537 3351 daemonumque
2584 3280 2871 3337 delubrum
2936 3279 3046 3335 Deo
3099 3294 3450 3345 consecrans,

1879 3375 1931 3429 in
1988 3389 2054 3429 eo
2094 3381 2345 3429 versatus
2382 3379 2489 3438 est,
2531 3386 2700 3443 parvo
2753 3376 3038 3434 exstructo
3073 3371 3452 3437 tabernaculo,

1876 3481 1984 3535 quo
2014 3473 2192 3520 tamen
2226 3479 2351 3519 raro
2388 3479 2521 3519 usus
2544 3472 2649 3517 est.
2689 3461 2994 3516 Laboribus
3024 3470 3206 3518 autem
3244 3480 3303 3519 se
3335 3480 3445 3519 non

1877 3557 2040 3611 modo
2076 3556 2359 3612 consuetis
2386 3554 2701 3619 exercebat,
2745 3554 2839 3609 sed
2890 3554 3029 3609 alios
3076 3555 3453 3643 excogitabat’

1881 3645 2242 3716 philosophiae
2306 3660 2437 3714 Opes
2497 3645 2885 3702 accumulans:
2934 3650 3262 3715 agonotheta
3325 3663 3457 3701 vero

1878 3738 2105 3811 gratiam
2136 3752 2299 3807 supra
2339 3736 2554 3791 labores
2610 3737 2889 3791 dimensus
2946 3744 3051 3791 est.
3089 3737 3450 3793 Curationum

1876 3832 2020 3885 enim
2050 3830 2252 3885 donum
2282 3836 2388 3883 tam
2426 3826 2644 3884 abunde
2664 3828 2742 3883 illi
2768 3832 2783 3849 '
2808 3828 3037 3900 largitus
3062 3830 3456 3886 estmunilicns

1878 3920 2042 3985 Deus,
2068 3932 2121 3974 ut
2151 3935 2342 3976 omnes
2373 3921 2427 3975 in
2463 3936 2588 3975 oras
2624 3920 2743 3989 ejus
2776 3919 2918 3974 fama
2966 3921 3306 3990 pervaderet,
3338 3937 3458 3976 om-

1876 4028 2086 4081 nesque
2119 4012 2361 4081 undique
2406 4014 2727 4077 attraherct,
2761 4021 2813 4065 et
2848 4009 3006 4066 tanta:
3041 4011 3327 4068 veritatem
3362 4028 3458 4067 ex-

1879 4104 2138 4174 perientia
2179 4104 2419 4158 doceret.
2454 4101 2650 4157 Videre
2678 4118 2914 4173 namque
2971 4112 3089 4157 erat
3117 4103 3456 4158 benedictio-

1877 4193 1964 4249 nis
1989 4208 2111 4248 rore
2139 4176 2442 4250 exstinctas
2508 4192 2708 4254 febres.
2754 4204 2807 4247 et
2844 4193 3125 4248 horrorem
3181 4194 3454 4253 sedatum.

1875 4292 1930 4337 et
1958 4283 2232 4338 dacmones
2261 4284 2313 4337 in
2353 4284 2531 4353 l‘ugam
2568 4293 2743 4347 actos,
2790 4292 2844 4336 et
2896 4284 3149 4338 diversos
3207 4286 3454 4338 omnium

1876 4386 2136 4444 generqu
2170 4373 2388 4429 morbos
2431 4388 2540 4427 uno
2602 4373 2902 4442 pharmaCO
2951 4382 3195 4428 sanatos.
3261 4373 3454 4429 Medici

1876 4463 2077 4534 quippe
2099 4462 2399 4533 unicuique
2421 4463 2612 4517 morbo
2632 4477 2790 4517 suum
2816 4457 3409 4533 applicautremedium
3436 4482 3451 4516 :

1877 4564 2192 4611 sanctorum
2224 4563 2405 4610 autem
2433 4556 2611 4610 oratio
2656 4570 2946 4609 commune
2976 4554 3135 4608 malis
3194 4555 3456 4609 omnibus

194 4655 492 4723 φάρμακον
517 4671 528 4683 ·
564 4656 597 4722 ἡ
630 4653 686 4705 δὲ
728 4651 836 4706 τῶν
876 4653 1047 4719 ἁγίων
1100 4650 1381 4722 προσευχὴ
1431 4651 1607 4703 κοινόν
1655 4652 1766 4703 ἐστι

1875 4657 1959 4704 est
1989 4649 2314 4703 remedium.
2345 4646 2453 4703 Nec
2482 4662 2607 4702 vero
2648 4662 2940 4717 corporum
2972 4655 3184 4702 tantum
3231 4647 3456 4718 aegritu-

194 4744 390 4796 παθῶν
418 4742 881 4811 ἀλεξιφάρμακον.
912 4743 985 4793 Οὔ
1025 4740 1183 4811 μόνον
1220 4741 1277 4799 δὲ
1317 4741 1415 4804 τὰς
1454 4741 1772 4809 σωματικὰς

194 4834 514 4909 ἀρρωστίας
556 4835 693 4898 ἰᾶτο,
736 4832 872 4886 ἀλλὰ
914 4833 1006 4885 καὶ
1060 4835 1190 4892 ταῖς·
1213 4831 1413 4903 ψυχαῖς
1455 4832 1556 4900 τὴν
1606 4833 1773 4901 πρόσ-

198 4937 367 4991 φορον
408 4919 708 4989 θεραπείαν
745 4918 1073 4991 προσέφερε,
1099 4918 1291 4971 τούτου
1328 4920 1425 4989 μὲν
1450 4919 1546 4987 τὴν
1585 4921 1776 4973 πλεον·

196 5011 372 5076 εξίαν,
416 5010 626 5062 ἐκείνου
656 5010 713 5063 δὲ
755 5010 846 5063 τὸν
885 5008 1056 5081 θυμὸν
1106 5010 1404 5081 ίατρεύων·
1456 5011 1548 5065 xui.
1599 5012 1774 5083 τούτῳ

198 5105 301 5173 μὲν
328 5102 428 5174 τὴν
468 5102 597 5172 περὶ
649 5100 1005 5172 σωφροσύνης
1048 5101 1396 5156 διδασκαλίαν
1427 5096 1769 5174 προσφέρων,

195 5196 395 5266 ἐκείνῳ
431 5193 488 5247 δὲ
540 5192 852 5263 προστιθεὶς
893 5194 962 5246 τά
1014 5193 1112 5263 τῆς
1149 5193 1496 5262 δικαιοσύνης
1548 5196 1769 5249 παιδεύ-

198 5300 347 5355 ματα
367 5299 382 5312 ·
413 5300 506 5335 και
532 5280 626 5335 τοῦ
661 5280 759 5352 μὲν
793 5281 891 5353 τὴν
916 5281 1246 5341 ἀκολαστίαν
1278 5284 1570 5347 παιδεύων,
1597 5285 1689 5338 τοῦ
1714 5285 1771 5338 δὲ

194 5377 260 5431 τὸ
287 5375 497 5449 νωθρὸν
530 5374 833 5448 διεγείρων.
868 5373 1052 5447 Ταύτῃ
1102 5374 1381 5447 χρώμενος
1413 5380 1479 5448 τῇ
1506 5378 1770 5450 γεωργίᾳ,

270 5565 313 5595 ιη
342 5554 529 5609 Matth.
562 5571 635 5615 vr,
668 5554 757 5607 '55.
852 5561 880 5590 π
908 5554 1098 5607 Matth.
1132 5571 1242 5608 xix.
1282 5552 1382 5609 29.

1874 4740 2031 4794 dines
2057 4740 2307 4801 curabat.
2340 4737 2651 4794 sed'animis
2674 4737 2838 4792 etiam
2874 4743 3266 4806 congruentem
3297 4750 3456 4789 cura-

1878 4831 2077 4885 tionem
2124 4828 2441 4891 adhibebat,
2476 4827 2640 4895 hujus
2689 4841 2894 4882 sanans
2940 4823 3250 4888 avaritiam,
3307 4823 3455 4876 illius

1882 4920 2259 4986 iracundiam;
2313 4919 2442 4973 huic
2471 4920 2842 4986 temperantia:
2870 4917 3177 4971 doctrinam
3206 4915 3452 4973 tradens.

1880 5013 1957 5067 illi
1985 5011 2195 5083 1223
2222 5020 2491 5081 praecepta
2524 5009 2659 5063 dans
2687 5009 2917 5079 justitias
2938 5051 2952 5075 ,
2982 5007 3146 5078 hujus
3169 5006 3451 5077 castigans

1885 5103 2338 5159 incontinentiam
2370 5141 2385 5164 ,
2430 5100 2575 5154 illius
2629 5100 2876 5154 excitans
2920 5096 3249 5152 socordiam.
3302 5094 3453 5147 llam:

1879 5210 2138 5253 exercens
2165 5193 2558 5265 agriculturam
2611 5192 2811 5248 multas
2851 5189 3211 5263 philosophia:
3238 5188 3453 5259 plantas

1878 5287 2083 5350 eduxit,
2117 5298 2169 5341 et
2194 5288 2412 5340 hortum
2439 5284 2718 5356 hunc,qui
2778 5284 2831 5338 in
2870 5283 2995 5354 Cyri
3032 5281 3254 5351 regione
3307 5293 3453 5333 nunc

1878 5379 2051 5443 ﬂoret,
2080 5379 2189 5435 Deo
2230 5379 2347 5450 ipse
2379 5379 2647 5437 consevit.
2686 5375 2860 5447 Hujus
2912 5372 3271 5444 plantationis
3313 5383 3451 5456 opus

1476 5704 1711 5759 VARIA‘I
1757 5704 2153 5761 [.ECTIONES.

275 5805 449 5862 "Haec
470 5826 487 5861 ι
520 5797 566 5874 ᾧ
595 5834 667 5845 --
695 5805 864 5876 ἀμην,
905 5805 1107 5859 absunt
1140 5804 1209 5857 ab
1244 5802 1463 5858 llervcti
1496 5802 1769 5858 versione.

488 5900 759 5966 Pt'tadt.
799 5900 916 5961 tia.
973 5899 1290 5964 LXXXII.

3062 5888 3137 5959 £95
