4206 6456
197 375 326 441 1421

1387 372 1788 434 RELIGIOSA
1864 372 2249 434 HISTORIA.

3318 381 3452 446 1422

191 491 469 546 ἐκελευην.
531 488 691 542 Ἀλλά
730 487 859 542 κατ’
888 487 1051 543 αὑτὸν
1099 487 1189 540 τδν
1222 485 1415 557 καιρὸν
1464 487 1772 559 πράκτορες

1876 499 2064 540 eorum
2103 501 2225 555 qua:
2260 486 2313 540 in
2353 485 2526 556 ipsum
2557 497 2676 543 acta
2732 487 2988 557 fuerant,
3034 492 3129 548 sed
3165 492 3450 553 Dominum

190 581 474 650 ἀφίκοντο,
504 578 602 642 τάς
628 578 885 651 εἰσφοράς
911 576 1208 631 ἐκτιννύειν
1240 575 1768 643 καταναγκάζοντες

170 673 285 741 ,καὶ
311 673 439 734 τοὺς
464 669 562 741 μὲν
583 668 863 742 ἐδέσμουν,
886 672 1013 733 τοὺς
1032 668 1087 721 δὲ
1113 669 1385 740 ᾐκίζοντο.
1421 666 1563 719 Ἀλλ’
1583 668 1611 718 ὁ
1631 666 1772 729 θεῖος

190 763 586 833 ἐκεῖνοςάνὴρ,
623 760 832 821 οὐδενὸς
871 759 1095 812 ἐκείνων
1139 760 1246 811 τῶν
1294 760 1374 823 είς
1414 759 1576 811 αύτίν
1606 776 1763 827 γεγεο

190 854 445 923 νἠμένων
487 850 876 921 ἀναμνησθεὶς,
911 850 1003 902 τὸν
1023 850 1079 903 δὲ
1109 851 1385 927 Δεσπότην
1417 849 1770 919 μιμούμενος,

138 958 144 962 ‘
187 944 245 1007 ὃς
274 944 356 1013 τῷ
388 941 610 1013 σταυρῷ
640 941 1061 1012 προσηλωμένος
1086 940 1194 993 τῶν
1233 939 1392 993 τοῦτο
1432 938 1769 1009 δεδρακότων

189 1037 438 1105 ἐκήδετο,
479 1037 603 1098 τοὺς
637 1035 951 1105 πράκτορας
986 1034 1228 1097 ἐκείνους
1276 1033 1519 1085 ἱκέτευεν
1551 1032 1772 1102 ἡμέρως

180 1102 468 1180 ’ποιεῖσθαι
509 1127 608 1198 τὴν
632 1102 939 1197 εἴσπραξιν.
988 1126 1139 1179 Ἐπεὶ
1164 1126 1219 1178 δὲ
1250 1124 1342 1177 καὶ
1365 1124 1640 1193 ἐγγυητὰς
1676 1124 1774 1175 ἐπα

190 1217 489 1285 εξήτησαν,
531 1216 771 1269 ἐθελοντὶ
805 1216 905 1286 τὴν
942 1214 1276 1287 πρόσκλησιν
1317 1214 1632 1280 ὑπεδέξατο,
1682 1214 1774 1266 καὶ

188 1308 485 1376 χρυσίνους
510 1308 702 1360 ἐκατδν
735 1309 852 1377 μετ’
879 1307 1061 1375 ὀλίγας
1090 1306 1281 1359 δώσειν
1308 1306 1519 1377 ἡμέρας
1541 1305 1775 1374 ὑπέσχε-

189 1412 269 1449 το.
315 1385 822 1465 ’Υπεραγσῖσθέντες
841 1396 898 1450 δέ
924 1398 971 1449 οἱ
990 1396 1057 1449 τά
1079 1395 1225 1448 δεινὰ
1246 1396 1428 1449 ἐκεῖνα
1458 1394 1773 1466 ἐργασάμε-

190 1503 268 1537 νοι
298 1486 399 1552 τῆς
447 1486 855 1554 φιλανθρωπίας
905 1485 996 1539 τὸν
1025 1485 1213 1557 ἄνδρα,
1241 1484 1451 1538 αἰτοῦσι
1505 1484 1601 1554 μὲν
1634 1484 1773 1553 ὑπὲρ

192 1576 299 1627 τῶν
324 1575 739 1645 τετολμημένων
764 1575 1125 1645 συγγνώμην,
1173 1574 1477 1644 προστάτην
1517 1573 1574 1626 δὲ
1610 1574 1773 1626 αὑτὸν

189 1668 446 1735 γενέσθαι
484 1667 911 1737 παρακαλοῦσιν.
938 1668 1011 1719 Οὐ
1042 1666 1149 1736 γὰρ
1173 1664 1369 1736 εἶχενή
1400 1663 1559 1735 κώμη
1585 1663 1775 1716 δεσπό-

188 1776 291 1824 την
310 1773 325 1786 ⁸
364 1760 518 1811 αὐτοὶ
548 1758 603 1809 δὲ
634 1753 771 1827 ἦσαν
796 1755 888 1807 καὶ
924 1755 1181 1824 γεωργοὶ,
1209 1753 1302 1805 καὶ
1324 1752 1599 1805 δεσπόται.
1636 1753 1774 1815 Τοὺς

1875 575 2099 633 imitans
2121 618 2135 642 ,
2170 578 2264 648 qui
2295 578 2447 633 cruci
2478 578 2670 637 allixus
2697 584 2922 641 sceleris
2947 595 3234 643 aut-torum
3263 603 3450 645 curam

1874 667 2084 737 gessit”.
2122 654 2800 727 exactores'illoserabat
2833 683 2890 729 ιιι
2931 677 3229 734 illatiouem
3264 682 3454 739 Imma—

1875 759 2002 814 nius
2047 761 2351 831 exigerent.
2405 762 2467 816 Et
2519 780 2644 818 eum
2696 766 2770 819 illi
2826 766 3180 837 fidejussnres
3209 772 3455 845 ﬂagitas-

1877 860 2000 906 sent
2030 892 2043 916 ,
2078 851 2497 907 advocationem
2540 859 2686 910 ultro
2714 861 2985 928 suscepit,
3018 874 3068 915 et
3100 879 3295 922 aureos
3324 882 3455 921 cen-

1875 950 1987 995 tum
2021 944 2164 998 intra
2197 960 2407 1015 paucos
2450 947 2567 1003 dies
2597 950 2851 1005 daturum
2879 968 2939 1007 se
2966 956 3234 1024 promisit.
3268 960 3455 1015 Admi-

1876 1040 2062 1087 rantes
2091 1044 2271 1089 autem
2299 1050 2466 1105 supra
2495 1038 2740 1101 modum,
2779 1042 2872 1110 qui
2893 1041 3015 1096 dira
3045 1043 3138 1097 illa
3164 1060 3457 1117 perpetra-

1876 1132 2024 1189 rant,
2064 1126 2165 1179 viri
2196 1126 2616 1192 bumanitatetn,
2650 1126 2861 1185 veniam
2880 1134 2946 1188 de
2961 1136 3219 1193 admissis
3242 1149 3453 1208 petunt,

1877 1206 2155 1289 or'autque
2195 1224 2255 1270 ut
2293 1218 2427 1287 ipsis
2458 1220 2733 1275 dominari
2772 1237 3105 1298 ac‘prmcsse
3147 1206 3295 1283 velit.
3349 1206 3454 1285 Do;

1878 1305 2085 1360 minum
2119 1307 2266 1361 enim
2295 1310 2448 1365 vitus
2479 1313 2686 1367 nullum
2720 1314 2991 1381 babebat,
3023 1318 3117 1372 sed
3158 1320 3318 1375 iidem
3352 1324 3454 1392 ipsi

1874 1403 1929 1450 et
1954 1397 2213 1466 agricola:
2248 1408 2449 1463 erant,
2487 1410 2542 1455 et
2589 1404 2822 1460 domini.
2863 1406 3096 1463 (lentum
3146 1411 3312 1482 igitur
3356 1431 3455 1468 au-

1877 1503 1999 1543 reos
2038 1487 2289 1545 Emesam
2348 1480 2403 1545 in
2447 1494 2639 1548 urbem
2688 1497 2995 1565 profectus,
3050 1516 3079 1554 a
3123 1504 3455 1571 quibusdam

1875 1595 2013 1649 quos
2077 1592 2350 1651 repererat
2412 1585 2782 1644 familiaribus
2850 1602 3075 1650 mutuos
3127 1600 3143 1618 '
3199 1598 3449 1678 accepit,

1875 1679 1929 1725 et
1971 1671 2036 1724 ad
2099 1674 2285 1727 vicum
2349 1691 2604 1734 reversus
2671 1680 2759 1735 die
2821 1682 3042 1751 praefixa
3100 1671 3452 1755 promissioni

1877 1764 2158 1819 satisfecit.
2190 1766 2364 1832 Quam
2395 1768 2514 1837 ejus
2546 1770 2884 1841 diligentiam
2926 1775 3202 1834 intuentes
3231 1778 3453 1852 (vicani)

192 1852 291 1918 μὲν
330 1845 423 1901 οὖν
456 1848 648 1900 ἑκατὸν
675 1848 962 1918 χρυσίνους
999 1844 1327 1915 ἀφικόμενος
1354 1844 1432 1907 είς
1464 1844 1562 1914 τὴν
1598 1844 1771 1895 πόλινο

2221 1831 2226 1832 ,
2425 1831 2441 1837 _
2649 1831 2677 1841 ν
3151 1831 3197 1834 η
3234 1831 3248 1850 ι

1882 1853 2201 1920 petitionem
2239 1873 2393 1911 suam
2436 1860 2893 1920 iterantenixius.
2929 1865 2994 1922 Et
3028 1883 3151 1923 cum
3185 1868 3454 1926 facturum

192 1942 400 2010 Ἔμισα
420 1941 475 1993 δὲ
491 1936 557 2011 ἦν
585 1940 721 2009 αὕτη
742 1957 757 1970 ·
782 1940 872 1991 καὶ
888 1938 1194 2012 γνωρίμους
1210 1935 1360 1998 τινὰς
1385 1935 1583 2005 εὑρὼν,
1613 1936 1777 1986 ποιεῖ-

186 2047 279 2084 ται
305 2030 607 2099 δάνεισμα.-
628 2026 758 2082 Εἶτα
784 2028 881 2099 τὴν
921 2028 1113 2099 κώμην
1138 2024 1484 2091 καταλαϐὼν,
1511 2024 1651 2079 κατά
1679 2024 1777 2096 τὴν

188 2123 389 2195 κυρίαν
443 2110 638 2192 πληροῖ
678 2122 776 2192 τὴν
834 2120 1144 2190 ὑπόσχεσιν.
1194 2116 1411 2188 Ταύτην
1464 2116 1626 2171 αὑτοῦ
1679 2118 1776 2187 τὴν

192 2216 434 2284 σπουδὴν
478 2214 846 2283 θεασάμενοι,
903 2211 1325 2282 σπουδαιοτέραν
1377 2210 1776 2281 προσερέρουσιν

189 2304 343 2376 αὐτῷ
369 2305 465 2376 τὴν
506 2305 870 2376 παράκλησιν.
899 2304 1004 2357 Τοῦ
1032 2304 1087 2357 δὲ
1116 2302 1272 2356 τοῦτο
1304 2303 1436 2372 δρᾷν
1471 2301 1776 2370 ὑποσχομέ-

188 2414 307 2458 νου,
356 2398 404 2449 εί
440 2396 740 2466 ἐκκλησίαν
778 2394 1078 2466 οἰκοδομεῖν
1115 2394 1531 2463 ἐπαγγείλαιντο
1555 2432 1568 2457 ,
1618 2394 1776 2457 εὐθὺς

191 2492 493 2561 ἐπιχειρεῖν
527 2488 768 2541 ἱκέτευον
790 2504 803 2517 ⁸
845 2487 937 2540 καὶ
976 2487 1237 2558 περιῆγον
1268 2485 1360 2539 τὸν
1386 2486 1652 2556 μακάριον
1684 2487 1771 2540 ἄνη

191 2583 314 2655 δρα,
350 2583 475 2645 τοὺς
500 2580 966 2652 ἐπιτηδειοτέρους
991 2580 1187 2643 τόπους
1218 2579 1635 2641 ἐπιδεικνύντες.
1670 2579 1777 2630 Καὶ

191 2675 220 2725 ὁ
257 2675 357 2742 μὲν
384 2672 593 2736 τοῦτον,
642 2671 670 2722 ὁ
719 2670 775 2723 δὲ
802 2672 1007 2723 ἐκεῖνον
1045 2670 1265 2740 ἐπῇ-λεν
1312 2669 1674 2741 προελόμενος
1720 2668 1776 2720 δὲ

190 2765 280 2817 τον
321 2765 535 2834 ἀμείνω
560 2804 574 2827 ,
627 2764 721 2816 καὶ
763 2762 830 2815 τὰ
875 2762 1101 2831 θεμέλια
1148 2762 1489 2831 καταπήξας,
1526 2764 1581 2813 ἐν
1611 2760 1777 2831 ὀλίγῳ

192 2858 369 2930 χρόνῳ
404 2859 495 2910 τὸν
528 2857 722 2927 ὄροφον
772 2855 1104 2911 ἐπιτέθεικε.
1164 2856 1277 2909 Καὶ
1328 2855 1427 2926 τῆς
1461 2855 1773 2925 οἰκοδομίας

189 2953 491 3022 δεξαμένης
510 2952 572 3004 τὸ
601 2951 793 3022 πέρας,
821 2949 967 3021 ἱερέα
989 2948 1243 3018 δέξασθαι
1265 2948 1585 3019 παρηγγύα.
1618 2949 1776 3035 ’[εξπεὶ

189 3043 247 3095 δὲ
296 3042 484 3108 ἔλεγον
533 3042 606 3104 ώς
660 3041 846 3112 ἕτερον
901 3042 1000 3095 οὐκ
1027 3041 1092 3094 ἂν
1138 3040 1363 3103 ἕλοιντο,
1401 3038 1561 3092 αὑτὸν
1593 3040 1648 3092 δὲ
1683 3040 1775 3091 καὶ

1845 1958 1940 1997 se
1986 1946 2322 2015 recepisset,
2371 1951 2414 2003 si
2448 1952 2744 2007 ecclesiam
2792 1956 3159 2016 mditicaturos
3199 1978 3259 2017 se
3288 1979 3457 2042 spon-

1879 2034 2074 2090 derent
2103 2077 2117 2101 ,
2147 2038 2414 2110 rogarunt
2464 2054 2521 2097 ut
2556 2045 2741 2099 statim
2777 2047 3043 2119 inciperet
3072 2094 3087 2118 ,
3131 2034 3457 2125 beatumque

1879 2130 2056 2183 virum
2092 2146 2188 2200 per
2232 2133 2584 2204 circumjecta
2616 2137 2731 2193 loca
2763 2142 3026 2198 ducentes
3050 2182 3064 2204 .
3102 2161 3223 2214 qua:
3245 2149 3454 2217 aptiora

1879 2219 2058 2275 forent
2099 2224 2438 2280 indicabant.
2498 2227 2560 2281 Et
2601 2244 2725 2285 cum
2769 2233 2855 2287 hic
2888 2234 3039 2291 illum
3124 2239 3261 2294 alter
3288 2243 3455 2297 alium

1881 2314 2169 2384 laudaret,
2211 2318 2299 2373 ille
2342 2322 2612 2389 Oplilllllm
2663 2324 2911 2396 deligens
2938 2370 2951 2394 ,
3003 2340 3059 2383 et
3106 2331 3457 2389 fundamenta

1873 2403 2087 2471 jaciens
2118 2446 2133 2470 ,
2188 2407 2339 2462 brevi
2397 2413 2662 2480 temporis
2723 2416 2901 2484 Spatio
2940 2415 3142 2473 tectum
3175 2421 3453 2492 imposuit.

1879 2494 2129 2552 Perfecto
2175 2499 2443 2566 aedilicio,
2486 2505 2769 2560 adinouuit
2810 2511 2889 2561 ut'
2918 2510 3258 2568 sacerdotem
3299 2529 3455 2571 crea-

1880 2599 2021 2677 ren‘t.
2060 2591 2125 2643 Et
2156 2606 2280 2645 eum
2310 2594 2478 2649 alium
2516 2613 2574 2651 se
2606 2612 2887 2655 creaturos
2917 2614 3214 2674 negarent,
3252 2606 3456 2677 ipsum-

1878 2665 1987 2749 qut;
2006 2692 2059 2736 ct
2083 2692 2294 2752 patrem
2328 2695 2382 2739 et
2418 2696 2688 2755 pastorem
2720 2692 2924 2748 habere
2950 2704 3204 2764 optarent
3227 2735 3240 2759 ,
3269 2713 3460 2754 sacer-

1878 2771 2013 2825 dotii
2080 2774 2313 2842 gratiam
2360 2781 2621 2849 percepit.
2654 2779 2790 2837 Tres
2811 2799 2935 2837 cum
2971 2784 3080 2839 illis
3117 2801 3293 2843 annos
3333 2800 3456 2843 eum

1876 2861 2081 2931 egisset
2106 2903 2120 2927 ,
2158 2879 2364 2935 eosque
2390 2868 2441 2920 iu
2474 2870 2640 2925 rebus
2669 2871 2871 2928 divinis
2896 2877 3158 2943 praeclare
3187 2878 3461 2936 instituis-

1878 2959 1990 3016 set,
2021 2961 2187 3022 atque
2220 2956 2459 3009 alterum
2492 2973 2557 3011 ex
2591 2960 2757 3015 sociis
2786 2978 2887 3016 suo
2911 2965 3033 3019 loco
3060 2966 3458 3038 designandum

1849 3056 2158 3111 curasset,
2223 3048 2290 3101 ad
2343 3052 2708 3105 monastic.qu
2751 3052 3119 3111 diversorium
3167 3059 3363 3114 iterum
3402 3077 3461 3117 se

191 3134 407 3202 πατέρα
454 3133 548 3185 καὶ
601 3133 835 3201 ποιμένα
890 3131 1074 3185 λαῦεἶν
1113 3131 1371 3192 ἱκέτευον,
1419 3131 1634 3200 δέχεται
1674 3131 1771 3201 τῆς

1877 3136 2154 3201 contulit,
2212 3154 2274 3193 ac
2312 3156 2377 3195 ne
2433 3144 2664 3212 singulis
2714 3146 2835 3215 ejus
2887 3149 3052 3203 rebus
3109 3152 3460 3209 recensendis

194 3225 497 3297 ἱερωσύνης
530 3224 628 3294 τὴν
660 3224 838 3293 χάριν.
874 3224 982 3276 Καὶ
1014 3224 1139 3292 τρία
1175 3223 1568 3291 συγγενόμενος
1590 3222 1771 3283 αὐτοῖς

192 3318 309 3385 ἐτη,
344 3316 438 3369 καί
467 3315 602 3385 πρὸς
632 3315 700 3367 τὰ
725 3314 845 3367 θεῖα
874 3315 1185 3385 ποδηγήσας
1210 3314 1409 3377 καλῶς,
1442 3314 1626 3383 ἕτερον
1660 3313 1773 3364 ἀντ’

191 3405 361 3461 αὐτοῦ
404 3406 513 3459 τῶν
576 3406 841 3459 συνόντων
901 3405 1271 3476 προϐληθῆναι
1326 3405 1776 3473 παρασκευάσας,

194 3500 360 3551 πάλιν
390 3499 452 3550 τὸ
483 3497 774 3566 μοναχικδν
821 3496 1087 3549 κατέλαϐε
1144 3496 1507 3563 καταγώγιον.
1548 3496 1655 3546 Καὶ
1692 3494 1779 3545 ἵνα

197 3594 273 3662 μὴ
306 3593 484 3643 πάντα
504 3590 572 3643 τὰ
606 3588 813 3643 ἐκείνου
834 3588 1185 3659 διηγούμενος
1217 3588 1425 3659 μακρὸν
1457 3585 1778 3655 ἐργάσωμαι

193 3686 255 3737 τὸ
276 3685 543 3754 διήγημα,
569 3687 624 3736 ἐν
654 3683 859 3744 τούτοις
894 3681 1200 3751 διαλάμψας
1224 3722 1237 3742 ,
1269 3682 1365 3752 τὴν
1410 3679 1607 3749 Κάρων
1644 3680 1773 3730 iam-

192 3778 409 3846 δέχεται
464 3774 773 3846 προεδρίαν.
832 3774 988 3836 [ιόλις
1019 3773 1072 3825 δὲ
1125 3772 1261 3842 αὕτη
1306 3772 1402 3841 τῆς
1457 3769 1771 3833 δυσσεϐείας

196 3869 562 3939 περικειμένη
593 3868 688 3935 τὴν
719 3865 908 3936 μέθην,
941 3866 1034 3918 καὶ
1058 3868 1122 3935 τῇ
1150 3865 1256 3917 τῶν
1285 3862 1551 3932 δαιμόνων
1575 3861 1772 3928 ἑαυτὴν

1878 3223 2181 3295 longiorem
2227 3232 2602 3287 narrationem
2655 3235 2925 3298 ellieiam,
2973 3238 3059 3294 his
3105 3241 3274 3310 gestis
3335 3242 3457 3295 illu-

1875 3318 2038 3380 stris,
2102 3320 2316 3392 1226
2348 3322 2644 3379 Cat-ratum
2700 3328 2759 3381 ﬁt
2812 3329 3073 3398 pontifex.
3126 3331 3252 3385 Erat
3280 3342 3459 3386 autem

1881 3406 2079 3474 civitas
2134 3410 2223 3463 illa
2279 3413 2580 3483 impietatis
2614 3418 2765 3471 ebria
2805 3421 3119 3485 erroribus.
3168 3438 3231 3477 ac
3264 3424 3467 3480 da'mo-

1878 3511 2005 3550 num
2036 3496 2220 3552 dedita
2254 3500 2445 3557 furori.
2484 3504 2590 3559 Sed
2624 3517 2911 3577 postquam
2949 3511 3116 3576 hujus
3156 3514 3456 3582 agricultu-

1886 3602 2002 3639 ram
2059 3594 2361 3659 promeruit
2408 3596 2781 3668 doctrinreque
2823 3600 2968 3655 illius
3010 3602 3283 3657 llatnmam
3327 3620 3462 3659 con-

1882 3680 2061 3747 cepit,
2112 3690 2165 3735 et
2197 3686 2453 3752 pristinis
2485 3692 2738 3745 sentibus
2789 3693 2958 3748 libera
2984 3699 3213 3764 mansit,
3254 3708 3308 3753 et
3339 3695 3462 3771 Spi4

1883 3771 2022 3825 ritus
2076 3777 2355 3844 segetibus
2386 3795 2532 3834 nunc
2567 3784 2846 3849 abundat,
2906 3796 3153 3845 maturos
3183 3793 3459 3861 spicarum

1884 3863 1991 3919 Deo
2026 3866 2270 3924 referens
2303 3873 2628 3941 manipulos.

196 3960 528 4013 ἐκδεδωκυῖα
582 3957 829 4029 βακχείᾳ.
885 3956 1042 4009 Ἀλλά
1098 3956 1196 4025 τῆς
1253 3955 1441 4009 τούτου
1495 3953 1766 4024 γεωργίας
1807 3953 2121 4022 ἀξιωθεῖσα,
2188 3963 2283 4015 καὶ
2351 3964 2451 4035 τῆς
2495 3967 2662 4020 αὑτοῦ
2709 3969 3052 4040 διδασκαλίας
3098 3976 3363 4048 δεξαμένη
3401 3979 3459 4031 τὸ

197 4051 333 4125 πῦρ,
359 4052 467 4105 τῶν
499 4053 597 4123 μὲν
634 4054 912 4124 προτέρων
962 4051 1213 4106 ἀκανθῶν
1242 4049 1502 4120 ἐλευθέρα
1557 4048 1809 4118 διέμεινε,
1848 4054 1992 4125 κομᾷ
2025 4054 2081 4108 δὲ
2114 4056 2207 4109 νῦν
2261 4062 2371 4126 τοῖς
2411 4061 2580 4133 ληῒοις
2629 4064 2721 4118 τοῦ
2784 4068 3127 4141 medim?!“
3177 4073 3459 4145 ἀσταχύων

196 4145 300 4214 ὼρί
310 4161 427 4213 μων
453 4142 530 4213 τῷ
564 4143 681 4213 Θεῴ
707 4143 1090 4214 προσφέρουσα
1108 4142 1417 4214 δράγματα.

298 4240 423 4292 Λλλ’
456 4240 556 4292 οὐκ
578 4241 791 4303 ἀπόνως
818 4242 847 4294 ὁ
885 4240 1025 4304 θεῖος
1076 4243 1216 4310 ἀνὴρ
1257 4243 1354 4312 τὴν
1383 4240 1532 4293 θείαν
1572 4238 1775 4307 ταύτην

197 4333 473 4403 γεωργίαν
505 4333 827 4402 εἰργάσατο·
864 4333 1045 4394 πόνοις
1073 4333 1129 4386 δὲ
1155 4332 1367 4403 μυρίοις
1408 4332 1771 4402 χρησάμενος,

199 4425 296 4476 καί
327 4422 435 4474 τῶν
464 4422 531 4474 τά
561 4420 787 4490 σώματα
832 4421 1153 4491 θεραπεύειν
1194 4421 1644 4491 πεπιστευμένων
1676 4420 1774 4491 τὴν

1953 4238 2019 4290 At
2075 4256 2180 4294 non
2225 4245 2341 4298 sine
2392 4246 2575 4303 labore
2625 4252 2707 4304 vir
2753 4263 2980 4311 sanctus
3035 4257 3273 4315 divinam
3320 4264 3457 4319 banc

1882 4333 2274 4399 agriculturam
2301 4342 2547 4393 exercuit
2574 4362 2585 4396 :
2609 4344 2701 4397 sed
2734 4345 2952 4402 labores
2988 4348 3270 4418 perferens
3294 4353 3425 4408 inuu
3446 4386 3458 4395 -

1886 4440 2083 4490 meros,
2124 4444 2430 4501 eorumque
2463 4443 2633 4488 artem
2667 4437 2909 4505 imitans,
2938 4442 3138 4509 quibus
3165 4460 3453 4514 corporum

196 4514 395 4584 τέγνην
423 4513 779 4584 μιμούμενος,
824 4513 890 4566 τά
925 4514 1021 4583 μὲν
1057 4514 1396 4584 παρακλήσει
1441 4512 1770 4581 γλυκαίνων,

1882 4517 2088 4570 credita
2114 4530 2195 4574 est
2223 4525 2456 4590 curatio,
2484 4542 2628 4581 nunc
2650 4530 3032 4586 exhortatione
3053 4535 3282 4600 leniens,
3310 4554 3454 4591 nunc

196 4607 270 4660 τά
300 4606 358 4659 δὲ
383 4609 494 4667 τοῖς
516 4605 932 4676 αὑστηροτέροις
954 4604 1265 4673 ἐπ.στύφων
1288 4605 1621 4675 φαρμάκοις,
1658 4604 1773 4655 ἐστι

196 4700 254 4752 δὲ
287 4701 420 4751 ὃπου
467 4698 560 4749 καὶ
594 4696 826 4766 τέμνων,
860 4699 953 4750 καὶ¹
1003 4698 1191 4760 καίων,
1224 4700 1321 4767 τὴν
1365 4698 1551 4765 ὑγείαν
1587 4697 1775 4765 είργά-

199 4809 356 4846 σατο.
388 4792 467 4860 Τῇ
494 4790 551 4842 δέ
580 4789 914 4859 διδασκαλία,
958 4794 1050 4841 καὶ
1083 4793 1147 4858 τῇ
1185 4790 1317 4860 ἄλλῃ
1344 4789 1651 4858 ἐπιμελείᾳ,
1683 4790 1776 4841 καὶ

201 4881 383 4939 αἰτοῦ
420 4881 536 4952 βίου
567 4880 909 4950 λαμπηδόνες
951 4881 1304 4950 συνηγόρουν.
1352 4882 1617 4943 Ἐκείναις
1664 4881 1774 4950 γάρ

202 4976 585 5046 φωτιζόμενοι,
611 4972 832 5026 καὶτῶν
849 4972 1152 5042 λεγομένων
1175 4972 1469 5040 ὑπήκουον,
1489 4974 1581 5024 καὶ
1605 4973 1775 5041 ἀσμε-

200 5084 285 5119 νοι
313 5064 383 5119 τὰ
410 5063 663 5134 δρώμενα
699 5062 1064 5131 κατεδέχοντο.
1113 5060 1293 5113 Πάντα
1341 5060 1447 5130 γὰρ
1492 5062 1589 5129 τῆς
1640 5078 1773 5131 προ-

206 5158 395 5231 εδρίας
427 5156 518 5209 τὸν
565 5155 755 5226 χρόνον
778 5196 793 5221 ,
825 5153 1074 5224 περιττὸς
1106 5152 1203 5223 μὲν
1235 5149 1300 5222 ἦν
1337 5152 1484 5222 αύτῷ
1527 5154 1555 5204 ὁ
1586 5154 1768 5223 ἄρτος,

203 5250 461 5321 περιττὸν
492 5248 547 5301 δὲ
574 5248 636 5302 τὸ
668 5246 811 5318 ὕδωρ
830 5287 846 5313 ,
886 5244 1154 5316 ἄχρηστος
1183 5244 1239 5296 δὲ
1259 5246 1292 5314 ἡ
1325 5242 1499 5314 κλίνη,
1546 5244 1771 5314 περιττὴ

201 5342 257 5395 δὲ
285 5344 318 5413 ἡ
351 5340 446 5395 τοῦ
468 5340 637 5412 πυρὸς
658 5339 832 5411 χρεία.
863 5336 1281 5409 Τεσσαράκοντα
1300 5336 1398 5405 μὲν
1419 5336 1525 5406 γὰρ
1557 5334 1770 5407 νύκτωρ

203 5436 304 5497 τάς
356 5432 855 5505 ἀντιφθεγγομένας
907 5429 1175 5501 ὑμνῳδίας
1226 5428 1484 5499 ἐπλήρου,
1525 5429 1634 5482 τῶν
1685 5427 1771 5480 διὰ

206 5528 377 5599 μέσου
403 5527 702 5597 γινομένων
734 5523 1049 5597 προσευχῶν
1076 5520 1441 5585 διπλασιάζων
1467 5522 1525 5575 τὸ
1554 5522 1769 5592 μέτρονο

203 5618 266 5670 τὸ
299 5618 355 5669 δὲ
408 5617 729 5686 λειπόμενον
773 5618 872 5687 τῆς
907 5616 1100 5679 νυκτὸς
1144 5616 1234 5668 ἐπὶ
1279 5614 1469 5686 θρόνου
1510 5614 1770 5684 καθῆστο,

206 5709 380 5780 βραχύ
401 5726 454 5760 τι
479 5708 905 5763 διαναπαύεσθαι
936 5708 1281 5780 παραχωρῶν
1316 5709 1425 5770 τοῖς
1460 5705 1767 5776 βλεφάροις.

208 5804 330 5855 Ὅτι
356 5801 455 5873 μὲν
481 5797 573 5855 οὖν
604 5800 702 5854 οὐκ
728 5802 812 5853 ἐπ’
840 5801 987 5872 ἄρτῳ
1033 5802 1176 5872 μόνῳ
1206 5801 1427 5873 ζήσεται
1466 5800 1772 5870 ἄνθρωπος,

1882 4610 2103 4665 aeribus
2150 4616 2459 4684 astringens
2501 4619 2835 4686 pbarmaris,
2883 4624 3157 4679 interdum
3194 4643 3361 4684 urens
3390 4646 3454 4684 at:

1880 4716 2096 4764 secans,
2127 4704 2192 4754 ad
2233 4705 2371 4759 banc
2397 4708 2683 4762 sanitatem
2712 4710 2985 4778 perduxit.
3024 4715 3292 4772 Doctrina:
3327 4735 3455 4774 vero

1878 4802 1930 4845 et
1966 4801 2175 4848 cetera:
2206 4795 2499 4867 diligentia:
2536 4800 2655 4853 vitze
2688 4816 2905 4871 quoque
2940 4805 3145 4859 lumina
3183 4807 3453 4880 suﬂ'ragav

1880 4884 2097 4937 bantur.
2148 4885 2244 4941 llis
2283 4889 2426 4941 enim
2475 4890 2765 4945 illuminati
2814 4906 2869 4948 et
2914 4899 3287 4966 sequebantur
3336 4919 3455 4973 quae

1877 4978 2020 5030 dicta
2056 4982 2303 5039 Inerant,
2338 4989 2391 5033 et
2417 4998 2538 5050 quae
2571 4984 2775 5039 fiebant
2808 4988 3041 5044 libenter
3085 4994 3451 5063 accipiebant.

1878 5066 2129 5132 Ounndiu
2165 5070 2309 5123 enim
2342 5073 2574 5129 antistes
2611 5074 2732 5138 fuit,
2768 5093 3215 5147 supervacaneus
3250 5085 3327 5138 illi
3361 5102 3452 5155 pa-

1877 5160 1963 5213 nis
1992 5160 2111 5221 fuit,
2152 5177 2559 5230 supervacanea
2588 5165 2715 5221 item
2758 5183 2921 5239 aqua,
2970 5173 3182 5229 inutilis
3232 5192 3452 5232 rursum

1876 5248 2070 5311 lectus,
2103 5262 2155 5304 et
2178 5254 2495 5310 redundans
2524 5273 2657 5312 usus
2686 5259 2848 5329 ignis.
2886 5261 3259 5334 Quadraginta
3290 5278 3455 5323 noctu

1876 5345 2116 5397 a!ternas
2144 5344 2472 5414 hymnodias
2491 5350 2767 5418 explebat,
2796 5354 3209 5421 interjectarum
3234 5375 3454 5426 precum

1877 5452 2191 5491 mensuram
2237 5442 2666 5508 congeminans,
2720 5445 2931 5514 reliquo
2973 5449 3149 5504 noctis
3189 5452 3365 5519 spatio
3402 5456 3455 5507 in

1878 5528 2007 5580 sella
2044 5530 2337 5585 cousidens
2367 5532 2581 5585 brevem
2616 5534 2853 5602 quietem
2888 5537 3164 5607 palpebris
3188 5543 3455 5597 concede—

1878 5620 1985 5673 bat.
2026 5619 2183 5685 Quod
2231 5623 2395 5689 igitur
2444 5624 2499 5676 in
2551 5627 2668 5680 solo
2712 5642 2850 5694 pane
2904 5644 3011 5683 non
3062 5632 3207 5686 vivat
3257 5633 3450 5696 homo,

1876 5709 2011 5763 dixit
2045 5710 2175 5762 olim
2212 5709 2389 5765 Moses
2424 5713 2723 5784 Icgislator,
2760 5714 3005 5785 dictique
3029 5717 3193 5786 lrujus
3214 5722 3454 5773 mentio-

1879 5817 2001 5856 nem
2050 5800 2175 5856 fecit
2220 5800 2500 5867 Dominus,
2532 5812 2548 5827 '
2596 5820 2720 5861 cum
2759 5806 2961 5862 diaboli
3005 5812 3451 5877 provocationem
