4206 6456
740 358 873 420 1423

1759 356 2249 418 THEODORETI
2283 356 2621 418 EPISCOPI
2643 358 3012 422 CYRENSIS

3852 368 3998 431 1424

735 462 1031 517 refellant.
1078 462 1234 525 Quod
1282 476 1409 514 vero
1460 461 1629 515 etiam
1678 461 1798 515 sine
1838 475 1979 530 aqua
2023 460 2149 514 duci
2197 460 2306 514 vita

2421 459 2513 531 ἔφη
2548 462 2647 531 μὲν
2697 463 2937 533 Μωῦσῆς
2988 465 3016 516 ὁ
3062 468 3384 539 νομοθέτης,
3442 469 3895 542 ἀπεμνημόνευσε
3936 475 3996 528 δὲ

734 554 930 622 possit,
980 566 1247 622 nusquam
1303 566 1367 605 ex
1432 566 1591 605 sacra
1646 551 1931 621 Scriptura
1986 551 2308 605 didicimus.

736 643 1027 698 Enimvero
1059 643 1203 696 tilias
1232 643 1317 695 vir
1340 650 1528 697 tantus
1555 640 1829 712 principio
1863 640 2081 708 quidem
2107 656 2174 695 ex
2202 649 2313 695 tor-

737 743 892 789 rente
935 748 1131 803 aquam
1178 733 1404 788 hausit:
1442 734 1637 788 deinde
1683 732 1748 785 ad
1785 731 2004 785 viduam
2049 730 2312 801 Sarepta-

734 841 861 881 nam
894 826 1195 896 profectus,
1231 828 1467 895 primum
1503 824 1714 894 1227
1757 838 1956 893 aquam
1991 822 2097 877 sibi
2127 805 2317 879 aﬂ’erri

728 918 916 988 jussit,
941 917 1142 973 dehinc
1164 934 1359 987 panem
1392 918 1568 987 petiit.
1605 916 1711 971 Sed
1738 916 2080 971 admirabilis
2108 917 2315 972 viriste

735 1025 837 1067 nec
869 1024 1060 1079 panem
1090 1010 1443 1079 episcopatus
1469 1016 1713 1078 tempore
1739 1008 2000 1077 gustavit,
2035 1022 2135 1062 nec
2161 1008 2312 1078 legu-

736 1102 907 1163 mina,
941 1116 1041 1155 nec
1073 1102 1221 1154 olera
1261 1100 1373 1169 igni
1418 1109 1596 1165 cocta,
1632 1113 1731 1153 nec
1765 1113 1985 1167 aquam,
2017 1114 2141 1168 qua:
2169 1098 2313 1168 apud

735 1208 918 1249 rerum
959 1193 1190 1247 istarum
1226 1193 1431 1263 peritos
1466 1192 1639 1259 prima
1671 1206 1701 1245 e
1739 1200 1977 1261 quatuor
2023 1188 2311 1246 elementis

734 1285 804 1340 ob
834 1285 1213 1341 necessitatem
1244 1292 1325 1338 est
1354 1283 1537 1335 habita
1563 1302 1574 1335 :
1601 1280 1695 1337 sed
1730 1285 1994 1347 lactucas,
2027 1282 2236 1352 intyba,
2259 1290 2315 1336 et

734 1376 879 1447 apia,
912 1385 966 1431 et
1006 1377 1110 1429 alia
1144 1374 1463 1444 hujusmodi
1493 1374 1603 1428 cibi
1638 1384 1909 1444 potusque
1945 1375 2066 1428 loco
2100 1373 2309 1436 habuit,

733 1470 1003 1538 pistorum
1040 1482 1455 1536 coquorumque
1475 1481 1846 1535 supervacuas
1880 1475 2028 1520 artes
2057 1481 2180 1521 esse
2213 1464 2313 1519 de-

733 1569 1089 1615 monstrans:
1124 1560 1376 1613 autumni
1430 1574 1560 1612 vero
1605 1570 1850 1627 tempore
1898 1558 2169 1613 fructibus
2224 1572 2315 1612 ve—

731 1651 1011 1705 scebatur.
1047 1650 1171 1704 llaec
1191 1658 1369 1703 autem
1394 1650 1508 1718 ipsa
1536 1657 1658 1718 post
1677 1648 2048 1719 vespertinum
2076 1648 2315 1703 officium

728 1744 1005 1797 sumebat.
1041 1741 1241 1795 Etcum
1272 1755 1473 1810 corpus
1498 1741 1665 1795 tantis
1689 1740 1967 1794 laboribus
1996 1740 2313 1803 conﬁceret,

728 1835 964 1888 aliorum
993 1843 1173 1888 tamen
1207 1846 1395 1887 curam
1423 1832 1800 1902 inexplebilem
1820 1832 2065 1901 gerebat.
2094 1831 2314 1886 Adven-

728 1925 976 1980 tantibus
1001 1925 1146 1979 enim
1178 1924 1487 1995 peregrinis
1508 1932 1561 1977 et
1588 1923 1767 1977 lectus
1805 1934 1925 1976 erat
1960 1930 2214 1992 paratus,
2258 1928 2314 1976 et

728 2033 900 2084 panes
928 2017 1119 2071 mundi
1154 2017 1453 2085 selectique
1482 2012 1873 2077 offerebantur,
1901 2011 2315 2069 etvinumodo~

733 2108 982 2171 ril'erurn,
1014 2116 1071 2162 et
1097 2108 1297 2177 pisces,
1333 2114 1388 2162 et
1418 2106 1590 2167 olera,
1625 2114 1678 2159 et
1707 2120 2053 2175 quaecunque
2091 2104 2177 2159 his
2215 2102 2310 2157 ad-

719 2198 885 2269 jungi
915 2199 1113 2253 solent.
1141 2197 1281 2262 Quin
1309 2197 1590 2253 assidebat
1617 2206 1671 2252 et
1699 2198 1814 2266 ipse
1852 2195 2079 2251 meridie
2119 2194 2313 2249 convi-

725 2291 1009 2355 vantibus,
1041 2290 1415 2359 appositarum
1444 2289 1644 2357 dapum
1679 2295 1863 2357 partes
1896 2286 2134 2355 singulis
2170 2298 2313 2353 prae-

729 2384 888 2447 bens,
941 2389 996 2437 et
1038 2382 1241 2435 calices
1276 2381 1414 2435 dans
1450 2379 1741 2441 omnibus,
1778 2385 1833 2433 et
1861 2376 2049 2431 bibere
2090 2375 2311 2444 jubens,

727 2473 1227 2546 cognominemque
1260 2473 1410 2526 illum
1444 2487 1643 2535 suum,
1678 2470 2050 2540 patriarcham
2092 2481 2309 2536 nempe,

732 2570 991 2629 imitans,
1040 2568 1133 2636 qui
1184 2564 1755 2635 peregrinisrquidem
1794 2560 2178 2621 ministrabat,
2217 2559 2311 2613 sed

730 2676 856 2715 cum
908 2659 1016 2714 illis
1068 2674 1179 2712 non
1232 2658 1580 2727 epulabatur.
1634 2655 1693 2710 In
1744 2653 2079 2724 litigantium
2129 2660 2309 2706 autem

730 2750 1134 2807 controversiis
1174 2748 1319 2804 diem
1348 2756 1528 2802 totum
1556 2762 1790 2816 ponens,
1826 2747 1954 2801 aliis
1988 2756 2050 2799 ut
2080 2745 2227 2799 inter
2254 2759 2315 2798 se

730 2843 1227 2899 reconciliarentur
1261 2841 1647 2911 persuadebat,
1684 2840 1823 2894 alios
1845 2839 2099 2909 cogebat,
2122 2838 2214 2907 qui
2246 2836 2313 2889 ad

726 2935 876 3001 justa
935 2931 1192 2987 facienda
1239 2930 1460 2985 blandis
1503 2928 1858 2985 suasionibus
1887 2942 1995 2982 non
2031 2936 2311 2997 parerent.

728 3023 842 3082 Nec
876 3025 1207 3094 injustorum
1240 3022 1531 3092 quisquam
1571 3021 1801 3075 audacia
1843 3035 1941 3075 sua
1980 3021 2049 3075 de
2074 3020 2202 3088 jure
2237 3020 2317 3075 vi-

731 3129 852 3172 ctor
890 3114 1135 3170 recessit.
1188 3114 1389 3182 lnjuria
1431 3113 1575 3165 enim
1623 3125 1889 3180 oppresso
1922 3110 2060 3178 justi
2102 3118 2312 3178 partem
2342 3145 2384 3201 ε

732 3224 949 3279 seraper
977 3207 1205 3272 addens,
1241 3204 1719 3275 inexpugnabilem
1766 3219 1890 3259 eum
1936 3203 2222 3264 reddebat,
2258 3211 2313 3257 et

730 3318 799 3356 co
820 3301 912 3372 qui
939 3298 1199 3367 injuriam
1234 3298 1414 3351 facere
1438 3297 1655 3351 volebat
1684 3297 2042 3363 superiorem.
2077 3295 2315 3351 Similis-

733 3407 844 3462 que
876 3399 995 3445 erat
1025 3390 1236 3459 optimo
1274 3388 1508 3451 medico,
1539 3388 1633 3457 qui
1668 3387 2088 3441 exuberantiam
2122 3388 2318 3444 humo-

733 3497 855 3536 rum
895 3494 1112 3549 setuper
1152 3479 1428 3548 prohibet,
1466 3486 1733 3548 curatque
1780 3485 1837 3531 ut
1871 3492 2026 3548 aqua
2060 3492 2316 3532 mensura

736 3582 1126 3642 temperentur.

2415 552 2648 621 ταυτησὶ
2679 553 2777 622 τῆς
2817 556 2998 626 φωνῆς
3033 559 3062 610 ὁ
3105 559 3417 632 Δεσπότης.
3453 562 3546 616 τοῦ
3596 564 3845 619 διαϐόλου
3894 567 3996 636 τὴν

2416 644 2755 715 πρόσκλησιν
2787 646 3239 717 παραιτούμενος.
3280 652 3401 703 Ὅτι
3433 652 3488 705 δὲ
3522 654 3616 706 καὶ
3642 654 3767 707 ἄνευ
3803 654 3999 719 ὓδατος

2414 736 2696 791 διαϐιῶναι
2730 739 2840 791 τῶν
2867 740 3129 807 δυνατῶν,
3162 743 3397 813 οὐδαμοῦ
3431 746 3529 816 τῆς
3580 746 3730 812 θείας
3768 750 3997 818 Γραφῑκ

2414 828 2833 900 ἐπαιδεύθημεν.
2886 832 2995 885 Kal.
3032 834 3141 904 γὰρ
3169 836 3196 886 ὀ
3223 835 3473 900 τοσοῦτος
3536 838 3719 901 Ἠλίας
3770 840 3995 909 πρῶτον

2419 920 2516 989 μὲν
2544 921 2651 974 ἀπὸ
2677 922 2769 975 τοῦ
2804 925 3105 997 χειμάρρου
3130 928 3228 997 τὴν
3251 931 3440 999 χρείαν
3489 931 3729 1001 ἐπλήρου
3750 946 3765 961 '
3798 932 3998 985 ἔπειτα

2416 1012 2472 1065 δέ
2500 1014 2593 1067 ἐπὶ
2620 1014 2719 1083 τὴν
2749 1016 3065 1086 Σαραφθίαν
3104 1020 3281 1089 χήραν
3324 1023 3788 1091 παραγενόμενος,
3847 1023 4000 1102 ὕδωρ

2416 1102 2565 1173 αὐτῷ
2595 1104 2807 1174 πρῶτον
2840 1106 3165 1175 κομισθῆναι
3206 1111 3556 1178 προσέταξεν,
3602 1108 3702 1166 εἷθ’
3728 1114 3877 1167 οὕτω
3901 1115 4001 1165 τὶν

2415 1194 2578 1263 ἄρτον
2616 1196 2961 1264 ἐπήγγειλεν.
3009 1197 3146 1251 Ἀλλ’
3174 1200 3202 1252 ὁ
3256 1201 3569 1271 θαυμαστὸς
3616 1200 3771 1268 οὗτος
3827 1207 3997 1275 ἀνὴρ,

2414 1285 2537 1338 οὔτε
2572 1288 2737 1357 ἄρτου
2787 1289 2926 1341 κατά
2977 1288 3068 1342 τὸν
3112 1291 3212 1359 τῆς
3261 1293 3673 1365 ἀρχιερωσύνης·
3724 1294 4001 1364 μετέλαῖε

2415 1376 2625 1446 χρόνον,
2661 1377 2783 1431 οὔτε
2818 1382 3091 1451 ὀσπρίων,
3145 1382 3268 1435 οὗτε
3316 1384 3563 1455 λαχάνων
3612 1387 4003 1457 ὁμιλησάντων

2416 1466 2567 1536 πυρὶ,
2600 1468 2698 1537 οὐχ
2730 1466 2939 1531 ὓδατος,
2976 1468 3001 1520 ὃ
3024 1469 3130 1522 τῶν
3158 1472 3433 1543 τεττάρων
3463 1476 3738 1543 στοιχείων
3773 1476 4002 1547 πρῶττλν

2416 1558 2567 1627 παρά
2586 1561 2694 1620 τοῖς
2725 1558 2791 1610 τα
2822 1558 3045 1612 τοιαῦτα
3070 1560 3261 1625 δεινοῖς
3294 1559 3432 1616 εἶναι
3478 1564 3690 1628 δόξασιν
3726 1566 4000 1636 ἐνομίσθη

2416 1648 2504 1701 διὰ
2531 1649 2629 1718 τὴν
2652 1650 2839 1719 χρείαν
2859 1666 2870 1677 ·
2905 1650 3038 1704 ἄλλα
3069 1651 3409 1720 θριδακίνας,
3444 1657 3534 1708 καὶ
3562 1638 3759 1724 σέρεις.
3784 1660 3883 1709 καὶ
3916 1658 4002 1710 σέ-

2417 1739 2555 1795 λινα.
2590 1740 2682 1793 καὶ
2710 1740 2807 1791 ὅσα
2841 1741 3083 1807 τοιαῦτα,
3120 1743 3213 1795 καὶ
3246 1745 3452 1815 τροφὴν
3483 1748 3735 1807 ἐποιεῖτο,
3774 1749 3871 1801 καὶ
3897 1751 4000 1802 πύ-

2420 1848 2496 1901 μα
2521 1872 2536 1891 ,
2582 1831 2889 1901 ἁρτοποιῶν
2925 1831 3020 1884 καὶ
3049 1833 3319 1900 ὀψοποῶν
3368 1838 3627 1904 περιττάς
3674 1839 4002 1902 ἁποςαίνων

2412 1922 2512 1983 τὰς
2544 1920 2758 1989 τέχνας.
2802 1918 2891 1973 Ἐν
2921 1920 2976 1973 δὲ
3006 1924 3071 1992 τῇ
3096 1921 3215 1991 ὥρα
3246 1922 3343 1990 τῆς
3384 1921 3624 1992 ὀπώρας,
3664 1924 3848 1993 ἐκεί-λῃ
3897 1924 4002 1991 τὴν

2414 2013 2606 2083 χρείαν
2640 2011 2880 2082 ἐπλήρου
2904 2028 2918 2041 ·
2952 2013 3044 2065 καὶ
3071 2015 3273 2064 τούτων
3304 2013 3360 2065 δὲ
3396 2015 3529 2084 μετὰ.
3552 2016 3657 2081 ’τὴν
3699 2016 4001 2086 ἐσπερινὴν

2417 2103 2793 2175 μετελάμϐανε
2822 2104 3186 2174 λειτουργίαν.
3218 2104 3490 2168 Τοιούτοις
3523 2106 3576 2158 δὲ
3614 2107 3794 2168 πόκοις
3827 2125 4006 2160 κατα-

2412 2200 2595 2267 τήκων
2621 2197 2680 2248 τὸ
2725 2195 2905 2265 σῶμα,
2960 2195 3235 2265 ἄπληστον
3266 2200 3376 2260 τοῖς
3427 2197 3606 2261 ἄλλοις
3656 2199 4001 2269 προσέφερε)

2416 2286 2755 2357 ἐπιμέλειαν,
2795 2285 2921 2347 Τοῖς
2950 2285 3058 2355 γὰρ
3086 2286 3437 2355 ἀφικομένοις
3463 2285 3652 2351 ξένοις,
3688 2290 3780 2341 καὶ
3804 2290 4002 2353 στιϐὰς
4048 2328 4049 2331 η

2412 2376 2479 2450 ἦν
2527 2377 2815 2449 εὐτρεπὴς,
2870 2378 2962 2430 καὶ
3018 2378 3171 2449 ἄρτοι
3215 2378 3459 2450 λαμπροί
3506 2397 3564 2433 τε
3612 2383 3705 2434 καὶ
3748 2382 3999 2452 ἔκκριτοι

2415 2470 2834 2539 προσεφέροντο,
2867 2468 2958 2520 καὶ
2989 2463 3130 2532 οἶνος
3162 2468 3486 2538 ἀνθοσμίας,
3531 2471 3622 2523 καὶ
3660 2472 3862 2541 ἰχθύες,
3900 2475 4000 2525 καὶ

2415 2561 2643 2631 λάχανα,
2686 2560 2782 2614 καὶ
2818 2558 2987 2613 τᾶλλα
3006 2559 3107 2612 ὅσα
3145 2561 3353 2624 τούτοις
3397 2562 3774 2626 συνέζευκται.
3822 2565 4000 2634 ﬂag:-

2417 2653 2622 2722 καθητο
2650 2652 2707 2705 δὲ
2746 2652 2841 2704 καὶ
2864 2651 3022 2713 αὐτὸς
3067 2651 3412 2722 μεσημϐρίας
3457 2656 3567 2715 τοῖς
3614 2654 3995 2723 animum“,

2421 2747 2614 2817 μοίρας
2641 2745 2857 2815 ἑκάστῳ
2880 2744 3033 2808 τινας
3054 2744 3161 2796 τῶν
3189 2747 3606 2815 παρακειμένων
3634 2748 3989 2817 προσφέρων,

2417 2841 2510 2890 καὶ
2539 2838 2637 2900 τὰς
2659 2836 2884 2899 κύλικας
2917 2840 3049 2888 πᾶσι
3080 2836 3251 2898 διδους
3278 2839 3367 2888 καὶ
3404 2838 3577 2889 πίνειν
3620 2836 3951 2905 παρεγγυῶν
3977 2854 3990 2864 ·

2420 2930 2512 2981 καὶ
2532 2930 2623 2982 τὸν
2645 2928 2934 2998 ὁμώνυμον
2962 2929 3167 2982 ἐκεῖνον
3198 2928 3551 2998 μιμούμενος,
3592 2930 3685 2981 τὸν
3723 2931 4001 2998 πατριάρ-

2424 3038 2525 3089 χην
2553 3020 2716 3089 φημὶ,
2749 3020 2807 3081 ὃς
2828 3021 2939 3079 τοῖς
2971 3018 3141 3081 ξένοις
3164 3018 3399 3087 διηκόνει
3429 3019 3545 3089 μὲν,
3571 3022 3632 3070 οὑ
3658 3022 4001 3073 συνειστιᾶτο

2418 3111 2495 3163 δέ.
2548 3112 2635 3163 Ἐν
2680 3111 2737 3163 δὲ
2768 3113 2888 3173 ταῖς
2933 3109 3041 3161 τῶν
3072 3109 3529 3179 ζυγομαχούντων
3577 3111 3750 3173 δίκαις
3799 3111 3999 3180 διήμε-

2423 3201 2615 3270 ρεύων,
2652 3201 2777 3265 τοὺς
2810 3204 2906 3272 μὲν
2945 3202 3407 3255 καταλλάττεσθαι
3430 3201 3676 3271 ἀλλήλοις
3715 3203 3995 3255 ἐνέπειθε·

2420 3298 2543 3357 τοὺς
2578 3295 2634 3346 δέ
2667 3296 3051 3365 κατηνάγκαζε
3100 3298 3221 3358 ταῖς
3266 3296 3492 3373 ἡμέροις
3518 3296 3886 3357 διδασκαλίαις
3924 3295 4002 3366 μὴ

2423 3387 2778 3457 πειθομένους
2809 3390 2983 3441 ποιεῖν
3014 3387 3075 3440 τὸ
3104 3387 3333 3442 δίκαιον.
3366 3388 3553 3451 Οὐδεὶς
3580 3389 3636 3442 δὲ
3660 3390 3769 3441 τῶν
3796 3390 4001 3441 ἀδίκων

2424 3479 2723 3549 θρασύτητι
2752 3481 2809 3533 τὸ
2836 3480 3041 3533 δίκαιον
3066 3479 3272 3549 ἀπῆλθε
3303 3480 3623 3549 νενικηκώς.
3646 3480 3735 3547 Τῷ
3755 3479 3863 3546 γὰρ
3887 3480 4005 3531 ἁδι-

2426 3569 2675 3640 κουμένῳ
2709 3570 2808 3641 τὴν
2842 3570 2935 3623 τοῦ
2962 3570 3168 3624 δικαίου
3192 3573 3382 3642 μοῖραν
3406 3572 3490 3624 ἀεὶ
3520 3570 3827 3639 προστιθεὶς
3855 3570 4004 3639 ἅμα·

734 3683 827 3737 χον
866 3665 1096 3728 ἐδείκνυ,
1141 3664 1235 3716 καὶ
1281 3661 1375 3716 τοῦ
1409 3663 1613 3716 ἀδικεῖν
1667 3661 1941 3723 ἐθέλοντος
1994 3660 2297 3730 κρείττονα.
2338 3663 2448 3715 Καὶ
2474 3662 2642 3734 ἰατρῷ
2669 3664 2875 3734 ἀρίστῳ
2910 3663 3093 3734 ἐῴκει,
3126 3664 3235 3716 τῶν
3250 3664 3438 3734 χυμῶν
3464 3662 3549 3716 ἀεὶ
3588 3663 3648 3715 τὸ
3707 3663 4004 3726 πλεονάζιν

736 3758 1001 3814 κωλύοντι
1060 3757 1155 3810 καὶ
1220 3758 1319 3825 τὴν
1382 3758 1693 3829 ἰσομετρίαν
1758 3756 2140 3827 μηχανωμένῳ
2195 3758 2315 3819 ταῖς
2356 3757 2530 3820 ὕλαις.

806 3851 983 3920 Hujus
1014 3851 1234 3905 videndi
1268 3850 1542 3903 desiderio
1580 3858 1778 3918 captus
1814 3850 2119 3918 imperator
2149 3849 2319 3918 (alata

736 3947 883 3999 enim
914 3953 999 3999 est
1028 3944 1193 4008 fama,
1229 3943 1389 3996 facile
1411 3942 1594 3995 omnia
1623 3941 1835 4011 1228
1856 3950 1969 3994 tum
2008 3942 2169 4001 bona,
2207 3950 2317 3993 tum

738 4032 1013 4087 deteriora
1055 4032 1362 4098 nuntians),
1395 4030 1461 4083 ad
1495 4045 1555 4084 se
1583 4030 1737 4082 illum
1772 4029 2054 4092 accersiit,
2092 4027 2319 4082 venien-

739 4131 959 4192 temque
1010 4122 1295 4191 amplexus
1341 4129 1461 4183 est,
1509 4127 1564 4174 et
1611 4128 1886 4188 agrestem
1938 4121 2085 4172 illam
2127 4120 2319 4188 pellem

739 4231 981 4286 purpura
1004 4200 1101 4270 sua
1129 4214 1587 4268 honorabiliorem
1608 4213 1968 4268 existimavit.
1988 4211 2318 4282 Reginarum

741 4324 871 4362 vero
907 4309 1111 4362 chorus
1140 4317 1195 4362 et
1222 4322 1421 4361 manus
1452 4306 1574 4375 ejus
1601 4305 2014 4375 prehendcbant
2042 4313 2096 4359 et
2123 4320 2319 4375 genua,

740 4401 1029 4468 virumque
1050 4400 1305 4464 orabant,
1337 4399 1430 4467 qui
1462 4413 1563 4451 nec
1585 4395 1830 4452 Grecam
1859 4397 2096 4465 linguam
2126 4393 2324 4447 intelli-

2493 3850 2695 3903 Τούτου
2730 3850 2825 3903 καὶ
2848 3851 2946 3919 τὴν
2974 3849 3102 3902 θέαν
3134 3849 3366 3919 ἐπόθησε
3396 3848 3666 3917 βασιλεύς·
3696 3849 4003 3920 ὑπόπτερης

2422 3941 2531 4013 γὰρ
2562 3943 2595 4012 ἡ
2616 3942 2688 4012 φή
2700 3959 2796 4011 μη,
2826 3942 3003 3994 πάντα
3026 3941 3223 4013 ῥᾳδίως
3245 3942 3339 3992 καί
3362 3941 3428 3992 τα
3460 3940 3600 3993 καλὰ
3622 3942 3714 3992 καὶ
3740 3940 3807 3991 τὰ
3832 3941 4004 4008 χείρω

2426 4034 2740 4103 μηνύουσα⁶
2770 4034 2863 4086 καὶ
2887 4033 3023 4103 πρὸς
3054 4032 3213 4084 αὐτὸν
3240 4030 3445 4095 ἐκάλει,
3478 4032 3571 4084 καί
3603 4030 4005 4099 ἀφικνοόμενον

2425 4115 2722 4194 ἠσπάζετο,
2756 4126 2853 4178 καὶ
2890 4124 2991 4195 τὴν
3016 4124 3339 4194 ἀγροικικὴν
3373 4124 3588 4193 ἐκείνην
3640 4122 3869 4192 σισύραν
3902 4123 4005 4191 τῆς

2424 4218 2600 4281 οἰκίας
2624 4216 2941 4287 ἀλουργίδος
2976 4215 3310 4285 τιμιωτέραν
3340 4216 3549 4284 ἡγεῖτο.
3583 4213 3691 4265 Καὶ
3720 4215 3747 4265 ὁ
3772 4212 3883 4264 τῶν
3906 4212 4001 4281 βα⁶

2428 4310 2642 4363 σιλίδων
2674 4310 2731 4362 δὲ
2760 4309 2939 4379 χορὸς,
2965 4308 3060 4361 καὶ⁵
3088 4306 3287 4377 χειρῶν
3312 4307 3566 4376 ἥπτοντο,
3601 4304 3695 4358 καὶ
3738 4305 4003 4370 γονάτων.

2427 4403 2523 4455 καὶ
2560 4403 2802 4454 ἱκέτευον
2830 4400 3019 4469 ἄνδρα,
3049 4398 3171 4451 οὐδὲ
3223 4398 3434 4450 ἐπαΐειν
3457 4397 3555 4466 τῆς
3594 4395 3843 4458 Ἑλλάδος
3882 4397 4007 4446 ἐπι-

741 4493 922 4561 gchat.
953 4489 1103 4545 Adeo
1130 4498 1184 4543 et
1206 4490 1433 4559 regibus
1453 4498 1508 4544 et
1541 4489 1859 4543 hominibus
1888 4487 2144 4542 omnibus
2168 4499 2318 4538 vene-

2430 4495 2697 4563 στάμενον
2735 4492 3006 4560 γλώσσης.
3056 4488 3212 4542 Οὕτω
3255 4488 3350 4541 καὶ
3392 4487 3669 4557 βασιλεῦσι
3710 4489 3803 4539 καὶ
3838 4491 4009 4539 πΞσῖν

745 4582 915 4635 randa
949 4596 1035 4634 res
1062 4590 1147 4635 est
1171 4579 1519 4649 philosophia
1546 4599 1560 4635 :
1587 4593 1751 4649 quam
1782 4579 1875 4648 qui
1902 4585 2088 4629 amant
2118 4586 2171 4628 et
2202 4588 2325 4643 pro-

2427 4584 2736 4657 ἀνθρώποις
2777 4583 2959 4646 αἰδοῦς
2993 4582 3141 4647 ἄξιόν
3170 4583 3287 4634 ἐστι
3324 4581 3514 4651 χρῆμα
3561 4580 3880 4649 φιλοσοςίν
3913 4581 4008 4631 καὶ

745 4672 969 4724 tltentur
1028 4681 1151 4738 post
1199 4677 1431 4724 mortem
1491 4684 1713 4740 quoque
1773 4668 2037 4736 majorem
2092 4666 2318 4735 gloriam

2425 4677 2848 4746 τελευτήσαντες
2884 4674 2940 4727 δὲ
2971 4674 3022 4726 οἱ
3056 4672 3259 4740 ταύτης
3291 4669 3518 4742 ἐρασταὶ
3562 4672 3655 4722 καί
3685 4671 4009 4739 φροντισταὶ

746 4769 1183 4832 consequuntur.
1213 4762 1392 4832 Atque
1434 4763 1537 4817 hoc
1572 4770 1685 4816 tum
1716 4776 1782 4815 ex
1815 4760 1941 4812 aliis
1980 4757 2171 4812 multis
2196 4771 2324 4825 per-

748 4852 958 4921 spicere
1003 4862 1107 4916 eSt,
1155 4859 1267 4903 tum
1298 4866 1365 4904 ex
1399 4851 1466 4905 iis
1518 4852 1756 4904 maxime
1794 4863 1917 4917 quae
1964 4846 2089 4900 huic
2140 4846 2328 4898 divino

749 4943 868 4997 viro
902 4944 1276 5011 contigerunt.
1313 4940 1614 5011 Postquam
1650 4942 1795 4995 enim
1825 4940 1934 4992 vita
1973 4936 2192 4990 functus
2220 4944 2325 4999 est,

749 5044 804 5089 et
834 5035 936 5088 hoc
968 5032 1191 5087 rescivit
1216 5034 1538 5097 imperator,
1572 5032 1793 5086 volebat
1812 5031 2042 5084 omnino
2067 5031 2120 5082 in
2145 5028 2326 5097 aliqua

752 5124 903 5177 illum
928 5124 1043 5179 aede
1072 5138 1237 5179 sacra
1262 5122 1483 5193 deponi.
1502 5122 1571 5177 At
1597 5137 1815 5193 aequum
1836 5136 1959 5177 esse
1981 5120 2329 5176 animadver-

752 5224 897 5279 tens,
928 5223 987 5269 ut
1017 5216 1261 5286 pastoris
1290 5232 1494 5286 corpus
1528 5215 1788 5285 gregibus
1831 5213 1948 5268 suis
1985 5211 2326 5275 redderetur,

753 5305 919 5362 (unus
951 5308 1063 5376 ipse
1090 5308 1319 5362 deduxit
1352 5321 1479 5363 ante
1508 5322 1722 5371 omnes,
1762 5313 1816 5360 et
1854 5320 1978 5358 eum
2025 5318 2092 5357 eo
2128 5302 2328 5357 subse-

752 5414 929 5468 quens
969 5401 1278 5468 reginarum
1303 5401 1531 5464 chorus,
1556 5400 2029 5469 magistratusque
2061 5392 2326 5457 universi,

754 5502 807 5544 et
839 5491 1064 5556 subditi,
1094 5500 1208 5544 tum
1246 5493 1470 5556 milites,
1502 5500 1617 5545 tum
1651 5501 1902 5558 expertes
1930 5487 2160 5540 militiae.
2190 5484 2329 5539 Cum

754 5581 861 5635 hoc
898 5583 1049 5636 illum
1082 5582 1268 5638 studio
1310 5593 1363 5638 et
1388 5584 1581 5640 civitas
1616 5582 1989 5642 Antiochena,
2030 5591 2084 5634 et
2120 5588 2331 5634 caetera:

752 5671 1016 5743 deinceps
1038 5690 1322 5745 excepere,
1358 5674 1535 5730 donec
1566 5676 1633 5729 ad
1670 5689 1923 5744 maguum
1960 5671 2097 5725 illud
2129 5670 2330 5725 ﬂutuen

754 5773 1078 5834 perventum
1115 5771 1218 5819 est.
1256 5765 1334 5821 Ad
1360 5766 1535 5836 ripam
1567 5775 1746 5819 autem
1782 5763 2076 5834 Euphratis
2097 5777 2329 5818 concur-

2433 4767 2675 4838 μείζονος
2700 4763 2949 4827 εὐκλείας
2976 4763 3325 4831 τυγχάνουσι.
3349 4761 3459 4813 Καὶ
3488 4757 3646 4812 τοῦτο
3675 4757 4010 4827 πολλαχόθεν

2434 4859 2532 4928 μὲν
2556 4858 2669 4909 ἐστι
2696 4855 3057 4923 καταμαθεῖν,
3082 4854 3181 4923 οὐχ
3205 4854 3407 4923 ἥκιστα
3438 4852 3495 4905 δέ
3522 4851 3616 4904 καὶ
3640 4853 3703 4903 ἐκ
3730 4850 3839 4902 τῶν
3866 4851 4009 4902 κατά

2429 4946 2577 4999 τόνδε
2604 4945 2695 4996 τὸν
2721 4943 3011 4995 θεσπέσιον
3041 4942 3349 5012 ἄνθρωπον.
3399 4940 3616 5007 Ἐπειδὴ
3644 4939 3753 5009 γὰρ
3791 4940 4011 4992 ἐτελεύ⁸

2430 5053 2580 5105 τησε,
2616 5037 2709 5088 καὶ
2736 5034 2893 5087 τοῦτο
2921 5033 3122 5102 ἔμαθεν
3150 5037 3178 5086 ὀ
3207 5033 3477 5102 βασιλεὺς,
3514 5032 3792 5101 ἠϐουλήθη
3822 5032 3923 5099 μὲν
3954 5032 4011 5083 ἓν

2429 5146 2536 5181 τινι
2566 5126 2672 5179 τῶν
2708 5126 2868 5198 ἱερῶν
2913 5126 3073 5179 αὑτὸν
3104 5124 3435 5177 καταθέσθαι
3471 5123 3669 5193 σηκῶν.
3717 5123 3925 5177 Μαθὼν
3954 5124 4010 5174 δὲ

2431 5221 2506 5283 ὼς
2537 5221 2685 5272 ὅσιον
2720 5219 2807 5288 εἴη
2832 5220 2943 5280 τοῖς
2968 5217 3239 5285 ποιμνίοις
3266 5216 3593 5286 ἀποδοθῆναι
3622 5215 3717 5268 τοῦ
3751 5215 4009 5283 ποιμένος

2430 5313 2493 5365 τὸ
2540 5311 2720 5380 σῶμα.
2772 5309 2866 5362 καὶ
2895 5309 3053 5371 αὐτὸς
3084 5309 3447 5378 προύπεμπεν
3485 5308 3807 5378 ἡγούμενος,
3861 5308 3955 5359 καὶ
3982 5309 4012 5358 ὀ

2431 5402 2539 5453 τῶν
2562 5400 2844 5471 βασιλίδων
2875 5398 3032 5468 χορὸς
3056 5399 3411 5467 ἐφεπόμενος,
3434 5399 3527 5449 καὶ
3550 5397 3813 5464 ἄρχοντες
3828 5396 4009 5450 am».

2432 5509 2543 5554 τες,
2591 5494 2683 5544 καὶ
2728 5492 3041 5561 ἀρχόμενοι,
3077 5489 3404 5561 στρατιῶται
3434 5490 3528 5542 καὶ
3578 5488 3803 5541 ἰδιιῖιται.
3853 5489 4011 5541 Μετὰ

2432 5585 2634 5650 ταύτης
2658 5584 2820 5638 αὐτὸν
2853 5584 2950 5651 τῆς
2995 5581 3231 5649 σπουδῆς
3267 5582 3363 5634 καὶ
3400 5584 3432 5651 ἡ
3491 5581 3763 5650 Ἀντιόχου
3815 5581 4011 5633 ὑπεδέ-

2436 5677 2558 5739 ξατο
2588 5677 2761 5738 πόλις,
2804 5677 2896 5728 καὶ
2930 5677 2984 5727 αἱ
3024 5674 3161 5744 μετᾶ
3205 5674 3428 5742 ταύτην,
3460 5675 3563 5735 ἕως
3599 5674 3678 5735 εἰς
3711 5673 3803 5724 τὸν
3834 5674 4013 5741 μέγαν

2436 5770 2641 5823 ἐκεῖνον
2702 5770 2927 5838 ἀφίκετο
2970 5767 3233 5833 ποταμόν.
3286 5767 3439 5837 Παρὰ
3476 5768 3530 5820 δὲ
3584 5763 3680 5817 τοῦ
3719 5765 4010 5834 Εὐφράτου
