4206 6456
188 425 318 488 1435

1368 420 1776 481 RELIGIOSA
1852 420 2234 483 HISTORIA.

3307 422 3439 484 1426

178 540 278 610 τήν
301 540 492 611 ὃχθην,
522 536 771 593 συνέθεον
795 537 894 608 μὲν
919 537 1092 602 ἀστοὶ,
1118 536 1366 590 συνέθεον
1396 537 1451 591 δὲ
1478 537 1642 605 ξένοι,
1666 537 1760 591 καὶ

1870 538 2058 593 rebant
2106 537 2273 600 cives,
2313 533 2716 589 concurrebant
2762 540 2815 589 et
2849 533 3145 604 peregrini,
3191 536 3439 587 etrusti-

180 636 481 706 γοιρητικοὶ
509 636 731 712 πάντες,
767 634 863 687 καὶ
888 634 1076 704 ὅμοροι
1106 633 1162 687 δὲ
1187 632 1289 701 τῆς
1319 633 1572 702 εὑλογίας
1626 636 1760 687 ἁπο-

181 728 365 780 ).ἀὑειν
416 726 740 795 ἠπείγοντο⁶
798 724 1116 797 ῥαϐδοφόρον
1168 724 1224 778 δὲ
1268 725 1453 778 πολλοὶ
1508 728 1571 797 τῇ
1605 724 1759 797 κλίνῃ

181 820 536 889 παρείποντο,
566 822 692 882 τοὺς
719 818 958 891 γυμνοῦν
991 818 1053 872 τὸ
1078 818 1236 889 σῶμα
1262 818 1359 889 τῆς
1380 818 1607 888 ἐσθῆτος
1643 833 1761 869 πει-

182 910 486 979 ρωμένους.
521 910 613 963 καὶ
644 910 808 981 ῥάκια
842 907 1139 979 λαμϐάνειν
1180 907 1387 960 ἐκεῖθεν
1420 906 1758 978 ἐφιεμένους,

179 1002 255 1062 ὡς
298 1001 553 1060 παίοντες
587 999 966 1069 δεδιττόμενοι.
997 998 1107 1052 Καὶ
1146 993 1215 1070 ἦν
1244 998 1483 1063 ἀκούειν,
1517 998 1625 1050 τῶν
1662 998 1761 1067 μὲν

178 1091 493 1160 ψαλλόντων
517 1133 531 1157 ,
570 1091 680 1143 τῶν
707 1090 764 1143 δὲ
788 1089 1229 1161 θρηνῳδούντων.
1271 1090 1337 1143 Ἦ
1385 1090 1481 1160 μὲν
1509 1089 1615 1161 γὰρ
1640 1090 1763 1143 όδυο

182 1182 387 1251 ρομένη
417 1182 726 1252 προστάτην
750 1181 955 1245 ἐκάλει,
991 1182 1022 1250 ἡ
1051 1180 1106 1233 δὲ
1128 1180 1351 1252 τροφέα,
1378 1180 1412 1249 ή
1444 1179 1500 1233 δὲ
1531 1179 1763 1249 ποιμένα

177 1290 236 1326 τε
264 1273 362 1326 καὶ
386 1272 721 1326 διδάσκαλον·
746 1272 836 1325 καὶ
856 1273 886 1325 ό
910 1273 1010 1343 μὲν
1036 1271 1287 1342 δακρύων
1316 1270 1526 1341 πατέρα
1549 1270 1763 1341 ὠνόμα-

178 1364 291 1426 ζεν,
326 1365 353 1414 ὁ
375 1364 438 1415 δὲ·
462 1363 749 1433 ἐπίκουρον
777 1364 867 1415 καὶ
892 1363 1183 1433 κηδεμόνα.
1208 1360 1361 1416 Μετὰ
1390 1360 1645 1415 τοιούτων
1677 1362 1765 1413 εὑ-

182 1454 411 1522 φημιῶν
438 1470 498 1507 τε
524 1456 615 1507 καὶ
639 1453 852 1526 θρήνων
885 1452 963 1525 τῷ
993 1455 1151 1525 τάφῳ
1187 1453 1247 1506 τὸ
1281 1455 1433 1522 ἆγιον
1464 1455 1639 1506 ἐκεῖνο
1676 1455 1765 1507 καὶ

184 1545 331 1615 ἱερὸν
362 1546 684 1615 παρέδωκαν
717 1546 895 1616 σῶμα.
936 1544 1077 1613 Ἐγὼ
1101 1546 1157 1599 δὲ
1192 1544 1478 1616 Θαυμάσας
1500 1587 1514 1609 ,
1554 1545 1638 1598 ὅτι
1667 1545 1765 1615 τὴν

182 1634 462 1687 πολιτείαν
483 1634 738 1705 ἀμείψας,
772 1636 865 1688 τὸν
909 1635 1021 1706 βίον
1052 1637 1113 1689 οὑ
1165 1634 1576 1705 συμμετέϐαλεν
1598 1677 1612 1701 ,
1644 1637 1765 1689 οὐδὲ

178 1728 477 1798 ἀνειμένην
520 1731 577 1781 ἐν
633 1731 698 1799 τῇ
759 1729 1019 1801 προεδρίᾳ
1067 1729 1321 1799 ἠγάπησε
1360 1728 1593 1795 δίαιταν,
1633 1728 1766 1783 ἀλλὰ

177 1821 307 1881 τοὺς
335 1822 667 1889 άσκητικοὺς
710 1820 985 1890 ἐπηύξησε
1020 1822 1235 1881 πόνους,
1276 1822 1333 1871 ὲν
1359 1823 1425 1890 τῇ
1449 1819 1557 1872 τῶν
1600 1836 1765 1886 μονα·

1861 631 1985 687 cani
2014 643 2225 691 omnes,
2255 629 2385 699 quin
2403 634 2458 682 et
2480 626 2695 681 finitimi
2715 641 2933 697 quoque
2951 626 3016 680 ad
3039 624 3330 680 fruendam
3346 626 3441 679 be-

1861 723 2227 778 nedictionem
2264 722 2685 775 contendebant.
2721 716 2989 771 Loculum
3023 733 3184 788 porro
3217 718 3442 772 lictores

1863 809 2017 871 inulti
2039 812 2531 882 prosequebantur,
2563 825 2658 865 eos
2676 809 2770 879 qui
2796 822 2999 878 corpus
3031 817 3178 864 veste
3208 809 3445 879 spoliare

1864 904 2200 971 nitebantur,
2221 914 2274 958 et
2297 903 2623 973 panniculos
2655 902 2780 957 inde
2809 916 3095 956 assumere
3122 902 3440 971 cupiebant,

1862 1000 2146 1053 verberum
2164 1006 2306 1053 metu
2321 998 2678 1052 deterrentes.
2694 995 2770 1050 lbi
2784 994 3089 1050 audiresim
3100 995 3152 1048 ul
3170 1002 3288 1049 erat
3304 995 3442 1049 alios

1864 1091 2185 1163 psallentes,
2204 1091 2339 1145 alios
2354 1090 2735 1145 lamentantes.
2754 1087 2889 1143 Nam
2903 1103 3024 1159 quae
3039 1086 3318 1159 lugebant,
3338 1087 3441 1140 alia

1864 1191 2102 1240 tutorem
2136 1198 2296 1239 suum
2323 1183 2692 1252 appellabant,
2718 1181 2821 1235 alia
2848 1182 3102 1243 altorem,
3126 1179 3232 1234 alia
3264 1185 3447 1249 pasto-

1865 1291 1981 1332 rem
2016 1282 2083 1330 et“
2103 1275 2427 1345 magistrum
2455 1290 2468 1327 :
2501 1281 2556 1329 et
2594 1274 2687 1344 qui
2728 1273 3198 1344 laerymabantur,
3228 1279 3443 1343 patrem

1866 1367 2282 1436 nuncupabant,
2318 1371 2373 1419 et
2399 1364 2742 1434 adjutorem,
2775 1371 2830 1419 et
2872 1373 3206 1418 curatorem.
3244 1363 3449 1434 Hujus-

1866 1462 2154 1517 modicum
2176 1458 2428 1514 laudibus
2445 1466 2499 1514 et
2529 1458 2786 1512 lamentis
2804 1466 3054 1511 sanctum
3076 1456 3209 1512 illud
3234 1452 3450 1526 1229

1868 1566 2198 1621 sacrumque
2222 1566 2425 1621 corpus
2455 1549 2757 1619 sepulturae
2784 1548 3136 1602 mandarunt.
3177 1548 3290 1616 Ego
3320 1560 3448 1600 vero

1869 1643 1920 1698 id
1953 1642 2280 1703 admiratus,
2300 1640 2444 1709 quod
2474 1648 2683 1693 mutato
2709 1639 2835 1693 vitae
2868 1638 3121 1693 instituto
3146 1637 3321 1691 vitam
3342 1652 3451 1690 una

1869 1750 1979 1790 non
2012 1733 2256 1798 mutarit,
2293 1747 2470 1800 neque
2502 1732 2812 1785 molliorem
2861 1730 3046 1785 victus
3080 1730 3349 1783 rationem
3393 1728 3448 1782 in

1869 1829 2186 1896 episcopatu
2214 1833 2436 1881 secutus
2460 1825 2553 1887 sit,
2574 1823 2669 1879 sed
2691 1823 2957 1879 asceticos
2977 1824 3189 1877 labores
3210 1821 3449 1876 adauxe-

180 1912 290 1979 χῶν
325 1911 491 1963 αὑτὸν
523 1912 732 1983 ἱστορίᾳ
780 1911 1065 1977 κατέλεξα.
1116 1912 1213 1964 καὶ
1262 1914 1359 1981 τῆς
1385 1912 1761 1982 ἁγαπηίιείσης

1870 1919 1958 1981 rit,
1994 1919 2045 1973 in
2074 1917 2469 1972 monachorum
2506 1914 2659 1968 illum
2709 1914 2939 1969 historia
2967 1913 3244 1980 recensui,
3284 1922 3337 1968 et
3377 1912 3447 1966 ab

180 2004 276 2056 ὑπ’
304 2003 471 2057 αὑτοῦ
497 2005 804 2076 συμμορίας
833 2005 933 2059 οὑκ
963 2003 1223 2077 ἐχώρισα,
1273 2006 1348 2070 ὡς
1380 2006 1477 2076 τῆς
1516 2003 1766 2058 ἐντεῦθεν

178 2096 470 2167 ἐφιέμενος
506 2096 778 2165 εὐλογίας.

688 2233 793 2287 IH'.
827 2260 892 2271 —
918 2232 1270 2286 ΕΥΣΕΒΙΟΣ.

249 2370 379 2431 Τοῖς
420 2368 839 2440 προειρημένοις
872 2368 1050 2437 ἁγίοις
1102 2368 1397 2441 προσθήσω
1424 2371 1635 2424 καὶτὸν
1669 2370 1767 2441 μέο

177 2478 282 2528 γαν
342 2460 622 2527 Εὑσέϐιον,
655 2461 713 2525 δς
758 2462 819 2514 οὑ
882 2464 990 2534 πρὸ
1042 2460 1240 2514 πολλοῦ
1286 2462 1415 2534 μὲνι
1447 2463 1763 2536 ἐτελεύτησε

179 2554 404 2623 χρόνου,
448 2554 744 2622 πάμπολλα
788 2554 845 2607 δὲ
884 2552 976 2623 ἔτη
1022 2553 1319 2623 βεϐιωκὼς,
1362 2554 1647 2626 ίσόμετρον
1690 2554 1767 2626 τῷ

179 2646 364 2715 χρόνῳ
413 2644 504 2697 τὸν
544 2647 707 2699 πόνον
753 2646 1067 2716 ὑπέμεινεν,
1110 2646 1394 2717 ίσόμετρον
1430 2647 1486 2701 δὲ
1519 2648 1597 2718 τῷ
1623 2648 1768 2719 πόνῳ

183 2736 470 2801 συνέλεξεν
507 2739 731 2808 ἀρετὴν,
764 2738 1164 2793 πολλαπλάσιον
1190 2740 1247 2793 δὲ
1274 2739 1337 2793 τὸ
1375 2740 1625 2794 ἐντεῦθεν
1667 2741 1767 2793 άπ-

182 2829 453 2896 ενέγκατο
485 2830 698 2899 κέρδος.
739 2829 797 2883 '0
820 2830 925 2901 γὰρ
973 2831 1343 2901 ’Δγωνοθέτης
1368 2834 1433 2903 τῇ
1486 2832 1765 2903 φιλοτιμίᾳ

180 2921 291 2973 τ’ὒν
343 2921 663 2976 ἀντιδόσεων
695 2923 1013 2994 ὑπερϐαίνει
1047 2925 1175 2988 τοὺς
1202 2924 1415 2987 ἄθλους.
1445 2918 1614 2987 Οὗτος
1662 2926 1768 2978 τοί-

181 3030 280 3063 νυν
330 3012 513 3077 ἄλλοις
553 3013 623 3067 τά
669 3014 862 3084 πρῶτα
911 3014 1008 3084 τὴν
1067 3016 1275 3068 οἰκείαν
1327 3014 1767 3075 καταπιστεύσας

182 3102 531 3172 ἐπιμέλειαν,
592 3104 760 3174 ἠγετο
872 3105 938 3157 ἂν
973 3106 1171 3160 ἐκεῖνοι
1212 3101 1367 3176 ἦγον.
1408 3106 1631 3177 ’Ἄνδρες
1659 3108 1767 3176 γάρ

180 3191 328 3263 ἦσαν
358 3195 454 3246 καὶ
490 3195 643 3248 αὑτοὶ
672 3194 827 3260 θεῖοι,
856 3198 950 3249 καὶ
976 3197 1077 3265 τῆς
1098 3198 1299 3269 ἀρετῆς
1333 3196 1564 3268 ἀθληταί
1594 3215 1651 3250 τε
1673 3198 1768 3251 καὶ

181 3287 521 3354 γυμνασταί.
569 3287 775 3357 Χρόνον
822 3289 878 3342 δέ
926 3308 1049 3343 τινα
1100 3290 1309 3353 τούτοις
1360 3290 1767 3362 συνδιατρίψας,
1797 3260 1839 3321 c

182 3380 280 3431 καὶ
316 3374 376 3430 εὖ
415 3380 507 3432 καὶ
536 3378 714 3443 καλῶς
735 3381 832 3450 τῆς
858 3381 1171 3450 φιλοσοφίας
1197 3383 1295 3452 τὴν
1324 3384 1635 3453 ἐπιστήμην
1667 3400 1772 3435 πα-

186 3466 464 3536 ραλαϐὼν,
520 3469 611 3521 τὸν
648 3470 863 3541 μονήρη
903 3471 1015 3541 βίον
1066 3472 1371 3541 ἠσπάσατο,
1404 3474 1496 3526 καί
1526 3492 1645 3527 τινα
1680 3476 1774 3545 ραο

181 3558 343 3627 χείαν
382 3559 544 3629 ὄρους
591 3562 937 3629 καταλαϐὼν,
986 3565 1260 3619 ἐπίκειται
1312 3565 1369 3618 δὲ
1417 3567 1554 3638 αὐτῇ
1610 3565 1771 3636 κώμη

188 3651 451 3720 μεγίστη.
511 3652 733 3723 Ἀσιχᾶν
776 3654 837 3707 δὲ
894 3656 1065 3727 αὑτὴν
1123 3656 1472 3728 ὀνομάζουσι,
1542 3659 1774 3731 θριγκίῳ

189 3741 342 3812 μόνῳ
375 3743 742 3815 χρησάμενος,
788 3747 883 3799 καὶ
926 3749 1055 3812 τοὺς
1101 3747 1277 3813 λίθους
1297 3751 1417 3804 οὑδὲ
1463 3751 1620 3822 πηλῷ
1648 3769 1765 3804 συνο

185 3835 463 3903 αρμόσας,
491 3836 775 3907 ὑπαίθριος
800 3838 862 3890 τὸ
883 3837 1067 3892 λοιπὸν
1092 3840 1458 3911 ταλαιπωρῶν
1504 3842 1770 3895 διετέλεσε

188 3926 327 3995 βίον,
350 3926 539 3996 ἐσθῆτι
560 3927 659 3997 μὲν
674 3928 975 4003 δερματίνῃ
1004 3930 1141 3985 καλυ
1152 3931 1434 4002 πτάμενος,
1466 3932 1771 4003 ἐρεϐίνθοις

186 4018 243 4069 δὲ
282 4020 379 4070 καὶ
427 4019 663 4089 κυάμοις
712 4020 865 4075 ὕδατι
916 4022 1224 4092 δευομένοις
1274 4025 1627 4095 τρεφόμενος.
1668 4026 1776 4078 Καὶ

191 4110 428 4180 ἰσχάδων
474 4110 531 4164 δὲ
572 4112 721 4164 ἔστιν
762 4114 850 4166 ὅτε
886 4114 1313 4185 μετελάμϐανεν,
1347 4117 1649 4184 ὑπερείδειν
1684 4117 1775 4169 τοῦ

191 4201 452 4271 σώματος
498 4202 597 4273 τὴν
643 4203 927 4258 ἀσθένειαν
974 4205 1115 4258 οὓτω
1139 4207 1497 4277 πειρώμενος.
1545 4209 1651 4261 Καὶ
1698 4212 1778 4272 εἰς

188 4292 371 4362 γῆρας
418 4292 465 4344 δ’
514 4294 713 4356 ἐλάσας
761 4294 917 4368 βαθὺ,
968 4299 1043 4360 ὡς
1091 4298 1188 4351 καὶ
1236 4298 1345 4351 τῶν
1383 4298 1609 4353 ὀδόντων
1652 4302 1777 4363 τοὺς

190 4383 418 4445 πλείους
446 4383 684 4437 άποϐαλε
694 4391 761 4450 tv,
780 4384 905 4438 οὔτε
926 4387 1024 4456 τὴν
1045 4387 1249 4458 τροφὴν
1274 4387 1396 4442 οὔτε
1423 4389 1518 4457 τὴν
1558 4391 1778 4458 οἴκησιν

189 4474 458 4544 ἥμειψεν·
511 4476 646 4536 ἀλλά
698 4478 790 4531 κα).
842 4479 898 4531 ὲν
930 4480 1159 4549 χειμῶνι
1205 4481 1568 4552 πηγνύμενος,
1602 4483 1693 4535 καί
1722 4485 1777 4535 ὲν

1869 2012 2062 2066 ordine
2092 2025 2253 2081 quem
2296 2008 2582 2063 adamarat
2628 2020 2737 2061 non
2788 2004 3028 2073 sejunxi,
3066 2015 3124 2059 ut
3169 2004 3259 2075 qui
3304 2004 3450 2058 hanc

1868 2116 2086 2174 quoque
2117 2092 2555 2157 benedictionem
2587 2104 2859 2168 expetam.

2254 2234 2438 2290 Χνιιι.
2474 2265 2543 2274 --
2578 2232 2937 2289 EUSEBIUS.

1940 2346 2283 2443 Supradirlis
2326 2370 2531 2426 sanctis
2583 2369 2883 2450 Eusebium
2930 2385 3149 2439 quoque
3187 2374 3445 2439 magnum

1866 2466 2118 2536 adjiciam
2151 2463 2407 2536 quibaud
2432 2463 2503 2517 ita
2538 2462 2743 2517 dudum
2779 2461 2998 2532 quidem
3044 2452 3151 2516 vita
3187 2462 3448 2523 excessit.

1866 2558 2115 2627 plurimis
2132 2566 2308 2612 autem
2322 2557 2481 2611 annis
2495 2571 2614 2609 cum
2637 2555 2854 2618 vixerit,
2869 2555 3129 2625 aqualem
3145 2558 3285 2609 atati
3303 2555 3455 2611 labo—

1869 2664 1981 2703 rem
2017 2648 2251 2719 pertulit,
2275 2645 2839 2716 requalemquelabori
2862 2646 3115 2699 virtutem
3137 2645 3375 2713 collegit,
3398 2653 3453 2700 et

1868 2738 2360 2811 multipliceminde
2380 2737 2615 2793 fructum
2637 2738 2841 2792 retulit.
2859 2737 3197 2808 Agonotlieta
3219 2753 3454 2806 namque

1869 2834 2377 2891 remunerationum
2402 2833 2421 2854 ⁶
2446 2829 2850 2899 magnificentia
2885 2831 3102 2885 labores
3133 2837 3447 2900 exsuperat.

1869 2925 1968 2980 Hic
1988 2926 2153 2996 igitur
2168 2940 2288 2980 cum
2314 2924 2398 2979 sui
2423 2923 2593 2992 ipsius
2622 2936 2810 2976 curam
2847 2921 2971 2976 aliis
2997 2922 3153 2997 initio
3184 2921 3454 2977 credidis-

1869 3027 1971 3085 set,
2004 3020 2303 3074 ducebatur
2324 3032 2434 3089 quo
2466 3016 2541 3070 illi
2566 3013 2990 3069 ducebant.Viri
3014 3014 3160 3068 enim
3207 3022 3363 3069 erant
3399 3014 3451 3067 lii

1867 3125 2086 3181 quoque
2144 3109 2339 3171 divini,
2398 3106 2614 3160 athletae
2669 3120 2734 3160 ac
2771 3103 2987 3175 pugiles
3030 3104 3270 3159 virtutis.
3342 3103 3456 3158 Ali-

1872 3212 2082 3276 quanto
2116 3216 2249 3257 vero
2289 3211 2536 3272 tempore
2572 3215 2698 3255 cum
2729 3201 2838 3256 illis
2880 3206 3155 3263 versatus,
3189 3204 3242 3251 et
3276 3196 3457 3265 philo-

1874 3295 2081 3365 sOpliiae
2126 3294 2358 3349 scientia
2397 3294 2557 3363 plene
2606 3291 2872 3357 imbutus,
2921 3292 3089 3344 vitam
3148 3288 3450 3343 solitariam

1874 3386 2158 3457 amplexus
2192 3395 2298 3449 est,
2328 3383 2603 3453 dorsoque
2628 3383 2835 3437 montis
2859 3389 3152 3451 occupato,
3188 3380 3278 3434 cui
3304 3381 3455 3433 vicus

1874 3476 2215 3549 praegrandis
2244 3475 2480 3545 adiacet,
2517 3475 2721 3530 Asieha
2756 3475 3002 3539 nomine,
3056 3473 3292 3529 maceria
3328 3473 3447 3526 sola

1876 3578 2197 3631 contentus.
2230 3570 2388 3639 cujus
2414 3569 2627 3639 lapides
2660 3584 2728 3623 ne
2760 3569 2876 3621 luto
2900 3566 3122 3637 quidem
3143 3566 3454 3636 copularat,

1877 3664 1980 3719 sub
2014 3664 2105 3718 dio
2137 3662 2407 3732 reliquum
2446 3665 2574 3716 vita:
2612 3662 2850 3731 spatium
2879 3660 2931 3714 in
2965 3659 3232 3714 aerumnis
3268 3673 3458 3712 emen-

1878 3772 1973 3811 sus
2009 3765 2111 3819 est,
2144 3756 2372 3825 pellicea
2402 3762 2553 3809 veste
2582 3755 2841 3817 amictus,
2881 3753 3268 3823 ciceribusque
3301 3759 3355 3806 et
3380 3749 3461 3804 fa-

1876 3848 1959 3901 bis
1977 3861 2205 3902 vescens
2228 3860 2367 3916 aqua
2386 3845 2728 3901 madefactis.
2752 3845 2977 3901 Caricas
2998 3846 3160 3899 etiam
3186 3844 3457 3899 interdum

1878 3938 2135 4008 sumpsit,
2155 3939 2413 4009 corporis
2443 3938 2785 3992 debilitatem
2811 3937 3101 3992 sublevare
3121 3936 3222 3990 hac
3249 3935 3458 3989 ratione

1879 4030 2126 4085 studens.
2150 4028 2231 4083 Ad
2258 4030 2471 4085 senium
2501 4041 2683 4085 autem
2707 4031 2964 4083 ultimum
2993 4035 3309 4099 provectus,
3333 4042 3455 4080 cum

1878 4122 2069 4176 dentes
2098 4121 2365 4191 plurimos
2397 4122 2700 4182 amisisset,
2754 4134 2931 4189 neque
2968 4121 3170 4173 victum
3206 4117 3457 4180 mutavit,

1880 4230 2055 4283 neque
2085 4214 2502 4276 habitationem,
2555 4214 2648 4268 sed
2689 4214 2868 4268 hieme
2900 4220 3217 4273 concretus,
3266 4217 3460 4264 aestate

1880 4307 2133 4371 adustus,
2170 4305 2383 4376 1230
2412 4313 2736 4360 constanter
2765 4303 2980 4360 ferebat
3012 4302 3321 4358 contrarias
3365 4317 3457 4355 ae-

1881 4400 1958 4454 ris
1985 4399 2305 4469 qualitates,
2341 4398 2479 4452 facie
2512 4404 2829 4467 corrugala,
2862 4395 3229 4464 membrisque
3258 4397 3456 4462 corpo-

1882 4493 1958 4545 ris
1988 4492 2246 4546 omnilius
2300 4489 2581 4545 arefactis.
2622 4488 2843 4560 Corpus
2874 4500 3055 4563 autem
3093 4488 3282 4542 multis
3310 4486 3459 4539 lalio-

164 4567 345 4638 ’θέρει
377 4566 729 4638 φλεγόμενος,
758 4568 919 4639 ἔφερε
949 4571 1231 4642 καρτερῶς
1269 4573 1369 4636 τὰς
1404 4573 1653 4635 ἐναντίας
1684 4573 1774 4627 τοῦ

1885 4584 2040 4637 ribus
2072 4583 2152 4636 sic
2187 4583 2493 4644 attriverat,
2519 4590 2577 4635 ut
2598 4598 2736 4636 zona
2770 4581 2825 4664 in
2853 4580 3054 4661 lumbis
3078 4577 3457 4634 nonlmrervt.

193 4658 359 4728 ἀέρος
389 4659 706 4729 ποιότητας,
730 4662 1091 4732 ἐρικνωμένον
1119 4661 1181 4734 [ί.
1213 4664 1480 4736 Eponam]
1512 4666 1608 4735 μὲν
1638 4668 1775 4736 ἔχων

192 4751 252 4802 τὸ
278 4750 602 4819 πρόσωπον,
635 4754 1065 4823 τεταριχευμένα
1089 4756 1144 4808 δὲ
1188 4756 1403 4810 ἅπαντα
1426 4758 1492 4810 τά
1518 4759 1653 4828 μέλη
1683 4759 1783 4811 τοῦ

197 4842 475 4911 σώματος.
509 4842 668 4897 Οὕτω
700 4845 758 4897 δὲ
782 4849 893 4909 τοῖς
925 4846 1135 4913 πολλοῖς
1162 4848 1343 4912 πόνοις
1370 4851 1432 4902 τδ
1472 4850 1632 4920 σῶμα
1658 4868 1783 4904 κατ-

194 4935 559 5005 εδαπάνησεν,
592 4936 668 4999 ὡς
692 4937 826 5009 μηδὲ
846 4937 944 5009 τὴν
961 4938 1247 5011 ζώνηνὲπὶ
1277 4940 1375 5010 τῆς
1403 4941 1544 5006 ίξύος
1579 4942 1781 5011 μένειν,

196 5027 313 5081 ἁλλ’
348 5031 441 5079 ἐπὶ
478 5028 546 5081 τὰ
581 5030 732 5082 κάτω
772 5034 988 5101 χωρεῖν.
1022 5032 1096 5084 Οὑ
1124 5032 1230 5104 γὰρ
1258 5028 1324 5103 ἦν
1349 5034 1377 5086 ὃ
1416 5051 1467 5085 τι
1496 5032 1793 5097 κωλύσειε,

198 5120 594 5187 κατηνάλωντο
625 5121 679 5174 δὲ
721 5122 815 5175 καὶ
851 5122 1085 5191 γλουτοὶ,
1124 5125 1219 5178 καὶ
1250 5126 1417 5195 ἰσχία,
1452 5128 1544 5180 καὶ
1592 5129 1784 5196 παρεῖ-

197 5232 293 5284 χον
323 5216 389 5284 τῇ
435 5213 581 5286 ζώνῃ
615 5214 804 5284 ῥᾳδίαν
839 5215 937 5286 τὴν
1000 5217 1092 5270 ent
1140 5218 1210 5271 τά
1238 5219 1389 5272 κάτω
1430 5220 1623 5291 φοράν.
1655 5221 1782 5272 Τοι-

199 5308 401 5377 γάρτοι
435 5305 512 5375 τῷ
550 5307 738 5375 χιτῶνι
764 5308 864 5379 τὴν
896 5308 1073 5378 ζώνην
1105 5312 1505 5382 προσέρῤαψεν,
1527 5311 1667 5365 οὑτω
1688 5312 1786 5383 τὴν

203 5399 399 5452 στάσιν
452 5399 593 5470 αὑτῇ
645 5400 1026 5469 σοφισάμενος.
1077 5403 1289 5472 Κομιδῆ
1325 5404 1381 5457 δὲ
1463 5404 1625 5458 αὑτὸν
1679 5407 1786 5457 ἁπ-

204 5492 428 5543 ἑκναιεν
466 5494 497 5559 ἡ
525 5492 663 5561 πρὸς
697 5494 822 5555 τοὺς
847 5493 1070 5557 πολλοὺς
1115 5494 1299 5564 ὁμιλία
1330 5513 1343 5527 ’
1377 5504 1473 5567 την
1504 5496 1651 5550 θείαν
1679 5497 1788 5566 γὰρ

203 5582 475 5649 διηνεκῶς
514 5582 919 5655 φανταζόμενος
956 5586 1209 5656 θεωρίαν,
1238 5588 1419 5640 ’ἐλκειν
1451 5587 1658 5641 ἐκεῖθεν
1687 5591 1787 5641 οὑκ

207 5674 465 5728 ἑϐθιύλετο
490 5674 588 5745 τὴν
619 5674 877 5730 διάνοιαν.
933 5676 1071 5729 Ἀλλ’
1112 5678 1264 5747 ὅμως
1299 5679 1393 5731 καί
1426 5678 1627 5748 θερμὸν
1649 5678 1788 5748 ἔχων

208 5767 355 5821 οὕτω
380 5768 472 5820 τὸν
507 5767 707 5841 ἔρωτα,
735 5768 932 5838 ὀλίγοις
962 5770 1067 5822 τῶν
1096 5772 1391 5842 ,γνωρίμων
1421 5774 1789 5845 ἀποφράττειν

209 5866 309 5932 τὴν
346 5862 518 5933 θύραν
559 5864 653 5915 καὶ
702 5864 828 5918 εἴσω
878 5866 1173 5919 διαϐαίνειν
1222 5860 1524 5938 ἐπέτρεπελ
1560 5872 1652 5923 καὶ
1696 5869 1791 5943 τὴν

1883 4674 1975 4729 sed
2025 4675 2278 4729 deorsum
2312 4673 2605 4741 deflueret,
2652 4669 3061 4755 cumfob'staret
3109 4669 3269 4735 nihil,
3330 4668 3456 4737 quia

1883 4765 2165 4819 extenuati
2199 4766 2386 4820 clunes
2419 4776 2471 4820 et
2495 4780 2651 4820 come
2686 4744 2900 4818 facilem
2940 4744 3093 4817 zona:
3125 4761 3456 4815 descensum

1884 4858 2115 4912 dabant.
2145 4856 2327 4922 Quare
2360 4857 2561 4910 tunicae
2589 4857 2736 4910 illam
2772 4870 3006 4910 assucns
3036 4863 3212 4907 artem
3248 4850 3460 4905 invenit

1886 4968 1993 5022 qua
2019 4952 2367 5006 consisteret.
2398 4950 2689 5017 Multorum
2720 4948 3144 5017 eongressiones
3174 4941 3458 5011 mgerrime

1888 5047 2111 5103 ferebat.
2167 5046 2371 5100 Divina:
2413 5046 2617 5116 quippe
2663 5037 3118 5111 contemplationi
3193 5043 3456 5105 perpetuo

1887 5138 2094 5203 aflixus,
2125 5120 2301 5193 avelli"
2327 5137 2395 5190 ab
2431 5152 2493 5193 ea
2553 5142 2786 5201 mentem
2827 5131 3065 5186 nolebat.
3098 5128 3349 5182 Altamen
3378 5133 3462 5178 et-

1888 5230 1933 5284 si
1966 5238 2073 5282 lam
2105 5229 2336 5283 incenso
2367 5240 2553 5280 amore
2573 5230 2872 5286 teneretur,
2903 5219 3095 5289 paucis
3122 5214 3456 5287 quibusdam

1889 5319 2033 5371 notis
2059 5318 2374 5375 obstructas
2401 5313 2548 5369 fores
2580 5312 2864 5368 recludere
2895 5318 2949 5363 et
2984 5306 3193 5360 intrare
3230 5300 3459 5373 permit-

1890 5407 2040 5462 tebat
2102 5427 2114 5462 :
2152 5422 2292 5478 quos
2331 5404 2645 5478 divinorum
2677 5399 3024 5469 eloquiorum
3077 5393 3327 5449 doctrina
3376 5389 3464 5443 in-

1892 5508 2135 5555 structos
2189 5472 2491 5561 dimittens,
2526 5495 2750 5565 jauuam
2784 5492 2900 5545 luto
2958 5488 3159 5543 iterum
3209 5482 3465 5551 obsepire

1887 5594 2136 5664 jubebat.
2202 5590 2404 5644 Verum
2442 5590 2617 5645 salius
2663 5584 2879 5640 tandem
2938 5581 3106 5635 etiam
3162 5583 3461 5647 paucorum

1891 5689 2246 5755 congressum
2315 5686 2485 5735 vitare
2526 5690 2715 5742 ratus,
2779 5676 2954 5747 lapide
2998 5671 3206 5743 ingenti
3268 5667 3334 5723 ad
3381 5666 3465 5735 ja-

1892 5792 2056 5831 nuaiu
2120 5776 2339 5829 admoto
2372 5773 2575 5826 aditum
2628 5769 2847 5841 penitus
2900 5762 3225 5825 interclusit,
3271 5771 3323 5812 et
3373 5770 3470 5826 per

1896 5869 2140 5923 foramen
2176 5867 2453 5937 quoddam
2507 5879 2712 5935 paucos
2745 5879 2771 5915 c
2804 5856 3170 5914 familiaribus
3218 5852 3465 5919 alloque-
