4206 6456
751 374 883 444 H27

1753 387 2241 449 THEODORETI
2282 387 2623 458 EPISCOPI
2659 387 3026 449 CYRENSIS

3859 379 3999 443 1438

750 493 913 547 batur
934 494 1175 563 quidem,
1210 498 1303 549 se-J
1328 492 1395 549 ab
1431 497 1515 553 eis
1540 514 1647 553 non
1680 497 2034 555 cernebatur.
2064 497 2157 553 Sic
2179 497 2322 552 enim
2353 550 2354 555 η

2428 498 2533 551 ἀπὸ
2592 499 2700 551 τῶν
2764 498 2923 551 θείων
2979 496 3176 564 λογίων
3242 493 3586 549 διδασκαλίαν
3653 493 4035 575 προσφέρων,

750 600 1098 656 prospexerat
1132 590 1521 664 :indidemque
1546 596 1803 664 exiguum
1835 593 1985 647 illum
2016 596 2199 648 cibmn
2235 611 2324 650 ac-

753 680 1011 749 cipiebat.
1046 678 1284 737 Rursum
1317 701 1447 741 vero
1478 688 1711 740 aliorum
1744 687 1993 741 omnium
2028 689 2324 758 colloquiis

749 770 1013 832 exclusis,
1057 788 1144 825 me
1197 790 1364 829 unum
1398 777 1486 829 illa
1527 776 1677 831 dulci
1727 776 1949 848 Deoquc
2000 786 2156 848 grata
2188 795 2325 835 voce

747 861 1088 929 dignabatur,
1122 873 1173 917 et
1201 866 1355 920 abire.
1388 868 1659 923 volentem
1691 869 2000 925 diutissime
2059 870 2125 924 de
2159 871 2323 926 cccle-

749 952 926 1005 stibus
964 956 1129 1011 rebus
1160 958 1441 1013 disserens
1477 961 1773 1016 detinebat.
1810 962 1914 1016 Sed
1951 976 2074 1016 cum
2095 962 2161 1015 ad
2200 978 2323 1018 eum

749 1041 1086 1100 confluerent
1118 1049 1292 1111 multi,
1326 1066 1388 1104 ac
1407 1051 1800 1107 benedictionis
1830 1054 2035 1107 donum
2056 1068 2323 1122 exposce-

751 1144 893 1199 rent,
927 1138 1214 1191 tumultum
1274 1140 1416 1194 bunc
1448 1144 1675 1198 moleste
1708 1147 1720 1163 ‘
1751 1144 1953 1207 ferens.
2008 1146 2154 1198 nulla
2185 1145 2322 1200 senii

750 1224 835 1276 sui
897 1225 1077 1279 habita
1129 1231 1361 1293 ratione,
1403 1248 1501 1286 nec
1549 1244 1835 1304 urgentem
1896 1236 2319 1290 imbecillitatem

749 1316 1126 1383 considerans,
1164 1326 1460 1377 maceriam
1504 1328 1764 1389 transilit,
1807 1343 1873 1382 ne
1914 1329 2140 1397 vegetis
2201 1328 2321 1396 qui-

748 1402 869 1457 dem
902 1414 957 1458 et
990 1408 1231 1464 robustis
1274 1426 1505 1466 ascensu
1557 1413 1771 1467 facilem
1808 1424 1859 1468 et
1890 1412 1954 1465 ad
2010 1414 2318 1481 proximum

747 1507 1051 1551 ascetarum
1088 1502 1292 1572 1231
1322 1515 1517 1557 emtum
1554 1504 1850 1572 profectus,
1882 1519 2163 1573 parvaque
2197 1519 2319 1557 rur-

751 1604 874 1641 sum
912 1593 1150 1645 maceria
1193 1594 1348 1660 juxta
1381 1594 1521 1647 muri
1560 1595 1817 1663 angulum
1849 1602 2149 1663 exstructa,
2184 1609 2318 1648 con-

748 1681 921 1737 suetis
982 1682 1261 1737 laboribus
1294 1682 1618 1739 decertat-it.
1682 1686 1872 1739 Aiebat
1906 1694 2083 1740 autem
2141 1687 2320 1755 gregis

747 1766 910 1836 hujus
965 1772 1325 1839 przrpositus,
1385 1775 1467 1828 vir
1521 1776 1667 1828 omni
1721 1776 1920 1829 virtute
1978 1776 2317 1834 cumulatus.

2431 590 2587 644 πάλιν
2616 591 2879 652 ἀπιόντας
2914 587 3143 642 ἐκέλευε
3171 591 3237 659 τῇ
3282 586 3419 658 θύρᾳ
3450 578 3540 640 τὸν
3571 585 3741 657 πηλὸν
3786 586 4005 639 tmesi-

2427 699 2533 735 ναι.
2584 683 2693 735 Καὶ
2744 682 2841 751 τὴν
2892 680 3025 751 πρὸς
3054 681 3181 742 τοὺς
3220 679 3430 747 ὀλίγους
3478 678 3535 732 δὲ
3580 678 3868 747 συντυχίαν
3900 694 4000 745 9‘)-

2424 776 2540 842 γεῖν
2563 774 2780 845 ἄμεινον
2805 774 3170 844 ἡγησάμενος,
3193 772 3501 841 ἀπετείχισε
3512 771 3611 841 τὴν
3630 770 3836 823 εἴσοδον
3862 786 4002 823 παν-

2424 866 2614 930 τελῶς,
2665 868 2728 935 τῇ
2764 857 2918 939 θύρᾳ
2953 865 3134 936 ἐκείνῃ
3162 864 3305 917 λίθον
3337 864 3588 933 μέγιστον
3631 864 3999 933 συναρμόσας.

2425 960 2526 1011 Δια
2568 965 2711 1020 τινος
2751 958 2807 1010 δέ
2849 957 3161 1027 ὀρύγματος
3190 956 3389 1024 ὀλίγοις
3439 956 3546 1008 τῶν
3566 955 3810 1025 συνήθων
3839 953 4002 1007 διελέ⁸

2425 1065 2551 1116 γετο
2582 1048 2700 1118 μὲν,
2732 1049 2829 1118 οὐχ
2872 1049 3080 1117 ἑωρᾶτο
3122 1048 3179 1101 δέ
3213 1065 3225 1076 ⁸
3258 1047 3401 1102 οὕτω
3429 1046 3537 1115 γὰρ
3567 1046 3959 1115 ἐμεμηχάνητο
3987 1061 4001 1076 ο

2424 1139 2632 1192 ἐκεῖθεν
2683 1138 2740 1191 δὲ
2787 1139 3092 1209 είσεδέχετο
3133 1141 3227 1191 καὶ
3277 1140 3376 1209 τὴν
3412 1137 3596 1208 ὀλίγην
3638 1137 3851 1207 ἐκείνην
3873 1153 4003 1215 τρο-

2425 1232 2551 1297 φήν.
2597 1230 2763 1283 Πάλιν
2793 1230 2848 1283 δὲ
2873 1230 2969 1301 τὴν
3003 1231 3141 1301 πρὸς
3172 1231 3422 1293 ἅπαντας
3460 1229 3848 1297 ἀπαγορεύσας
3883 1229 4005 1280 διά-

2422 1319 2587 1384 λεξιν,
2639 1322 2740 1391 ἐμὲ
2795 1322 2954 1392 μόνον
3001 1324 3100 1392 τῆς
3150 1323 3408 1391 γλυκείας
3463 1324 3676 1389 ἐκείνης
3735 1319 3828 1374 καὶ
3877 1319 4004 1389 Θεῷ

2425 1412 2586 1481 φίλης
2626 1411 2781 1482 ἠξίου
2826 1414 3046 1483 φωνῆς·
3109 1414 3199 1466 καὶ
3246 1413 3463 1466 ἀπιέναι
3509 1412 3830 1482 βουλόμενον
3878 1414 4002 1464 ἐπιο

2422 1504 2672 1557 πλεῖστον
2726 1508 2945 1574 κατεῖχε
3004 1504 3130 1574 περὶ
3176 1504 3287 1557 τῶν
3340 1504 3603 1573 οὐρανίων
3656 1503 4003 1573 πραγμάτων

2422 1594 2823 1664 διαλεγόμενος.
2880 1596 3095 1648 Πολλῶν
3123 1596 3177 1648 δὲ
3209 1595 3338 1665 πρὸς
3370 1597 3531 1649 αὐτὸν
3561 1596 3998 1671 ἀφικνουμένων,

2426 1687 2516 1738 καὶ
2564 1686 2663 1754 τῆς
2704 1684 2952 1749 εὐλογίας
3017 1685 3395 1745 ἀπαιτούντων¹
3431 1685 3491 1738 τὸ
3540 1685 3735 1755 δῶρον,
3787 1684 4001 1753 σφόδρα

2424 1777 2610 1830 τοῦτον
2661 1776 2996 1846 δυσχεράνας
3032 1776 3122 1830 τὸν
3171 1777 3416 1848 θόρυϐον,
3463 1776 3587 1830 οὔτε
3609 1778 3669 1830 τὸ
3712 1781 3889 1846 γῆρας
3917 1779 4001 1839 είς

744 1859 1057 1926 quindecim
1092 1863 1240 1916 illmn
1275 1880 1398 1918 cum
1451 1867 1651 1921 caricis
1701 1877 1906 1934 septem
1958 1868 2097 1920 sacri
2122 1866 2319 1934 jejunii

2421 1868 2547 1921 νοῦν
2600 1866 2798 1932 λαϐὼν,
2842 1868 2966 1921 οὔτε
3006 1870 3105 1939 τὴν
3150 1869 3504 1938 ἐπικειμένην
3532 1870 3815 1923 ἀσθένειαν
3851 1869 4003 1936 λογι‹

745 1947 1125 2007 hebdomadas
1160 1956 1522 2024 transegisse.
1554 1957 1731 2024 Atque
1760 1956 1864 2010 hoc
1897 1957 1985 2012 ille
2014 1961 2317 2012 certamine

744 2040 1040 2097 defunctus
1067 2054 1171 2106 est.
1210 2060 1334 2099 cum
1367 2062 1543 2101 annos
1576 2058 1761 2117 ageret
1791 2063 1960 2118 supra
1993 2050 2311 2118 nonaginta,

742 2141 798 2185 et
828 2134 1109 2191 debilitate
1153 2139 1524 2207 inexplicabili
1580 2151 1878 2199 teneretur.
1912 2142 2017 2197 Sed
2054 2142 2313 2197 debilita-

744 2236 849 2281 tem
888 2229 1135 2283 vincebat
1167 2232 1335 2286 animi
1399 2234 1683 2300 alacritas,
1742 2246 1794 2291 et
1821 2236 1912 2290 Dei
1947 2250 2104 2289 amor
2134 2234 2313 2289 facilia

742 2319 923 2373 omnia
957 2322 1219 2378 reddebat
1278 2337 1330 2379 et
1381 2326 1656 2395 expedita.
1692 2326 1788 2381 llis
1835 2342 1963 2395 ergo
2016 2326 2312 2380 sudoribus

744 2412 1001 2479 perfusus
1053 2415 1119 2467 ad
1154 2431 1351 2471 cursus
1382 2424 1577 2471 metam
1609 2419 1877 2488 pervenit,
1931 2434 1984 2473 et
2016 2419 2315 2490 agonotlte-

743 2513 851 2557 tam
893 2521 1150 2567 cernens.
1179 2517 1231 2563 et
1266 2524 1503 2565 coronas
1547 2511 1894 2567 desiderans.
1926 2511 2037 2583 Ego
2069 2528 2197 2567 vero
2228 2512 2311 2567 in-

741 2598 1075 2653 tercessione
1103 2601 1190 2652 illa
1225 2600 1328 2655 frui
1381 2603 1567 2672 cupio,
1632 2618 1738 2672 qua
1775 2602 1995 2658 fruebar
2039 2619 2163 2658 cum
2220 2620 2313 2658 su-

741 2693 950 2751 perstes
974 2697 1139 2742 esset.
1162 2688 1356 2745 Vivere
1377 2693 1523 2746 enim
1549 2693 1725 2763 ipsum
1747 2693 1933 2755 credo,
1957 2706 2009 2748 et
2034 2693 2309 2763 puriorem

740 2777 807 2829 ad
838 2778 1001 2833 Deum
1034 2781 1235 2837 habere
1268 2784 1546 2842 fiduciam.

2424 1961 2677 2029 σάμενος,
2720 1959 3037 2030 ὑπερϐαίνει
3067 1961 3128 2013 τὸ
3162 1960 3429 2031 θριγκίον,
3464 1962 3564 2013 οὐκ
3592 1960 3913 2013 εὐεπίϐατον
3936 1962 3999 2013 δν

2422 2052 2542 2105 οὐδὲ
2581 2054 2693 2115 τοῖς
2724 2051 2866 2121 μάλα
2905 2051 3177 2123 σφριγῶσι
3204 2069 3218 2082 ·
3258 2054 3351 2105 καὶ
3383 2053 3482 2125 τὴν
3514 2052 3855 2115 πελάζουσαν
3884 2054 3998 2106 τῶν

2422 2144 2677 2213 ἀσκητῶν
2708 2142 3029 2195 καταλαϐὼν
3056 2144 3385 2214 συμμορίαν,
3417 2144 3647 2216 θριγκίῳ
3679 2148 3839 2200 πάλιν
3867 2165 3997 2215 σμι-

2421 2231 2538 2302 κρῷ
2566 2230 2715 2303 παρά
2742 2232 2839 2303 τὴν
2866 2230 2960 2284 τοῦ
2993 2232 3173 2301 τοίχου
3213 2234 3413 2301 γωνίαν
3436 2236 3803 2305 χρησάμενος,
3851 2236 3997 2307 μετά

2420 2324 2530 2377 τῶν
2581 2326 2823 2395 συνήθων
2859 2324 3151 2393 ἠγωνίζετο
3188 2326 3384 2380 πόνων.
3426 2328 3494 2379 'D'
3522 2326 3575 2380 δέ
3612 2327 3811 2398 ταύτης
3852 2345 3993 2400 προ-

2420 2416 2691 2471 στατεύων
2711 2417 2809 2486 τῆς
2826 2419 3081 2488 ποίμνης,
3104 2418 3239 2490 ἀνὴρ
3265 2420 3443 2489 πάσης
3462 2421 3655 2490 μεστὸς
3670 2420 3744 2474 ὣν
3766 2421 3992 2491 ἀρετῆς,

2422 2509 2633 2577 ίσχάσιν
2671 2509 2834 2561 αὑτὸν
2878 2509 2980 2579 ἔφη
3032 2511 3417 2564 πεντεκαίδεκα
3477 2514 3842 2583 χρησάμενον,
3887 2515 3991 2577 τὰς

2419 2600 2558 2653 ἑπτὰ
2580 2601 2675 2670 τῆς
2696 2600 2853 2669 ἁγίας
2876 2602 3125 2672 νηστείας
3149 2604 3371 2657 διελθεῖν
3398 2603 3715 2674 ἑϐδομάδας.
3742 2607 3851 2660 Καὶ
3866 2605 3995 2659 τοῦ-

2417 2710 2506 2746 τον
2536 2694 2838 2762 ἠγωνίσατο
2865 2695 2956 2748 τὸν
2984 2695 3168 2763 ἀγῶνα
3200 2697 3424 2751 πλείονα
3460 2699 3557 2766 μὲν
3578 2700 3609 2767 ἢ
3633 2700 3995 2765 ἐννενήκοντα

2418 2785 2511 2853 ἔτη
2538 2785 2834 2849 βεϐιωκὼς,
2858 2788 3108 2859 ἀσθενείᾳ
3127 2789 3183 2841 δὲ
3206 2789 3993 2860 δυσδιηγήτῳτετρυχωμένος,

738 2868 874 2921 ἀλλὰ
907 2872 1005 2940 τῆς
1052 2873 1332 2935 ἀσθενείας
1364 2871 1431 2945 ἦν
1457 2877 1720 2946 κρείττων
1758 2879 1788 2947 ἡ
1828 2876 2124 2946 προθυμία,
2168 2876 2261 2927 καὶ
2298 2875 2326 2927 ὀ
2365 2872 2506 2936 θεῖος
2551 2875 2713 2936 πόθος
2760 2878 2976 2946 εὐμαρῆ
3009 2880 3183 2932 πάντα
3215 2879 3477 2931 διεδείκνυ
3505 2882 3596 2932 καὶ
3634 2881 3813 2951 ῥᾴδια.
3841 2882 3999 2933 Τού-

739 2979 853 3024 τοις
894 2964 986 3017 καὶ
1020 2957 1172 3029 οὗτος
1204 2969 1313 3031 τοῖς
1346 2967 1529 3039 ἱδρῶσι
1565 2969 2007 3041 περιρῤεόμενος,
2042 2968 2305 3021 κατέλαϐε
2344 2966 2438 3019 τοῦ
2471 2967 2672 3037 δρόμου
2719 2969 2816 3039 τὴν
2861 2969 3084 3031 νύσσαν,
3132 2972 3225 3023 καὶ
3256 2971 3344 3023 τον
3414 2971 3756 3041 ἀγωνοθέτην
3824 2973 3997 3041 ὁρῶν,

742 3058 991 3122 καὶτοὺς
1064 3062 1357 3130 στεφάνους
1400 3064 1605 3117 ποθῶν.
1662 3065 1803 3133 Ἐγὼ
1847 3067 1902 3119 δὲ
1956 3065 2054 3134 τῆς
2094 3062 2390 3133 πρεσϐείας
2427 3063 2641 3135 ἐκείνης
2694 3069 2877 3134 τυχεῖν
2920 3066 3077 3133 ἀξιῶ,
3124 3062 3193 3137 ἧς
3233 3067 3312 3121 ἔτι
3357 3069 3635 3136 περιόντος
3692 3067 3999 3136 ἀπήλαυον.

743 3152 849 3221 Ζῇν
906 3151 1013 3223 γὰρ
1056 3154 1216 3205 αὐτόν
1258 3156 1517 3220 πιττεύω,
1574 3158 1666 3210 καὶ
1721 3156 2106 3229 καθαρωτέραν
2158 3156 2301 3226 ἔχειν
2338 3154 2474 3225 πρὸς
2507 3157 2599 3209 τὸν
2633 3157 2765 3210 θεδν
2802 3159 3137 3229 παρρησίαν·

1200 3286 1341 3340 XIX.
1370 3320 1438 3328 -—
1464 3288 1893 3344 SALAMANES.

816 3418 1074 3487 lnjuriam
1095 3420 1280 3475 virtuti
1304 3423 1572 3479 facturum
1594 3440 1678 3480 me
1698 3433 1921 3496 putans,
1942 3426 1987 3481 si
2013 3425 2315 3481 admirandi

745 3512 1055 3565 Salamanis
1090 3513 1254 3567 vitam
1291 3515 1737 3573 desiderantibus
1775 3534 1883 3573 non
1916 3518 2176 3585 iudicem,
2217 3521 2313 3576 sed

743 3604 1019 3659 oblivione
1045 3606 1205 3663 obrui
1234 3609 1436 3673 sinam,
1461 3610 1583 3679 ejus
1600 3613 1916 3665 summatim
1940 3612 2313 3668 narrationem

742 3694 1047 3766 aggrediar.
1084 3693 1251 3753 Vicus
1284 3709 1368 3754 est
1401 3701 1468 3755 ad
1496 3702 1839 3757 occidentem
1874 3702 2020 3757 fluvii
2066 3704 2314 3773 Euphra-

740 3791 835 3853 tis,
878 3791 980 3860 ipsi
1014 3795 1147 3865 ripa:
1195 3794 1510 3855 imminens.
1543 3794 1858 3864 Capersana
1891 3798 2131 3851 nomine.
2181 3797 2316 3853 llinc

740 3890 901 3936 nrtus
933 3884 1045 3948 ille,
1076 3899 1199 3938 cum
1234 3883 1300 3937 ad
1326 3884 1565 3953 quietam
1594 3886 1759 3939 vitam
1797 3888 2039 3941 animum
2084 3888 2311 3956 adjecis-

742 3981 849 4030 set,
890 3971 1280 4027 domunculam
1315 3975 1369 4027 in
1404 3974 1663 4031 ulteriore
1694 3979 1815 4031 vico
1861 3987 2076 4041 nactus,
2111 3978 2164 4030 in
2194 3992 2314 4031 eam

744 4077 804 4117 se
830 4064 1075 4129 inclusit,
1118 4082 1217 4121 nec
1251 4066 1398 4121 ostio
1432 4068 1647 4129 relicto,
1681 4084 1781 4123 nec
1836 4068 2099 4124 fenestra.
2135 4068 2315 4123 Semel

741 4165 924 4210 autem
984 4159 1286 4226 quotannis
1337 4168 1537 4213 terram
1594 4159 1918 4224 suﬂ'odiens,
1956 4161 2127 4216 totius
2184 4160 2314 4214 anni

744 4244 1061 4299 alimentum
1123 4247 1448 4315 accipiebat,
1479 4262 1602 4299 cum
1643 4247 1793 4300 nullo
1820 4264 2060 4316 unquam
2097 4249 2316 4301 homine

744 4336 995 4404 loquens.
1034 4336 1094 4391 Et
1146 4338 1291 4392 hunc
1343 4338 1396 4391 in
1430 4338 1651 4392 modum
1712 4354 1819 4392 non
1858 4338 2031 4402 brevi,
2072 4337 2166 4393 sed
2200 4339 2314 4392 lon-

742 4429 969 4495 gissimo
1002 4436 1248 4498 tempore
1308 4431 1699 4500 perseveravit.
1732 4432 1981 4486 Civitatis
2015 4447 2168 4491 vero,
2226 4432 2314 4485 cui

741 4520 893 4574 vicus
950 4522 1195 4584 suberat,
1254 4524 1507 4587 antistes,
1543 4524 1648 4578 viri
1704 4524 1921 4594 cognita
1967 4524 2185 4586 virtute,
2228 4538 2316 4578 sa-

742 4612 968 4666 cerdotii
998 4613 1202 4667 donum
1256 4614 1467 4685 1232
1526 4615 1907 4685 impartireilli
1960 4615 2210 4685 cupiens,
2242 4614 2307 4669 ad
2346 4601 2388 4656 υ

740 4719 863 4757 enin
899 4705 1066 4767 venit,
1104 4714 1155 4758 et
1190 4704 1414 4759 effracta
1447 4707 1791 4761 domuncula).
1843 4718 1996 4775 parte
2029 4709 2320 4776 ingressus-

741 4804 849 4857 est,
883 4810 1103 4849 manum
1130 4796 1204 4850 illi
1237 4798 1519 4867 imposuit,
1559 4800 2044 4867 precationemque
2079 4798 2307 4867 peregit,

742 4885 1039 4955 multisque
1065 4886 1213 4940 illum
1259 4887 1445 4941 verbis
1481 4887 1702 4951 allatus,
1733 4890 1967 4959 gratiam
1996 4905 2104 4958 qua
2132 4889 2308 4944 dona-

742 4986 831 5031 tus
854 4976 1031 5029 fuerat
1061 4976 1339 5043 indicavit,
1397 4980 1655 5049 nullaque
1680 4981 1746 5033 ab
1770 4996 1835 5034 eo
1891 4996 2150 5045 expressa
2176 4996 2311 5036 voce

741 5066 1019 5131 discessit,
1065 5076 1117 5122 et
1144 5068 1324 5122 diruta
1366 5073 1666 5126 restaurari
1698 5074 1887 5140 jussit.
1941 5074 2062 5126 Alio
2112 5090 2307 5129 rursus

742 5167 1006 5229 tempore,
1028 5160 1132 5214 vici
1157 5161 1278 5230 ejus
1308 5164 1507 5218 natalis
1526 5165 1737 5227 incolae,
1755 5165 1918 5217 fluvio
1945 5174 2105 5220 noctu
2133 5175 2311 5220 trans-

743 5248 934 5311 misso,
991 5250 1347 5322 perfossaque
1403 5253 1758 5318 domuncula,
1812 5254 2087 5309 sublatum
2123 5255 2310 5319 illum,

746 5353 845 5393 nec
877 5340 1229 5405 renitentem,
1254 5345 1271 5363 '
1297 5358 1395 5397 nec
1442 5354 1791 5408 annuentem,
1831 5344 1885 5399 in
1918 5346 2097 5399 vicum
2149 5362 2309 5401 suum

743 5440 1125 5499 exportarunt,
1158 5442 1212 5488 et
1242 5433 1476 5489 similem
1513 5450 1673 5491 mane
1702 5435 1925 5490 demum
1964 5446 2311 5492 exstruentes

742 5522 1030 5578 confestim
1054 5526 1415 5581 incluserunt.
1447 5528 1536 5583 Ille
1568 5544 1697 5583 vero
1731 5529 1986 5584 similiter
2010 5530 2307 5592 obmutuit,

742 5613 880 5669 nulli
938 5630 1164 5684 prorsus
1193 5618 1490 5687 quidquam
1542 5620 1793 5690 loquens.
1830 5619 2024 5676 Paucis
2057 5637 2184 5675 vero
2212 5623 2312 5677 ile-

744 5724 865 5764 rum
894 5720 1017 5781 post
1065 5712 1278 5777 diebus,
1313 5716 1491 5769 vicani
1524 5716 1628 5769 vici
1663 5716 1961 5780 ulterioris,
2016 5725 2181 5771 noctu
2218 5718 2313 5771 ad-

745 5810 1052 5870 ventantes,
1091 5803 1253 5861 domu
1299 5805 1538 5871 effracta,
1567 5808 1719 5864 illum
1755 5809 1820 5862 ad
1859 5825 1916 5864 sc
1941 5808 2307 5877 abduxerunt,

2339 3248 2387 3309 C

2879 3292 2977 3347 lG’.
2998 3292 3523 3347 ~2AAAMANHS.

2430 3431 2662 3483 Ἀδικεῖν
2696 3432 2922 3500 νομίσας
2949 3429 3048 3500 τὴν
3073 3429 3295 3500 ἀρετὴν,
3328 3432 3375 3482 εί
3399 3428 3491 3482 καὶ
3519 3427 3840 3498 Σαλαμάνου
3895 3425 3996 3480 τοῦ

2418 3521 2721 3589 θαυμασίου
2761 3522 2851 3575 τὸν
2906 3522 3017 3591 βίον
3064 3525 3173 3585 τοῖς
3208 3521 3482 3592 δεομένοις
3534 3518 3607 3589 μὴ
3637 3519 3991 3589 γνωρίσαιμι,

2416 3612 2530 3665 ἀλλ’
2567 3615 2670 3667 ὑπὸ
2710 3614 2807 3683 τῆς
2844 3614 3012 3683 λήθης
3055 3613 3402 3683 χωννυμένην
3450 3612 3766 3681 περιίδοιμι,
3812 3612 3870 3661 ὲν
3901 3627 3994 3662 κε-

2417 3707 2629 3776 φαλαίῳ
2663 3708 3076 3775 ποιήσομαιτὴν
3109 3705 3382 3775 διήγησιν.
3413 3703 3587 3771 Κώμη
3613 3703 3693 3763 τίς
3723 3704 3838 3753 ἐστι
3886 3700 3984 3753 τοῦ

2416 3798 2699 3865 Εύρράτου
2738 3797 2980 3867 ποταμοῦ
3009 3796 3146 3866 πρὸς
3190 3795 3447 3863 ἑσπέραν,
3479 3795 3618 3861 αὐτῇ
3660 3792 3986 3857 ἐπικειμένη

2414 3894 2479 3960 τῇ
2509 3889 2665 3961 ὄχθῃ,
2701 3890 3036 3955 Καπερσανᾶ
3080 3888 3408 3956 καλουμένη.
3457 3887 3550 3937 Ἐκ
3593 3884 3797 3951 ταύτης
3830 3879 3991 3944 οὗτος

2414 3980 2751 4051 ὁρμώμενος,
2793 3982 2885 4033 καὶ
2935 3980 3027 4033 τὸν
3070 3980 3293 4049 ἡσύχιον
3333 3977 3712 4044 ἀσπαζόμενος
3755 3974 3893 4043 βίον,
3932 3974 3992 4026 ἐν

2413 4076 2479 4143 τῇ
2514 4073 2685 4141 πέραν
2717 4071 2880 4143 κώμῃ
2924 4071 3155 4141 σμικρὸν
3183 4070 3428 4123 οἰκίσκον
3463 4066 3662 4138 εὑρὼν,
3701 4065 3992 4134 καθεῖρξεν

2414 4164 2623 4225 ἐαυτὸν,
2669 4162 2793 4215 οὕτε
2848 4162 3038 4233 θύραν,
3067 4152 3188 4215 οὒτε
3217 4161 3413 4229 θυρίδα
3442 4157 3777 4212 καταλιπών.
3804 4154 3992 4218 Ἀπαξ

2413 4254 2470 4307 δὲ
2521 4254 2613 4307 τοῦ
2670 4254 2824 4316 ἔτους
2877 4253 3025 4323 παρά
3074 4252 3172 4320 τὴν
3216 4252 3319 4319 γῆν
3362 4249 3624 4319 ὀρύττων,
3660 4247 3862 4308 παντὸς
3892 4245 3988 4297 τοῦ

2416 4346 2569 4409 ἔτους
2621 4346 2909 4415 ὑπεδέχετο
2956 4345 3053 4415 τὴν
3081 4344 3307 4413 τροφὴν,
3344 4341 3517 4395 οὐδενί
3557 4357 3684 4393 ποτε
3716 4337 3991 4406 ἀνθρώπῳ

2415 4438 2815 4508 διαλεγόμενος.
2876 4438 2984 4489 Καὶ
3036 4434 3223 4488 τοῦτον
3269 4433 3361 4486 τὸν
3389 4434 3588 4503 τρόπον
3635 4431 3734 4484 οὐκ
3783 4429 3988 4494 ὀλίγον,

2420 4526 2535 4578 ἀλλ’
2570 4527 2649 4578 ὅτι
2698 4525 2931 4595 μάλιστα
2971 4523 3220 4576 πλεῖστον
3267 4522 3533 4574 διετέλεσε
3581 4520 3792 4588 χρόνον,
3826 4517 3936 4569 Καὶ
3962 4516 4018 4569 δ’

2415 4617 2513 4687 τῆς
2566 4617 2773 4679 πόλεως
2817 4616 2873 4668 δὲ
2905 4616 3216 4685 ἀρχιερεὺς,
3261 4607 3326 4683 ἧς
3360 4608 3426 4682 ἦν
3467 4613 3498 4681 ἡ
3548 4608 3731 4679 κώμη,
3763 4608 3861 4677 τὴν
3891 4606 3987 4658 τοῦ

2416 4708 2609 4776 ἀνδρὸς
2637 4707 2825 4777 μαθὼν
2863 4706 3085 4777 ἀρετὴν,
3134 4704 3362 4773 ἀφίκετο
3390 4704 3488 4771 τῆς
3522 4700 3818 4767 ἱερωσύνης
3841 4697 3989 4766 αύτῴ

2415 4799 2595 4853 δοῦναι
2623 4800 2685 4851 τὸ
2728 4799 2897 4868 δῶρον
2945 4796 3287 4866 βουλόμενος·
3338 4795 3427 4847 καὶ
3464 4791 3760 4864 διαρρήξας
3792 4788 3884 4842 τοῦ
3911 4790 3997 4841 οἱ·

2418 4891 2608 4943 κίσκου
2637 4908 2689 4942 τι
2726 4891 2887 4959 μέρος
2918 4887 3251 4959 εἰσελήλυθε·
3285 4887 3378 4939 καὶ
3414 4884 3513 4953 τὴν
3538 4885 3695 4953 χεῖρα
3724 4880 3985 4949 ἐπέθηκε,

2416 4983 2509 5034 καὶ
2544 4981 2639 5051 τὴν
2688 4980 2849 5049 εὐχὴν
2893 4979 3197 5041 ἐπετέλεσε,
3233 4978 3326 5029 καὶ
3374 4974 3543 5028 πολλά
3578 4975 3675 5043 μέν
3704 4972 3838 5040 7:92);
3886 4970 3985 5021 αύ-

2416 5073 2506 5124 τὸν
2557 5074 2681 5141 ἔφη,
2715 5077 2808 5125 καὶ
2835 5074 2933 5141 τὴν
2963 5070 3353 5139 ἐπιγενομένην
3384 5069 3619 5138 ἐμήνυσε
3656 5065 3837 5133 χάριν.
3871 5063 3978 5115 0'3-

2414 5163 2469 5217 δε
2479 5166 2607 5233 μιᾶς
2622 5165 2679 5217 δέ
2710 5164 2893 5232 φωνῆς
2914 5162 3152 5224 ἀκούσας
3173 5159 3533 5229 ἀπελήλυθεν,
3558 5153 3987 5225 ἀνοικοδομηθῆ-

2416 5275 2503 5309 ναι
2550 5255 2813 5317 κελεύσας
2860 5255 2922 5307 τὸ
2949 5254 3186 5325 δρυγμα.
3241 5251 3463 5305 ’Δλλοτε
3489 5250 3545 5303 δὲ
3577 5248 3761 5309 πάλιν,
3796 5248 3845 5298 oi
3885 5245 3987 5312 τῆς

2414 5345 2605 5415 κώμης
2661 5346 2895 5414 ἐκείνης,
2926 5344 3018 5411 ἀφ’
3046 5338 3112 5415 ἦς
3153 5341 3377 5411 ὥρμητο
3401 5380 3415 5403 ,
3450 5339 3664 5407 νύκτωρ
3696 5334 3786 5387 τοῦ
3816 5350 3987 5385 ποτα-

2421 5441 2522 5513 μοῦ
2566 5441 2656 5493 τὸν
2695 5440 2859 5510 πόρον
2896 5437 3341 5505 διαπεράσαντες,
3369 5433 3462 5484 καὶ
3498 5430 3559 5483 τὸ
3590 5430 3796 5497 οἴκημα
3837 5424 3991 5494 διαρ-

2420 5533 2700 5603 ρήξαντες,
2739 5530 2993 5591 λαϐόντες
3040 5527 3223 5587 αὑτὸν,
3272 5522 3392 5577 οὔτε
3436 5519 3820 5579 ἀντιτείνοντα,
3861 5513 3989 5566 οὗτε

2419 5624 2724 5683 κελεύοντα,
2759 5624 2838 5683 είς
2861 5621 2957 5689 τὴν
2975 5620 3179 5672 οίκείαν
3208 5616 3401 5685 κώμην
3429 5613 3668 5683 ςοράδην
3688 5608 3949 5676 ἐκόμισαν
3972 5623 3987 5636 ·

2419 5718 2512 5770 καὶ
2559 5713 2797 5767 ωνοῦτον
2844 5712 3009 5764 ἕωθεν
3030 5710 3273 5762 οίκίσκον
3302 5706 3641 5775 δειμάμενοι,
3674 5699 3989 5770 παραυτίκα

2416 5806 2724 5876 καθεῖρξαν.
2768 5806 2825 5856 ’0
2853 5803 2907 5856 δὲ
2967 5801 3161 5871 ὁμοίως
3215 5799 3441 5869 ἡσυχίαν
3471 5790 3624 5865 ἦγεν,
3660 5790 3811 5843 οἰδὲν
3851 5787 3991 5858 πρὸς
