4206 6456
200 404 341 465 142⁸.)

1385 395 1612 455 RELIU
1626 397 1790 456 [OSA
1859 399 1913 458 Η
1926 399 2243 459 lST’ORIA.

3310 404 3444 472 1430
3485 465 3489 469 .

198 514 412 584 μηδένα
443 506 843 581 διαλεγόμενος.
887 510 1019 564 Μετ’
1050 510 1235 579 ὀλίγας
1261 510 1318 564 δέ
1354 509 1513 562 πάλιν
1546 509 1777 578 ἡμέρας,
1810 518 1851 573 Α

1810 518 1851 573 Α
1885 527 1983 565 nec
2038 511 2530 576 contradicentem.
2585 523 2678 568 ant
2708 531 2932 572 manere
2991 518 3441 586 contendentem,

193 608 241 657 οἱ
272 604 373 672 τῆς
409 602 675 671 ἀντιπέρα
710 601 921 671 κώμης,
965 601 1180 671 νύκτωρ
1211 601 1549 665 ἐπελθόντες,
1585 601 1678 654 καὶ
1713 602 1772 653 τὸ

192 699 406 765 οἴκημα
455 694 869 767 διαρρήξαντες,
931 696 1067 765 πρὸς
1115 695 1334 757 ἑαυτοὺς
1367 694 1613 763 ·ἀπῆγον,
1672 694 1770 746 οὐκ

193 787 571 854 ἀντιλέγοντα,
600 786 721 839 οὐδὲ
780 785 959 856 μένειν
996 784 1337 855 βιαζόμενον,
1368 781 1478 836 οὐδ’
1510 780 1576 836 αὖ
1610 784 1769 836 πάλιν

194 877 497 946 προθύμως
543 879 866 948 ἀπαίροντα.
917 876 1073 931 Οὕτω
1117 875 1309 945 νεκρὸν
1346 872 1537 927 ἑαυτὸν
1571 891 1765 926 παντε-

194 968 303 1031 λῶς
324 967 403 1039 τῷ
438 968 536 1038 βίῳ
568 970 890 1039 κατέστησε,
915 969 1007 1022 καὶ
1029 968 1127 1038 τὴν
1157 966 1523 1035 ἁποστολικὴν
1559 966 1775 1037 ἐκείνην

195 1056 388 1130 φωνῆίθ
416 1061 695 1131 ἀληθεύων
723 1060 1024 1132 ἐφθέγξατο
1048 1079 1061 1092 ·
1093 1080 1111 1113 ι
1147 1059 1369 1133 Χριστῷ
1404 1057 1776 1127 συνεσταύρω-

199 1168 322 1221 μαι,
356 1152 438 1216 ζῶ
463 1153 522 1205 δέ
546 1153 647 1206 ούκ
674 1152 753 1206 ἔτι
782 1151 911 1220 ἐγὼ,
940 1152 1005 1223 ζῇ
1031 1151 1088 1204 δέ
1124 1152 1181 1204 ἐν
1211 1151 1333 1219 ἐμοὶ
1361 1148 1589 1219 Χριστὸς
1619 1164 1631 1177 ·
1663 1138 1774 1199 δδὲ

196 1241 293 1294 νῦν
350 1242 430 1307 ζῶ
480 1244 538 1295 ἐν
590 1243 775 1311 σαρκὶ,
830 1245 886 1295 ἐν
942 1243 1120 1295 πίστει
1165 1240 1243 1306 ζῶ
1294 1242 1360 1310 τῇ
1390 1238 1483 1292 τοῦ
1522 1236 1771 1291 Υίοῦτοῦ

194 1334 335 1387 Θεοῦ
393 1336 488 1387 τοῦ
530 1334 931 1404 ἀγαπήσαντός¹
967 1351 1055 1404 με,
1098 1332 1191 1386 καὶ
1215 1331 1389 1393 δόντος
1420 1328 1609 1381 ἐαυτὸν
1636 1328 1772 1398 ὑπὲρ

197 1427 356 1494 ἐμοῦ.
390 1445 410 1477 ι
447 1426 695 1490 Τοιοῦτος
727 1428 819 1479 καὶ
856 1420 1007 1489 οὗτος
1054 1412 1291 1493 ἐγένετο.
1328 1421 1512 1491 Ἀρκεῖ
1543 1422 1649 1489 γὰρ
1683 1421 1774 1473 καὶ

1883 618 1981 656 nec
2010 603 2247 657 libenter
2285 586 2480 658 rursus
2513 604 2919 687 abscedentem.
2959 607 3033 661 Ita
3063 622 3124 662 se
3165 616 3441 661 mortuum

1886 709 2113 761 prorsus
2168 694 2375 748 mundo
2434 695 2840 767 exhibebat,“
2880 698 3238 767 apostolicam
3296 698 3442 753 illam

1878 798 2064 836 vocem
2095 798 2221 836 vvre
2252 783 2479 852 loquens
2505 763 2805 854 usurpab‘at
2830 796 2852 839 ':
2896 805 2913 837 ι
2938 787 3157 842 Christo
3195 767 3444 843 coniixns

1878 888 1997 927 sum
2034 873 2212 939 cruci,
2246 873 2372 928 vivo
2400 883 2579 927 autem
2609 874 2722 943 jam
2760 890 2871 931 non
2907 890 3030 945 ego,
3064 878 3197 932 vivit
3225 893 3357 934 vero
3388 879 3442 932 in

1875 979 1959 1017 me
1986 963 2272 1030 Christus;
2311 962 2459 1033 quod
2501 973 2681 1020 autem
2714 981 2865 1021 nunc
2899 969 3025 1021 viro
3071 968 3125 1022 in
3174 984 3360 1031 carne,
3388 970 3443 1025 in

1875 1051 1978 1106 (ide
2002 1052 2123 1105 vivo
2144 1054 2262 1113 Filii
2292 1053 2407 1120 Dei,
2435 1055 2528 1123 qui
2559 1054 2754 1109 dilexit
2785 1073 2890 1118 me,
2918 1066 2974 1111 et
3005 1059 3228 1113 tradidit
3250 1068 3445 1115 semet-

1874 1145 2051 1213 ipsum
2087 1160 2183 1214 pro
2229 1160 2313 1201 me
2344 1156 2391 1200 ρ.
2445 1166 2463 1198 ι
2510 1145 2659 1204 Talis
2720 1147 2811 1201 hic
2855 1164 3084 1218 quoque
3134 1149 3259 1205 fuit.
3291 1150 3446 1205 Suili-

1872 1238 2025 1290 ciunt
2059 1236 2204 1290 enim
2240 1237 2354 1290 haec
2402 1238 2467 1291 ad
2496 1237 2885 1294 declarandum
2933 1249 3101 1293 totum
3152 1240 3273 1310 ejus
3321 1241 3447 1295 vita:

1880 1327 2212 1380 institntmn.
2254 1325 2367 1396 Ego
2399 1341 2546 1392 vero,
2575 1332 2829 1398 percepta
2884 1329 3004 1400 ejus
3039 1329 3442 1395 benedictione,

1879 1417 1943 1469 ad
1981 1418 2118 1471 alios
2154 1417 2479 1472 trnnsferam
2530 1419 2851 1475 orationem.

198 1519 371 1573 ταῦτα
413 1519 613 1585 ὀδαξαι
644 1520 741 1589 τὴν
789 1522 965 1573 πᾶσαν
998 1519 1089 1572 τοῦ
1134 1518 1251 1587 βίου
1300 1517 1635 1587 προαίρεσιν.
1688 1512 1830 1580 Ἐγὼ
1866 1512 1920 1564 δὲ
1974 1512 2066 1566 καὶ
2116 1515 2213 1585 τὴν
2265 1513 2513 1568 ἐντεῦθεν
2566 1514 2996 1581 καρπωσάμενος
3047 1517 3314 1585 εὐλογίαν,
3354 1518 3443 1570 ἐπὶ

198 1614 296 1681 τὴν
347 1613 456 1665 τῶν
482 1615 654 1668 ἄλλων
681 1616 930 1684 διήγησιν
962 1613 1360 1683 μεταϐήσομαι.

768 1750 848 1803 ις’.
882 1778 949 1788 —-
977 1750 1209 1801 ΜΛΙῚΣ.

282 1880 524 1951 Ὀμήρου
573 1882 732 1952 κώμη
785 1884 868 1946 τίς
903 1887 1017 1937 ἐστι
1064 1884 1193 1953 παρ’
1246 1884 1376 1952 ἡμῖν
1418 1882 1723 1950 καλουμένη
1754 1898 1767 1911 ·

201 1976 354 2045 παρὰ
390 1976 594 2047 ταύτην
646 1976 866 2030 οἰκίδιον
915 1976 1271 2046 οἰκοδομήσας
1325 1974 1495 2045 βραχὺ
1536 1975 1716 2041 Μάρις
1746 1976 1772 2026 ὁ

200 2069 509 2132 θεσπέσιος,
552 2070 691 2123 ἑπτὰ
722 2070 814 2123 καὶ
858 2071 1149 2141 τριάκοντα
1181 2072 1238 2122 ἐν
1263 2067 1411 2138 αύτῷ
1442 2067 1772 2138 καθειργμέ-

198 2179 289 2225 νος
321 2162 620 2216 διετέλεσεν
650 2161 766 2233 ἐτη.
812 2154 1020 2233 Πολλὴν
1044 2162 1101 2216 δὲ
1134 2163 1197 2215 ἐκ
1222 2160 1316 2214 τοῦ
1363 2160 1772 2231 παρακειμένου

199 2255 361 2326 ὅρους
386 2253 678 2318 ὑπεδέξατο
699 2256 797 2325 τὴν
824 2256 1025 2317 νοτίδα,
1060 2254 1156 2306 καὶ
1200 2254 1423 2315 λιϐάδας
1458 2252 1607 2313 τινας
1649 2250 1789 2303 osa--

202 2364 313 2397 των
352 2344 663 2408 ἀνέϐλυζεν.
702 2346 839 2415 Ὀση
868 2345 926 2398 δὲ
952 2347 1065 2407 τοῖς
1100 2326 1343 2413 σώμασιν
1372 2341 1621 2395 ἐντεῦθεν
1657 2342 1775 2392 ἐπι-

203 2438 416 2503 γίνεται
449 2436 618 2508 βλάϐη
640 2477 656 2501 ,
689 2437 836 2490 ῐσασι
888 2438 982 2489 καὶ
1015 2436 1169 2490 ἀστοὶ
1202 2436 1294 2489 καὶ
1319 2433 1613 2505 χωρητικοί
1635 2451 1647 2463 ·
1682 2433 1775 2487 καὶ

201 2529 315 2597 γὰρ
361 2529 801 2598 τοῖς.ἁγροίκοις
853 2529 987 2599 δῆλα
1044 2529 1114 2582 τὰ
1173 2530 1470 2599 παθήματα
1529 2526 1774 2580 ἐντεῦθεν

202 2610 471 2689 φυόμενα.
534 2620 674 2673 Ἀλλ’
720 2621 866 2691 ὅμως
899 2620 1020 2674 οὑδέ
1049 2620 1223 2675 ταῦτα
1255 2621 1440 2674 ἔπεισε
1470 2619 1567 2690 τὴν
1621 2620 1775 2689 ἱερὰν

200 2712 420 2780 ἐκείνην
441 2711 680 2782 κεφαλὴν
702 2713 793 2764 τὸν
816 2713 1063 2766 οίκίσκον.
1080 2713 1311 2783 ἀμεῖψαι
1341 2729 1354 2743 ·
1381 2712 1517 2766 ἀλλὰ
1537 2711 1776 2780 διέμεινε

202 2802 487 2871 καρτερῶν
512 2801 616 2864 ἕως
645 2802 733 2855 τὸν
752 2802 952 2872 δρόμον
978 2802 1217 2873 ἐξήνυσε.
1260 2802 1369 2854 Καὶ
1392 2801 1481 2853 τὸν
1515 2800 1776 2870 πρότερον

200 2895 258 2947 δὲ
287 2893 405 2963 βίον
436 2895 569 2963 μετά
592 2893 701 2947 τῶν
738 2895 835 2964 τῆς
864 2895 1065 2963 ἀρετῆς
1093 2891 1345 2946 διώδευσε
1376 2891 1576 2944 πόνων,
1617 2890 1777 2943 Ὅθεν

203 2986 299 3036 καὶ
328 2983 407 3053 τῷ
444 2983 656 3052 σώματι
694 2984 793 3054 τὴν
825 2984 1050 3051 ἁγνείαν
1075 2984 1169 3036 καὶ
1194 2985 1261 3053 τῇ
1292 2982 1438 3051 ψυχῇ
1462 2982 1772 3050 διετήρησε.

204 3076 319 3149 Καὶ.
346 3073 501 3127 τοῦτό
539 3092 629 3144 μοι
665 3072 848 3143 σαφῶς
889 3075 1054 3137 αύτὺς
1106 3073 1503 3142 κατεμήνυσεν,
1543 3071 1777 3140 ἄφθορον

204 3166 358 3237 αύτῴ
402 3168 674 3237 διαμεῖναι
704 3166 767 3219 τὸ
802 3165 959 3235 σῶμα
1001 3164 1216 3228 διδάξας
1235 3204 1249 3227 ,
1286 3165 1380 3218 καὶ
1406 3159 1515 3216 οἷον
1546 3163 1651 3216 ἀπὸ
1681 3163 1779 3231 τῆς

207 3257 471 3329 μητρῴας
510 3257 797 3328 ἐξελήλυθε
828 3259 1059 3328 μήτρας.
1090 3257 1198 3309 Καὶ
1226 3255 1399 3311 ταῦτα
1449 3255 1647 3317 πολλὰς
1681 3256 1778 3323 μὲν
1806 3275 1847 3332 C

207 3349 506 3419 μαρτύρων
535 3350 872 3420 πανηγύρεις
902 3348 1239 3412 ἐπιτελέσας,
1273 3348 1435 3417 ἡνίκα
1468 3351 1583 3410 νέος
1625 3348 1781 3414 ἐτύγ-

204 3450 391 3508 χανεν,
428 3441 666 3511 εύεεωνίᾳ
712 3441 768 3493 δέ
818 3438 1154 3504 καταθέλξας
1202 3442 1327 3503 τοὺς
1370 3441 1592 3509 δήμους.
1633 3438 1781 3491 Ψάλ-

205 3534 315 3585 λων
370 3520 491 3603 γὰρ’
528 3533 622 3585 ἐπὶ
675 3532 922 3585 πλεῖστον
972 3531 1241 3585 διετέλεσε
1293 3532 1519 3601 χρόνον,
1567 3530 1684 3601 ὥρᾳ
1720 3547 1779 3582 τε

208 3623 461 3693 σώματος
492 3623 742 3691 λάμπων.
790 3624 929 3676 Ἀλλ’
958 3625 1107 3693 ὅμως
1142 3622 1263 3676 οὔτε
1292 3624 1384 3677 τοῦ
1424 3622 1675 3693 σώματος
1716 3623 1777 3676 τὸ

206 3711 438 3775 κᾶλλος,
472 3711 593 3764 οὕτε
629 3713 728 3781 τῆς
779 3713 959 3783 φωνῆς
999 3715 1032 3785 ἡ
1068 3713 1390 3784 λαμπρότης
1418 3754 1431 3777 ,
1466 3716 1562 3785 οὐχ
1612 3716 1645 3783 ή
1675 3714 1781 3767 τῶν

211 3805 423 3857 πολλῶν
451 3804 700 3874 ἐπιμιξία
719 3848 732 3870 ,
786 3806 846 3857 τὸ
873 3806 971 3876 τῆς
996 3807 1175 3875 ψυχῆς
1208 3807 1514 3875 ἐλυμήνατο
1544 3807 1737 3869 κάλλος
1765 3824 1777 3839 ’

209 3897 347 3951 ἀλλὰ
393 3900 506 3959 τοῖς
557 3896 975 3967 καθειργμένοις
1044 3898 1441 3967 παραπλησίως
1500 3896 1777 3967 βιοτεύων,

210 3987 308 4055 τῆς
340 3986 546 4047 οἰκείας
576 3986 895 4056 ἐπεμελεῖτο
936 3986 1113 4057 ψυχῆς
1143 4003 1157 4016 ⁸
1203 3983 1404 4055 ηὔξησε
1435 3988 1490 4039 δέ
1520 3987 1616 4056 τὴν
1654 3988 1782 4057 ἀρε-

2420 1736 2530 1792 ΧΧ.
2560 1767 2625 1777 -
2651 1736 2880 1793 MARIS.

1950 1877 2117 1932 Vicus
2140 1876 2183 1908 ³⁸
2225 1874 2366 1944 apud
2416 1889 2517 1928 nos
2566 1884 2671 1939 est,
2716 1876 2803 1928 cui
2856 1891 3051 1929 nomen
3092 1874 3329 1929 Homeri.
3367 1879 3445 1931 Ad

1873 1969 2017 2023 hunc
2044 1974 2326 2037 angustam
2352 1966 2736 2020 domunculam
2782 1980 2905 2019 cum
2929 1968 3287 2023 exstruxisset
3309 1969 3416 2023 divi
3434 1997 3449 2008 -

1874 2075 1980 2114 nus
2015 2058 2202 2120 Maris,
2253 2056 2500 2111 inclusus
2532 2056 2583 2109 in
2618 2070 2682 2109 ea
2737 2057 2938 2127 mansit
2994 2071 3170 2112 annos
3222 2055 3445 2129 triginta

1876 2157 2107 2220 septem.
2166 2145 2391 2201 Multum
2448 2154 2631 2200 autem
2681 2161 2743 2199 ex
2795 2145 3006 2217 1233
3040 2147 3223 2202 vicino
3263 2158 3447 2203 monte

1874 2236 2233 2294 contrahebat
2265 2235 2512 2290 humoris
2542 2235 2611 2297 “,
2648 2236 2717 2288 ita
2746 2244 2805 2288 ut
2834 2250 3100 2305 aquarum
3128 2238 3293 2293 stillis
3324 2254 3445 2293 ma-

1875 2340 2051 2385 naret.
2074 2327 2345 2394 Quantum
2376 2339 2540 2396 porro
2570 2324 2753 2378 damni
2781 2326 3107 2395 corporibus
3153 2327 3206 2382 id
3257 2327 3447 2383 aﬂ‘erat

1876 2420 2099 2488 urbanis
2126 2419 2334 2489 pariter
2363 2432 2426 2471 ac
2462 2416 2685 2472 rusticis
2736 2425 2925 2472 notum
2956 2427 3059 2472 est.
3120 2418 3252 2473 Nam
3296 2423 3346 2475 in
3378 2423 3449 2475 iis

1875 2516 1968 2585 qui
2008 2528 2171 2585 agros
2203 2512 2448 2566 habitant
2501 2509 2775 2565 nianifesti
2827 2522 2956 2565 sunt
2983 2513 3157 2567 morbi
3187 2515 3279 2583 qui
3319 2513 3451 2569 inde

1876 2615 2199 2661 nascuntur.
2238 2603 2341 2657 Sed
2403 2603 2515 2657 hac
2571 2609 2755 2656 tamen
2786 2617 2944 2656 sacro
3001 2603 3077 2657 illi
3109 2605 3276 2674 capiti
3335 2622 3446 2660 non

1877 2708 2270 2768 persuaserunt
2303 2706 2359 2750 ut
2382 2695 2717 2750 domicilium
2752 2703 3020 2762 mutaret,
3065 2696 3159 2751 sed
3187 2708 3449 2753 constan-

1876 2801 1959 2846 ter
2011 2792 2250 2855 inbtesit,
2285 2790 2463 2858 quoad
2514 2804 2739 2843 cursum
2772 2790 3001 2858 peregit.
3032 2786 3172 2854 Quin
3206 2798 3260 2845 et
3292 2794 3445 2860 prio-

1877 2898 1992 2938 rem
2044 2895 2266 2952 quoque
2324 2881 2488 2935 vitam
2551 2879 2770 2933 virtutis
2828 2878 3104 2934 laboribus
3179 2882 3446 2936 exercuit.

1878 2973 2035 3028 Unde
2064 2982 2117 3026 et
2155 2973 2406 3041 corporis
2435 2979 2489 3026 et
2517 2971 2714 3024 animm
2743 2972 3125 3026 castimoniam
3151 2986 3447 3027 conserva-

1879 3066 1951 3119 vit
1986 3083 1999 3118 :
2033 3064 2176 3133 quod
2217 3063 2348 3116 mibi
2397 3070 2580 3132 aperte
2621 3061 2850 3131 ipsemet
2907 3062 3107 3125 innuit.
3136 3080 3338 3135 corpus
3365 3070 3448 3121 in-

1879 3164 2195 3225 corrnptum
2226 3156 2333 3211 sibi
2368 3164 2615 3225 perstare
2657 3155 2881 3219 docens,
2913 3165 2967 3210 et
2995 3158 3156 3226 quale
3200 3168 3453 3217 titaterno

1879 3264 1944 3302 ex
1999 3256 2153 3303 utero
2203 3247 2424 3318 prodiit.
2463 3248 2630 3319 ldque
2663 3264 2787 3303 cum
2839 3250 3088 3320 publicas
3138 3260 3447 3324 martyrum

1880 3340 2257 3395 solemnitates
2298 3341 2496 3395 nmltas
2544 3342 2860 3405 celebrarit,
2893 3357 3016 3397 Cll?"
3059 3344 3251 3412 junior
3274 3356 3445 3409 esset,

1882 3432 2248 3501 populumque
2278 3432 2427 3487 vocis
2455 3435 2725 3487 suavitate
2779 3434 3133 3491 demulceret.
3169 3435 3447 3492 Psallendi

1879 3523 2025 3577 enim
2075 3537 2234 3577 usum
2264 3521 2571 3577 diutissime
2605 3522 2849 3587 retinuit,
2881 3532 2933 3578 et
2976 3526 3225 3594 corporis
3272 3525 3448 3581 forma

1881 3622 1999 3670 erat
2023 3614 2262 3685 egregia.
2300 3612 2407 3668 Sed
2445 3624 2621 3669 tamen
2677 3628 2854 3684 neque
2895 3617 3317 3685 oriswznustas,
3349 3635 3447 3674 ne-

1880 3720 1986 3775 que
2023 3704 2249 3759 claritas
2295 3704 2467 3766 vocis,
2506 3719 2683 3773 neque
2728 3706 3021 3760 multorum
3063 3706 3447 3777 frequentatio.

1881 3796 2078 3850 animae
2109 3793 2572 3864 pulchritudinem
2609 3794 2987 3849 deformarunt
3020 3817 3033 3852 :
3079 3798 3175 3854 sed
3205 3800 3447 3857 recluso-

1881 3903 1999 3943 rum
2023 3901 2175 3942 more
2193 3885 2352 3939 vitam
2384 3899 2573 3955 agens,
2609 3887 2801 3940 anima:
2830 3902 2941 3941 ουλε
2965 3905 3152 3943 curam
3183 3892 3439 3960 gerebat:

1882 3977 2205 4032 inclusionis
2236 3990 2369 4029 vero
2405 3976 2732 4031 ‘laboribus
2765 3978 3020 4032 virtutem
3051 3979 3294 4035 adauxit.
3332 3980 3445 4036 Hu-

210 4080 313 4146 τὴν
371 4079 480 4140 τοῖς
530 4076 629 4146 τῆς
675 4076 1002 4146 καθείρξεως
1032 4078 1233 4139 πόνοις.
1272 4078 1470 4131 Τούτου
1523 4078 1780 4142 πολλάκις

1875 4066 1969 4136 jus
1994 4081 2094 4136 ego
2116 4066 2519 4145 consuetudine
2552 4081 2689 4120 usus
2719 4080 2841 4120 sum
2893 4082 3154 4138 persaepe.
3211 4068 3444 4126 Obstru.

209 4170 307 4239 τῆς
360 4169 647 4231 συνουσίας
703 4170 1013 4240 ἀπήλαυσα.
1078 4171 1472 4240 Ἀποφρὰττειν
1531 4172 1636 4241 γάρ
1693 4188 1781 4241 μοι

209 4262 311 4330 τὴν
342 4259 513 4330 θύραν
548 4260 763 4313 ἐκέλευε
788 4278 801 4291 ·
839 4262 931 4314 καὶ
973 4262 1211 4314 εἰσιόντα
1240 4260 1296 4313 δὲ
1332 4263 1780 4331 περιεπτύσσετο,

210 4354 306 4406 καὶ
376 4354 619 4423 μακροὺς
680 4353 808 4422 περὶ
870 4353 1186 4421 φιλοσοφίας
1258 4353 1491 4417 ἐξέτεινε
1572 4353 1779 4420 λόγους.

222 4445 513 4513 ’Δπλότητι
542 4444 597 4497 δέ
626 4445 716 4497 καὶ
754 4438 907 4507 οὗτος
945 4444 1246 4514 διέλαμπε,
1295 4444 1389 4498 καὶ
1436 4443 1502 4496 τὰ
1553 4444 1775 4496 ποικίλα

208 4536 319 4606 ἢθη
355 4537 703 4589 παντάπασιν
752 4535 1095 4589 ἐϐδελύττετο
1121 4552 1133 4565 °
1186 4537 1284 4606 τὴν
1328 4534 1513 4588 πενίαν
1556 4533 1611 4587 δὲ
1644 4534 1782 4604 ὑπὲρ

210 4627 309 4697 τὴν
358 4626 536 4693 ἄκραν
582 4627 839 4697 εὐπορίαν
888 4628 1191 4696 ἠγάπησεν.
1254 4626 1636 4694 Ἐννενήκοντα
1686 4626 1781 4693 ἐτη

211 4707 514 4783 βεϐιωκὼς,
540 4718 653 4778 τοῖς
681 4714 740 4779 ἐξ
768 4716 991 4783 αίγείων
1016 4714 1215 4785 τριχῶν
1258 4714 1782 4783 κατεσκευασμένοις

213 4806 451 4873 ίματίοις
506 4808 724 4876 ἐχρῆτο.
783 4809 982 4878 Ἀρτος
1036 4807 1091 4859 δὲ
1147 4808 1239 4859 καὶ
1306 4807 1429 4869 ἆλες
1473 4806 1642 4873 ὀλίγοι
1681 4805 1780 4873 τῆς

212 4900 422 4968 τροφῆς
455 4899 602 4969 αὐτῷ
634 4901 733 4968 τὴν
774 4902 963 4969 χρείαν
994 4900 1279 4970 ἐπλήρουν.
1318 4899 1565 4970 Ποθὴσας
1593 4898 1648 4951 δὲ
1690 4898 1778 4950 διὰ

212 4992 409 5060 χρόνου
448 4990 660 5061 μακροῦ
700 4991 801 5061 τὴν
840 4992 1212 5061 πνευματικὴν
1263 4991 1354 5044 καὶ
1391 4989 1655 5059 μυστικὴν
1691 4988 1783 5040 θυ-

215 5084 341 5134 ο⁸ίαν
388 5083 846 5154 προσφερομένην
895 5084 1050 5148 ίδεῖν,
1105 5084 1305 5154 ⁴ἥτησεν
1367 5085 1484 5135 ἐκεῖ
1532 5081 1785 5149 γενέσθαι

212 5174 312 5242 τὴν
342 5171 439 5225 τοῦ
470 5171 616 5225 θείου
656 5172 830 5243 δώρου
860 5175 1250 5244 προσκομιδήν.
1293 5172 1432 5238 Ἐγὼ
1454 5171 1509 5224 δὲ
1535 5169 1785 5241 ἀσμένως

214 5266 537 5333 ὺπῆκουσα»
590 5264 684 5315 καὶ
736 5264 802 5315 τὰ
848 5266 965 5335 ίερα
1014 5265 1180 5333 σκεύη
1232 5262 1560 5333 κομισθῆναι
1608 5278 1784 5333 παρα-

217 5355 515 5417 σκευάσας,
550 5354 610 5406 ού
647 5355 930 5425 πόρρωθεν
970 5357 1077 5425 γὰρ
1106 5352 1172 5425 ἧν
1196 5356 1254 5408 τὺ
1286 5356 1480 5424 χωρίον
1504 5391 1518 5415 ,
1553 5354 1642 5409 καὶ
1670 5353 1786 5414 ταῖς

220 5449 326 5504 τῶν
346 5446 608 5499 διακόνων
641 5446 823 5514 χερσὶν
858 5447 977 5499 ἀντὶ
1007 5450 1393 5517 θυσιαστηρίου
1415 5445 1778 5515 χρησάμενος.

290 5569 317 5607 P
346 5558 523 5612 Galal.
556 5574 613 5620 It,
646 5559 729 5621 19,
759 5557 848 5610 ⁸21.

1880 4164 2023 4210 ctam
2052 4156 2196 4210 enim
2224 4154 2445 4224 ianuam
2482 4154 2790 4223 patefacere
2818 4171 2903 4210 me
2931 4156 3180 4224 jubebat,
3228 4161 3441 4231 ingres-

1880 4262 2110 4316 sumque
2142 4246 2544 4316 amplexabatui
2576 4261 2590 4309 ;
2616 4254 2667 4300 et
2690 4247 2899 4316 prolixa
2918 4248 3167 4303 oratione
3185 4251 3251 4304 de
3272 4253 3447 4320 philo-

1882 4337 2071 4407 sophia
2101 4338 2431 4393 disserebat.
2453 4336 2755 4391 Praestabat
2785 4338 2874 4391 hic
2902 4339 3071 4392 etiam
3097 4341 3446 4410 simplicitate

1882 4429 2172 4497 val'rosque
2207 4443 2387 4483 mores
2412 4430 2633 4498 penitus
2654 4428 3041 4493 aversabatur,
3062 4441 3441 4501 paupertatem

1884 4536 2009 4575 vero
2045 4519 2214 4589 pluris
2252 4517 2378 4572 fecit
2405 4533 2569 4588 quam
2601 4532 2842 4571 sunnnas
2874 4519 3113 4573 divitias.
3140 4519 3445 4591 Nonaginta

1886 4621 2045 4667 natus
2093 4624 2268 4664 annos
2306 4608 2545 4664 cilicinis
2577 4610 2825 4665 vestibus
2875 4609 3129 4673 utebatur
3165 4630 3179 4667 :
3217 4628 3351 4682 pane
3380 4630 3445 4668 ac

1883 4706 1996 4759 sale
2020 4703 2232 4756 modico
2266 4701 2430 4755 vitam
2461 4702 2827 4755 sustentabat.
2858 4700 2994 4756 Cum
3019 4710 3199 4758 autem
3235 4705 3448 4776 1235

1886 4795 2148 4865 spiritalis
2208 4794 2541 4864 mysticique
2592 4794 2851 4848 sacrificii
2905 4795 3121 4849 videndi
3172 4796 3446 4852 desiderio

1884 4891 2143 4944 diuturno
2192 4894 2495 4949 teneretur,
2531 4888 2742 4955 rogavit
2766 4897 2823 4940 ut
2855 4887 2967 4941 illic
2999 4888 3171 4942 divini
3196 4889 3321 4943 doni
3349 4893 3451 4943 lic.-

1886 4989 1961 5034 ret
1997 4979 2220 5033 oblatio.
2250 4976 2359 5048 Ego
2384 4992 2513 5030 vero
2538 4976 2767 5032 libenter
2788 4978 3188 5048 obtemperavi,
3211 4987 3263 5032 et
3288 4995 3446 5033 saera

1888 5088 2019 5125 vasa
2051 5069 2238 5125 afferri
2266 5070 2410 5139 jussi
2445 5070 2581 5141 (.nec
2611 5069 2755 5123 enim
2781 5072 2973 5139 procul
3011 5073 3199 5126 aberat
3232 5074 3443 5138 locus),

1887 5162 2354 5227 diaconorumqtte
2403 5159 2656 5213 manibus
2693 5166 2853 5215 utens
2894 5176 2991 5229 pro
3026 5162 3202 5225 altari,
3253 5165 3446 5233 mysti-

1886 5269 2009 5306 cum
2042 5260 2095 5306 et
2141 5251 2385 5303 divinum
2426 5263 2486 5301 ac
2514 5248 2756 5302 salutare
2785 5250 3116 5303 sacrificium
3149 5252 3343 5305 obtuli.
3379 5250 3447 5304 ll—

1888 5348 1937 5402 le
1964 5358 2143 5399 antem
2177 5341 2413 5411 Spiritali
2440 5339 2683 5397 refertus
2716 5342 3010 5410 voluptate,
3038 5344 3234 5397 malum
3267 5345 3444 5411 ipsum

1890 5439 2075 5494 videre
2110 5453 2167 5492 se
2204 5433 2578 5497 existimabat,
2611 5449 2708 5488 nec
2738 5434 2831 5487 tali
2863 5449 2920 5488 se
2960 5450 3199 5503 unquam
3262 5436 3445 5489 laetitia

1490 5617 1720 5673 unus
1758 5612 2183 5675 Lucriozvtzs.
2256 5594 2257 5597 ‘

288 5720 334 5747 ⁸⁸
378 5716 671 5771 licrvetus:
696 5736 712 5767 ι
742 5717 840 5771 Est
872 5717 1086 5769 Ilomeri
1114 5716 1332 5784 quidam
1367 5713 1538 5772 vicus,
1564 5727 1653 5779 qui
1692 5725 1718 5762 a
1754 5710 2153 5784 nobisvoeatur
2177 5705 2348 5784 Natis.
2387 5724 2404 5756 ι
2483 5708 2524 5738 ¹ι
2565 5712 2618 5761 In
2644 5707 2856 5765 llet‘t‘eti
2884 5710 3128 5764 versione
3154 5708 3436 5777 sequitur:

253 5784 554 5855 Tempore
571 5798 749 5843 autem
776 5787 972 5841 hiemis
1007 5776 1249 5854 qmcdam
1276 5798 1487 5853 quoque
1514 5776 1677 5851 gutta:
1713 5794 1861 5848 aquae
1890 5779 1941 5831 in
1965 5794 2023 5829 ea
2067 5776 2409 5831 emanabant.
2463 5796 2478 5827 ι
