4206 6456
735 373 861 442 1431

1689 378 2176 444 TllEODORETI
2241 384 2576 445 EPISCOPI
2638 385 3004 446 CYRENSIS

3847 382 3985 451 1439.

728 493 1006 563 perfusum
1045 493 1220 546 ait-bat
1254 494 1444 547 fuisse.
1490 492 1554 545 At
1577 508 1698 562 ego,
1731 509 1892 562 quem
1924 495 2015 548 ille
2046 495 2302 550 ardenter

2416 496 2500 566 τὴν
2552 497 2818 567 μυστικὴν
2861 497 2955 548 καὶ
2985 494 3135 549 θείαν
3165 495 3257 548 καὶ
3289 497 3550 567 σωτήριον
3577 495 3765 551 θυσίαν
3793 514 3969 569 προσ-

731 587 1022 640 admodum
1083 584 1366 654 diligebat,
1405 583 1669 653 injurium
1705 601 1790 638 me
1853 585 1904 638 in
1961 586 2139 655 ipsum
2190 587 2307 641 fore

730 679 884 742 duxi,
934 678 1038 730 nisi
1105 678 1268 730 etiam
1327 686 1604 732 mortuum
1659 676 1911 731 laudibus
1965 693 2305 748 prosequar:

732 769 996 835 injurium
1065 775 1118 820 et
1174 770 1227 820 in
1266 768 1426 832 alios,
1459 769 1566 822 nisi
1618 769 2129 836 przcstantissimam
2171 770 2312 822 hanc

734 861 1135 930 philosophiam
1189 861 1511 915 imitandam
1565 875 1892 932 proponam.
1955 861 2137 928 Quare
2191 863 2313 930 ejus

735 966 838 1022 ope
869 969 1014 1007 uuuc
1069 955 1232 1008 etiam
1269 953 1556 1023 implorata
1611 955 1771 1008 finem
1811 955 2088 1024 imponam
2125 970 2313 1008 narra-

732 1042 887 1099 tioiti.

2411 588 2636 656 ήνεγκα.
2675 588 2732 640 ⁸0
2755 588 2812 639 δέ
2836 587 3014 657 πάσης
3031 587 3220 657 ἡδονῆς
3252 589 3556 657 ἐνεφορεῖτο
3582 591 3982 660 πνευματικῆς,

2409 681 2505 732 καὶ
2552 679 2712 732 αὑτὸν
2742 681 2886 750 όρᾷν.
2912 679 3004 732 τὸν
3033 679 3262 750 οὐρανὸν
3308 680 3676 751 ὑπελάμὸανε,
3715 684 3808 736 καὶ
3846 685 3984 750 ἐφα-

2415 787 2542 823 σκεν
2576 772 2829 824 οὐδέποτε
2870 773 3209 843 εὐφροσύνης
3251 773 3675 826 ἀπολελαυκέναι
3703 774 3984 844 τοιαύτης.

2427 855 2568 928 Ἐγὼ
2606 863 2661 914 δὲ
2690 861 2907 933 θερμῶς
2925 862 3045 916 λίαν
3079 863 3170 916 ὑπ’
3206 865 3371 916 αὑτοῦ
3395 865 3670 934 φιληθεὶς,
3701 865 3986 936 ἀδικήσειν

2417 954 2624 1024 ᾠήθην,
2663 957 2711 1006 εί
2759 956 2835 1024 μὴ
2883 955 2977 1008 καὶ
3007 956 3388 1025 τελευτήσαντι
3417 956 3799 1028 εὐφημήσαιμι
3828 973 3842 988 ⁸
3878 959 3989 1011 ἀδι-

2425 1046 2614 1113 κήσειν
2651 1045 2708 1098 δὲ
2735 1047 2860 1109 τοὺς
2889 1046 3116 1112 ἄλλους,
3164 1048 3210 1099 εί
3257 1048 3331 1116 μὴ
3373 1047 3472 1116 τὴν
3516 1047 3742 1119 ἀρίστην
3778 1049 3987 1114 ταύτην

735 1133 1052 1202 φιλοσοφίαν
1097 1133 1354 1204 προθείην
1403 1136 1482 1197 είς
1524 1135 1777 1206 μίμησιν.
1833 1137 1942 1187 Καὶ
1999 1135 2095 1189 νῦν
2168 1135 2346 1187 τοίνυν
2419 1134 2517 1202 τῆς
2587 1139 2714 1206 παρ’
2776 1139 2940 1191 αὑτοῦ
2995 1140 3175 1208 τυχεῖν
3229 1139 3544 1210 ἐπικουρίας
3603 1139 3984 1212 ἀντιϐολήσας,

735 1231 910 1300 πέρας
942 1232 1188 1300 ἐπιθήσω
1222 1233 1299 1301 τῷ
1325 1233 1644 1302 διηγήματι.

1229 1363 1368 1419 XXI.
1400 1396 1462 1404 --—
1494 1365 1810 1421 JACOBUS.

807 1495 1102 1565 Postquam
1137 1498 1465 1552 athletarum
1509 1497 1761 1561 virtutis,
1794 1498 1887 1566 qui
1921 1496 2031 1565 jam
2077 1498 2305 1551 victores

738 1590 1034 1643 renuntiati
1069 1597 1231 1651 sunt,
1263 1604 1465 1657 agones
1499 1589 1909 1658 percensuimus
1931 1627 1944 1648 ,
1982 1580 2314 1657 illorumque

739 1687 851 1734 tum
888 1683 939 1734 in
974 1681 1369 1736 exercitatione
1401 1681 1618 1736 labores
1641 1722 1656 1746 ,
1689 1689 1803 1733 tum
1835 1680 1887 1733 in
1917 1681 2312 1734 certaminibus

2908 1367 3032 1419 KA'.
3072 1394 3135 1404 —
3178 1363 3490 1420 ΙΑΚΩΒΟΣ.

2503 1493 2714 1566 Ἐπειδὴ
2755 1497 2863 1548 τῶν
2906 1483 3320 1568 ἀναρρηθέντων
3352 1495 3449 1565 τῆς
3489 1495 3691 1566 ἀρετῆς
3735 1494 3989 1563 ἀθλητῶν

2415 1590 2544 1651 τοὺς
2573 1587 2789 1655 ἀγῶνας
2810 1587 3174 1658 διεξήλθομεν,
3204 1588 3262 1639 ἐν
3286 1587 3562 1656 κεφαλαίῳ
3591 1586 3986 1664 διηγησάμενοι

2417 1681 2509 1733 καὶ
2547 1681 2674 1742 τοὺς
2720 1681 2777 1731 ἐν
2822 1682 2888 1749 τῇ
2945 1679 3142 1752 μελέτῃ
3194 1680 3389 1741 πόνους
3416 1719 3430 1742 ,
3467 1678 3563 1732 καὶ
3605 1680 3730 1741 τοὺς
3763 1680 3820 1732 ἐν
3870 1681 3987 1740 τοῖς

739 1773 1006 1837 sudores,
1047 1772 1500 1840 clarissimasque
1539 1779 1593 1824 et
1635 1770 2006 1824 nobilissimas
2047 1770 2310 1823 victorias

2416 1771 2621 1839 ἀγῶσιν
2671 1770 2930 1840 ἱδρῶτας,
2978 1769 3075 1822 καὶ
3111 1769 3208 1833 τὰς
3238 1770 3626 1840 λαμπροτάτας
3677 1772 3771 1823 καὶ
3822 1787 3989 1839 περι-

741 1863 1056 1917 summatim
1090 1863 1471 1917 enarravimus
1494 1902 1507 1924 ,
1545 1876 1645 1931 age
1679 1876 1826 1914 nunc
1859 1873 2049 1914 eorum
2085 1858 2179 1927 qui
2217 1872 2312 1912 su-

741 1954 999 2022 perstites
1040 1961 1206 2017 sunt,
1239 1962 1295 2007 et
1334 1953 1625 2022 magnifice
1657 1953 1973 2015 decertant,
2011 1959 2172 2019 atque
2211 1965 2312 2004 an-

741 2046 973 2099 teriores
1010 2045 1311 2100 sudoribus
1344 2046 1568 2098 vincere
1606 2044 1865 2107 student,
1895 2045 2062 2097 vitam
2105 2044 2312 2099 descri-

740 2139 969 2199 bamus,
1020 2137 1320 2204 utilemque
1373 2136 1612 2204 posteris
1662 2135 1983 2189 memoriam
2031 2135 2314 2204 relinqua-

740 2244 883 2281 mus.
922 2228 1080 2282 Sicut
1108 2227 1252 2280 euim
1285 2236 1607 2281 sanctorum
1632 2268 1646 2289 ,
1673 2227 1763 2296 qui
1796 2227 1925 2280 olim
1958 2227 2308 2291 claruerunt,

741 2321 1089 2375 conversatio
1113 2320 1407 2375 utilitatem
1433 2320 1501 2374 iis
1523 2319 1614 2389 qui
1640 2328 1761 2388 post
1785 2318 1962 2372 secuti
1982 2325 2111 2372 sunt
2130 2318 2310 2372 attulit

741 2413 1033 2466 maximam
1063 2431 1075 2466 :
1109 2413 1183 2466 ita
1212 2414 1279 2467 iis
1315 2413 1406 2483 qui
1438 2421 1562 2482 post
1595 2427 1696 2467 nos
1727 2411 1899 2465 futuri
1932 2419 2095 2477 sunt,
2126 2426 2311 2468 exem—

740 2507 860 2572 plar
898 2513 1060 2558 erunt
1100 2506 1333 2560 istorum
1374 2505 1742 2559 narrationes.
1784 2503 1989 2557 Horum
2023 2517 2157 2557 vero
2205 2502 2312 2555 ini-

740 2597 874 2648 tium
910 2597 1106 2651 ducam
1145 2611 1173 2650 a
1215 2611 1416 2666 magno
1444 2593 1670 2650 Jacobo.
1710 2594 1760 2649 ls
1795 2595 1938 2648 enim
1975 2602 2029 2647 et
2067 2601 2312 2662 tempore

740 2698 794 2742 et
831 2688 1020 2743 labore
1058 2699 1286 2744 caeteros
1321 2689 1635 2752 antecedit,
1677 2688 1773 2755 qui
1817 2687 1998 2754 ipsum
2041 2684 2311 2740 imitando

742 2781 879 2834 mira
915 2789 966 2836 et
1005 2779 1272 2850 stupenda
1313 2779 1541 2833 faciunt.
1579 2778 1822 2850 Contigit
1862 2787 2046 2834 autem
2073 2817 2088 2837 .
2124 2776 2312 2832 nescio

743 2886 850 2938 quo
881 2879 1074 2939 pacto,
1112 2870 1322 2940 1235
1356 2881 1415 2924 ut
1445 2879 1500 2926 et
1527 2872 1638 2924 vita
1673 2869 2014 2935 functorum,
2051 2877 2108 2925 et
2133 2869 2314 2924 adhuc

743 2964 1137 3030 superstitum,
1190 2976 1390 3016 nomen
1443 2962 1544 3015 hoc
1591 2961 1826 3031 primum
1878 2962 2057 3014 locum
2109 2968 2308 3014 teneat.

745 3057 760 3072 ‘
800 3053 1193 3108 Defunctorum
1251 3053 1456 3123 quippe
1506 3053 1681 3107 vitam
1724 3065 1846 3106 cum
1899 3050 2311 3116 describerem,

2415 1865 2752 1933 φανεστάτας
2792 1864 2966 1926 νίκας,
3005 1863 3137 1934 φέρε
3178 1865 3272 1916 καὶ
3298 1863 3404 1916 τῶν
3436 1863 3516 1915 ἔτι
3544 1863 3860 1934 περιόντων,
3892 1865 3993 1916 καὶ

2417 1953 2852 2026 μεγαλοπρεπῶς
2895 1952 3344 2023 ἀγωνιζομένων,
3401 1952 3493 2004 καὶ
3537 1949 3992 2018 φιλονεικούντων

2413 2048 2631 2116 νικῆσαι
2661 2046 2771 2107 τοῖς
2801 2043 2986 2114 ἱδρῶσι
3017 2044 3142 2104 τοὺς
3173 2041 3566 2114 προλαϐόντας,
3588 2041 3684 2111 τὴν
3710 2041 3993 2094 πολιτείαν

2414 2138 2854 2209 συγγράψωμεν,
2914 2136 3009 2189 καὶ
3065 2137 3176 2197 τοῖς
3226 2135 3503 2204 ἐσομένοις
3567 2132 3993 2202 καταλείψωμεν

2412 2231 2733 2301 ὀνησιφόρον
2785 2231 3027 2301 μνήμην.
3067 2228 3278 2297 Ὥσπερ
3322 2226 3429 2294 γάρ
3478 2225 3585 2277 τῶν
3629 2225 3798 2278 πάλαι
3855 2222 3992 2276 ποτὲ

2411 2326 2825 2397 διαπρεψάντων
2851 2321 3020 2390 ἁγίων
3045 2322 3078 2390 ἡ
3103 2318 3346 2373 πολιτεία
3371 2321 3483 2380 τοῖς
3502 2314 3693 2369 ἔπειτα
3718 2315 3992 2385 μεγίστην

2412 2419 2679 2488 ὠφέλειαν
2717 2416 2992 2486 ἐκόμισεν,
3023 2412 3194 2474 οὓτως
3224 2413 3508 2482 ἀρχέτυπα
3543 2412 3666 2472 τοῖς,
3691 2407 3808 2476 μεθ’
3836 2407 3992 2477 ἡμᾶς

2411 2514 2481 2566 τὰ
2524 2510 2727 2565 τούτων
2781 2509 3069 2578 γενήσεται
3123 2506 3458 2574 διηγήματα.
3521 2501 3721 2573 Ἀρχὴν
3778 2499 3994 2554 τούτων

2414 2605 2714 2676 ποιήσομαι
2762 2603 2851 2656 τὸν
2916 2601 3088 2672 μέγαν
3155 2596 3450 2651 Ἰάκωϐον
3506 2591 3660 2657 οὗτος
3712 2586 3824 2662 γὰρ
3876 2591 3990 2644 τῶν

2414 2698 2588 2753 ἄλλων
2639 2697 2734 2750 καὶ
2771 2696 2847 2766 τῷ
2889 2695 3086 2765 χρόνῳ,
3133 2693 3228 2746 καὶ
3262 2689 3340 2760 τῷ
3383 2690 3529 2758 πόνῳ
3562 2685 3856 2759 πρωτεύει,
3889 2685 3988 2737 καὶ

2413 2790 2605 2844 τοῦτον
2656 2788 3037 2856 ζηλώσαντες,
3092 2785 3160 2838 τὶ
3211 2783 3505 2853 θαυμαστά
3562 2781 3656 2833 καὶ
3705 2777 3993 2848 παράδοξα

2414 2883 2603 2954 δρῶσι.
2643 2881 2847 2950 Συνέϐη
2892 2881 2947 2932 δὲ
2989 2881 3088 2932 οὐκ
3123 2875 3219 2932 οἷδ’
3252 2879 3421 2940 ὅπως,
3469 2875 3693 2928 καὶτῶν
3721 2871 3995 2927 ἀπελθόν-

2414 2989 2544 3038 των,
2579 2972 2674 3025 καὶ
2709 2970 2816 3023 τῶν
2859 2970 2936 3023 ἔτι
2972 2969 3266 3039 περιόντων
3295 3009 3308 3032 ,
3357 2965 3518 3019 τοῦτο
3561 2963 3877 3033 πρωτεῦσαι
3935 2961 3997 3014 τὺ

2417 3065 2608 3134 δνομα.
2635 3064 2744 3115 Καὶ
2766 3062 2876 3132 γὰρ
2904 3062 2994 3115 καὶ
3033 3061 3130 3132 τήν
3162 3059 3383 3112 ἐκείνων
3411 3057 3684 3111 πολιτείαν
3724 3055 3990 3126 διηγησάο

742 3163 980 3203 exorsus
1021 3163 1142 3202 sum
1186 3161 1213 3199 a
1256 3146 1446 3200 divino
1479 3146 1576 3199 illo
1609 3143 1853 3209 Jacobo,
1890 3144 1983 3214 qui
2020 3142 2309 3198 Persarum

2424 3169 2584 3225 μενος
2606 3195 2619 3215 ,
2670 3152 2843 3222 ἀρχὴν
2881 3151 2971 3204 τὸν
3007 3151 3147 3203 θετον
3177 3151 3384 3202 ἐκεῖνον
3420 3146 3758 3216 ἐποιησάμην
3804 3145 3996 3196 Ἰάκω-

743 3243 1049 3297 exercitum
1110 3242 1360 3295 oratione
1415 3256 1514 3295 sua
1572 3238 1900 3309 dissipavit,
1955 3236 2316 3307 disiectisque

744 3335 898 3389 urbis
925 3333 1199 3387 mcenibus
1227 3332 1423 3386 urbem
1449 3331 1569 3400 capi
1599 3345 1707 3383 non
1737 3329 2018 3399 permisit,
2045 3337 2100 3382 et
2131 3328 2316 3384 hostes

744 3425 934 3494 fugere
963 3425 1180 3492 coegit,
1205 3424 1443 3477 culicum
1469 3420 1810 3488 cinifumque
1838 3421 1957 3473 acie
1983 3419 2036 3472 in
2066 3419 2191 3474 illos
2219 3418 2316 3478 im,-

747 3519 936 3571 missa.
975 3515 1078 3580 Qui
1115 3530 1246 3584 ergo
1279 3524 1332 3568 et
1366 3514 1576 3567 honore
1613 3520 1669 3567 et
1717 3511 1964 3566 moribus
2011 3512 2165 3565 illum
2225 3526 2316 3565 re-

747 3610 885 3670 fert,
926 3608 1226 3664 viventium
1282 3607 1464 3659 adhuc
1506 3605 1837 3658 athletarum
1881 3618 2077 3673 agmen
2117 3605 2315 3667 ducat,

748 3715 856 3755 non
894 3699 1021 3768 quia
1059 3698 1197 3752 idem
1229 3712 1423 3752 nomen
1455 3698 1623 3766 gerit,
1661 3695 1754 3749 sed
1787 3691 1914 3764 quia
1945 3696 2066 3764 ejus
2099 3710 2318 3765 quoque

747 3795 992 3846 imitatus
1030 3800 1115 3846 est
1171 3791 1467 3854 virtutem,
1509 3789 1898 3857 exemplarque
1952 3787 2318 3856 philosophia:

749 3886 874 3941 aliis
922 3887 1041 3955 ipse
1085 3885 1265 3938 factus
1303 3891 1407 3939 est.
1451 3881 1696 3937 Maronis
1735 3883 1881 3936 enim
1926 3883 2127 3937 summi
2169 3883 2319 3937 illius

749 3978 802 4029 in
854 3973 1312 4030 consuetudinem
1357 3982 1640 4043 receptus,
1696 3972 1992 4042 divinaque
2043 3972 2164 4041 ejus
2217 3973 2319 4026 do-

748 4067 926 4121 ctrina
962 4066 1289 4131 institutus,
1333 4066 1653 4136 magistrum
1694 4065 1871 4134 ipsum
1913 4064 2163 4118 laborum
2203 4079 2318 4118 ma-

748 4157 1036 4225 gnitudine
1089 4157 1428 4210 obscuravit.
1491 4154 1697 4210 Habuit
1755 4154 2023 4224 siquidem
2079 4155 2169 4210 ille
2220 4170 2320 4224 pro

751 4264 912 4302 muro
967 4248 1168 4303 vetusti
1226 4248 1436 4302 erroris
1493 4247 1820 4308 delubrum,
1878 4258 1931 4301 et
1966 4262 2029 4300 ex
2088 4248 2320 4317 pellibus

750 4340 991 4393 cilieinis
1026 4340 1435 4394 tabernaculum
1458 4382 1471 4404 ,
1498 4337 1661 4408 cujus
1687 4353 1790 4408 ope
1833 4339 2029 4407 pluviae
2069 4340 2322 4408 nivisque

752 4433 981 4500 injurias
1017 4447 1211 4486 omnes
1240 4433 1574 4500 declinabat.
1608 4432 1716 4493 Hic
1743 4448 1874 4488 vero
1895 4476 1908 4498 ,
1948 4433 2031 4486 his
2064 4431 2322 4485 omnibus

750 4527 930 4579 valere
953 4526 1126 4593 jussis
1146 4567 1160 4590 ,
1193 4536 1249 4580 et
1281 4527 1660 4591 tabernaculo,
1693 4538 1746 4582 et
1773 4527 2022 4596 tugurio,
2047 4533 2099 4579 et
2124 4539 2280 4577 muro
2301 4563 2315 4587 ,

750 4618 950 4670 malum
984 4618 1143 4672 habet
1175 4633 1274 4689 pro
1301 4625 1467 4680 tecto,
1497 4619 1790 4674 contrariis
1821 4620 1962 4672 aeris
1991 4617 2315 4686 impressio-

751 4709 913 4763 nibus
948 4709 1228 4765 universis
1262 4711 1544 4780 expositus
1567 4752 1580 4774 ,
1615 4720 1668 4766 et
1703 4726 1848 4765 nunc
1893 4709 2114 4779 quidem
2168 4709 2318 4777 largo

751 4801 926 4856 imbre
952 4801 1234 4865 diﬂlueus,
1270 4818 1420 4856 nunc
1455 4803 1576 4873 gelu
1609 4818 1671 4856 ac
1704 4804 1828 4856 nive
1867 4809 2197 4863 concretus,
2230 4802 2317 4853 in-

754 4894 967 4947 terdum
1006 4894 1174 4949 radiis
1207 4895 1342 4950 solis
1371 4903 1548 4949 tostus
1575 4902 1627 4948 et
1657 4903 1884 4949 exustus
1910 4913 1922 4946 :
1955 4893 2171 4947 fortiter
2200 4907 2317 4947 om-

753 4986 840 5039 nia
876 4985 1191 5055 perferens,
1242 4997 1295 5041 et
1342 4995 1601 5057 tanquam
1634 4987 1689 5038 in
1728 4986 1909 5039 alieno
1957 5000 2185 5053 corpore
2232 4985 2318 5037 di-

755 5079 964 5133 micans
986 5118 1000 5141 ,
1032 5080 1281 5148 corporis
1314 5088 1565 5133 naturam
1597 5079 1881 5131 alacritate
1909 5077 2072 5130 animi
2101 5076 2320 5128 vinci-re

755 5169 1058 5234 contendit,
1085 5173 1417 5240 mortalique
1444 5171 1547 5225 hoc
1589 5179 1641 5223 et
1685 5170 1893 5239 patibili
1920 5167 2315 5229 circumdatus,

756 5262 838 5315 sic
870 5261 998 5315 vivit
1032 5277 1096 5316 ac
1131 5264 1178 5317 si
1216 5264 1273 5316 in
1312 5264 1601 5333 impatibili
1629 5305 1642 5325 ,
1678 5271 1731 5317 et
1769 5263 1934 5315 vitam
1987 5260 2040 5313 in
2091 5275 2319 5329 corpore

755 5359 1007 5425 corporis
1038 5367 1318 5426 expertem
1369 5357 1678 5414 meditans.
1731 5369 1855 5409 cum
1909 5355 2096 5409 divino
2152 5353 2318 5406 Paulo

755 5447 956 5500 clamat
986 5466 996 5501 :
1025 5466 1042 5499 ι
1063 5447 1117 5500 In
1147 5462 1313 5501 carne
1347 5447 1690 5502 ambulantes
1722 5463 1830 5500 non
1865 5447 2167 5501 secundum
2195 5461 2318 5498 car-

758 5552 878 5592 ncm
924 5541 1240 5595 militamus.
1290 5540 1515 5609 1236
1563 5539 1724 5592 Arma
1779 5540 1924 5592 enim
1977 5547 2160 5593 nostra
2207 5553 2315 5590 nou

756 5640 884 5684 sunt
920 5633 1198 5692 carnalia,
1233 5633 1325 5686 scd
1362 5633 1606 5700 potentia
1646 5631 1754 5684 Deo
1786 5629 1851 5683 ad
1887 5629 2316 5683 destructionem

758 5719 1149 5776 munitionum.
1186 5722 1426 5776 Consilia
1465 5719 1844 5784 destruentes,
1880 5728 1933 5774 et
1971 5719 2315 5774 altitudinem

758 5829 878 5882 qum
915 5832 970 5870 se
1005 5816 1216 5869 extollit
1251 5816 1513 5869 adversus
1555 5814 1838 5869 scientiam
1883 5813 2011 5878 Dei,
2054 5824 2104 5868 ct
2148 5816 2318 5883 capti-

2417 3245 2542 3306 60v,
2583 3243 2641 3306 ὃς
2684 3246 2781 3312 τὴν
2820 3241 3091 3313 Περσικὴν
3144 3241 3360 3310 ἐκείνην
3404 3237 3688 3309 στρατείαν
3730 3237 3996 3290 ἐσκέδασε

2417 3334 2716 3406 προσευχῇ,
2758 3335 2852 3387 καὶ
2888 3334 2994 3386 τῶν
3028 3331 3122 3385 τοῦ
3155 3333 3360 3393 ἄστεως
3405 3329 3706 3401 περιϐόλων
3759 3346 3974 3383 καταπε

2421 3429 2641 3491 σόντων,
2672 3425 2795 3479 οὔτε
2820 3427 2918 3495 τὴν
2946 3425 3096 3478 πόλιν
3121 3424 3323 3478 ἁλῶναι
3346 3421 3712 3492 συνεχώρησε,
3741 3422 3836 3473 καὶ
3865 3421 3990 3483 τοὺς

2421 3517 2709 3588 πολεμίους
2776 3519 2966 3585 φυγεῖν
3015 3516 3465 3585 κατηνάγκασεν,
3526 3513 3758 3583 ἐμπίδας
3808 3513 3994 3573 αὐτοῖς

2420 3608 2928 3680 καταστρατεύσας,
2960 3607 3055 3661 καὶ
3099 3607 3387 3670 κώνωπας.
3446 3606 3507 3659 Ὀ
3556 3604 3764 3657 ἐκείνου
3813 3604 3994 3656 τοίνυν

2419 3703 2678 3772 ὁμότιμος
2702 3741 2716 3764 ,
2751 3701 2845 3753 καὶ
2881 3701 3220 3770 ὁμότροπος,
3268 3699 3367 3767 τῆς
3403 3697 3512 3750 τῶν
3561 3697 3639 3748 ἔτι
3691 3695 3994 3764 περιόντων

2421 3795 2736 3863 ἀγωνιστῶν
2774 3795 3085 3864 προτευέτω
3129 3785 3441 3861 συμμορίας
3466 3805 3480 3818 ο
3534 3789 3633 3841 οὐκ
3675 3786 3862 3855 ἐπειδὴ
3895 3787 3995 3853 τῆς

2425 3885 2794 3959 προσηγορίας
2821 3886 2934 3937 ἐστὶ
2961 3881 3233 3947 κοινωνὸς,
3259 3880 3373 3934 ἀλλ’
3410 3880 3489 3933 ὅτι
3523 3879 3620 3932 καὶ
3653 3879 3751 3947 τὴν
3785 3876 3995 3930 ἐκείνου

2422 3981 2692 4050 ἐζήλωσεν
2721 3980 2941 4050 ἀρετὴν,
2968 3979 3062 4030 καὶ
3101 3976 3457 4047 παράδειγμα
3485 3973 3802 4043 φιλοσοφίας
3834 3971 3994 4031 αὐτὸς

2421 4075 2532 4134 τοῖς
2575 4069 2752 4134 ἄλλοις
2792 4069 3035 4137 ἐγένετο.
3069 4067 3295 4136 Μάρωνι
3347 4065 3456 4135 γὰρ
3495 4063 3686 4132 ἐκείνῳ
3737 4061 3814 4130 τῷ
3855 4061 3995 4114 πάνυ

2425 4164 2864 4232 συγγενόμενος,
2917 4161 3011 4213 καὶ
3070 4161 3169 4229 τῆς
3218 4156 3372 4219 θείας
3425 4155 3590 4209 αὑτοῦ
3646 4153 3995 4213 διδασκαλία;

2427 4255 2764 4328 μεταλαχὼν,
2802 4258 2912 4317 τοῖς
2949 4251 3156 4323 μείζοσι
3187 4251 3367 4313 πόνοις
3407 4249 3692 4320 ἀπέκρυψε
3719 4248 3811 4300 τὸν
3853 4247 3993 4300 διδά-

2427 4348 2642 4401 σκαλον.
2689 4348 2746 4399 ὐ
2781 4346 2878 4414 μὲν
2909 4345 3017 4415 γὰρ
3046 4343 3138 4397 καὶ
3169 4341 3450 4413 περίϐολον
3481 4335 3592 4410 εἶχε
3618 4339 3718 4409 τῆς
3759 4338 3996 4401 παλαιᾶς

2427 4441 2633 4510 πλάνης
2668 4440 2726 4493 τὸ
2753 4439 2998 4509 τέμενος,
3026 4437 3118 4489 καὶ
3143 4435 3348 4505 σκηνὴν
3383 4437 3446 4487 ἐκ
3476 4434 3716 4504 δέρῤεων
3740 4430 3996 4501 τριχίνων

2427 4530 2687 4603 ἐπήξατο,
2738 4529 2833 4583 καὶ
2871 4529 3040 4598 ταύτῃ
3082 4526 3392 4596 χρώμενος,
3427 4525 3526 4586 τὰς
3567 4523 3660 4576 τοῦ
3698 4521 3854 4575 ὑετοῦ
3902 4521 3995 4574 καὶ

2427 4622 2642 4692 νιφετοῦ
2679 4621 2896 4690 διέφυγε
2942 4616 3266 4687 προσϐολάς.
3305 4607 3470 4677 Οὗτος
3513 4614 3568 4666 δέ
3614 4615 3746 4666 πᾶσι
3785 4613 3995 4675 τούτοις

2427 4712 2698 4782 ἐρᾑσθαι
2724 4706 2959 4779 φράσας,
2994 4707 3089 4759 καὶ
3117 4707 3312 4774 σκηνῇ,
3342 4704 3435 4756 καὶ
3460 4702 3688 4774 καλύὸῃ,
3722 4703 3817 4753 καὶ
3850 4718 3994 4771 περιο

2427 4804 2568 4872 δόλῳ
2589 4841 2603 4864 ,
2653 4802 2848 4870 δροφεν
2882 4798 2994 4867 ἔχει
3036 4795 3127 4848 τὸν
3160 4793 3391 4864 οὐρανὸν
3416 4831 3430 4853 ,
3462 4792 3641 4852 πάσας
3687 4790 3781 4842 τοῦ
3837 4790 3997 4860 ἀέρος

2427 4897 2524 4957 τὰς
2576 4892 2824 4954 ἐναντίας
2863 4890 3152 4960 δεχόμενος
3200 4884 3526 4956 προσϐολάς.
3577 4882 3687 4941 Καὶ
3743 4881 3840 4933 νῦν
3900 4881 4000 4950 μὲν

2428 4987 2567 5056 ὐετῷ
2619 4985 2803 5054 λαύρῳ
2839 4979 3350 5047 κατακλυζόμενος,
3405 4975 3499 5028 νῦν
3541 4974 3598 5026 δὲ
3647 4971 3848 5042 κρυμῷ
3903 4970 4000 5023 καὶ

2427 5077 2624 5146 νιφετῷ
2674 5074 3044 5143 πηγνύμενος·
3088 5069 3271 5123 ἄλλοτε
3325 5068 3380 5119 δὲ
3427 5068 3542 5126 ταῖς
3577 5065 3760 5117 ἀκτῖσι
3803 5062 4001 5130 φλεγό-

2432 5169 2589 5237 μενός
2621 5184 2677 5219 τε
2708 5165 2801 5219 καὶ
2839 5161 3282 5233 ἐμπιπράμενος,
3311 5159 3404 5210 καὶ
3447 5156 3582 5226 πρὸς
3611 5155 3830 5208 ἅπαντα
3863 5171 4000 5223 καρ-

2426 5262 2599 5332 τερῶν
2681 5260 2771 5311 καὶ
2805 5258 2878 5319 ὠς
2911 5257 2968 5307 ἐν
2999 5253 3262 5325 ἀλλοτρίῳ
3307 5248 3708 5318 ἀγωνιζόμενος
3758 5247 4000 5316 σώματι,

2429 5354 2524 5406 καὶ
2552 5350 2871 5421 φιλονεικῶν
2896 5350 2960 5417 τῇ
2991 5343 3270 5415 προθυμία
3299 5343 3515 5412 νικῆσαι
3542 5341 3641 5410 τὴν
3673 5339 3767 5392 τοῦ
3810 5332 4002 5408 σώμα-

2427 5464 2516 5509 τος
2548 5443 2727 5513 φύσιν.
2763 5441 2966 5511 Θνητὸν
2997 5439 3106 5508 γὰρ
3135 5436 3294 5489 τοῦτο
3341 5435 3435 5486 καὶ
3466 5433 3708 5502 παθητὸν
3751 5431 4004 5502 περικεί-

2431 5555 2610 5606 μενος,
2642 5536 2716 5596 ὡς
2749 5536 2804 5586 ἐν
2831 5530 3033 5585 ἀπαθεῖ
3062 5527 3419 5591 πολιτεύεται,
3458 5526 3548 5578 καὶ
3576 5525 3673 5594 τὴν
3707 5523 4004 5593 ἀσώματον

2429 5629 2572 5698 ζωὴν
2607 5629 2662 5679 ἐν
2709 5623 2920 5693 σώματι
2956 5620 3213 5692 μελετῶν,
3247 5619 3381 5689 μετά
3422 5619 3512 5670 τοῦ
3546 5615 3835 5668 θεσπεσίου
3864 5614 4007 5667 Παύ-

2427 5721 2517 5773 λου
2667 5735 2678 5748 ·
2719 5736 2735 5767 ι
2781 5716 2867 5767 Ἐν
2901 5713 3061 5782 σαρκὶ
3099 5709 3520 5780 περιπατοῦντες
3553 5708 3616 5760 οὐ
3653 5707 3792 5760 κατὰ
3823 5709 4007 5775 σάρκα

2431 5805 2877 5882 στρατευόμεθα·
2913 5806 2975 5857 τά
3006 5804 3109 5874 γὰρ
3147 5802 3286 5855 ὅπλα
3315 5800 3466 5869 ήμῶν
3491 5801 3552 5853 c0
3582 5799 3835 5868 σαρκικὰ,
3865 5797 4007 5852 ἀλλὰ
