4206 6456
213 370 235 433 Ῑ
248 372 352 442 433

1398 379 1811 443 RELIGIOSA
1885 383 2261 445 HISTORIA.

3322 386 3458 452 1434

204 484 411 537 δύνατά
439 480 514 554 τῷ
539 484 659 554 Θεῷ
690 485 826 554 πρὸς
849 485 1166 558 καθαίρεσιν
1192 486 1566 559 ὀχυρωμάτων
1594 510 1606 522 ·
1633 494 1771 562 λογι-

1888 504 2080 550 vantes
2106 510 2294 550 omnes
2321 494 2657 549 intellectum
2694 500 2746 550 in
2778 497 3105 567 obsequium
3132 496 3338 555 Christi
3359 510 3407 556 ιι.
3430 521 3450 556 ο

207 576 383 642 σμοὺς
430 574 819 644 καθαιροῦντες
844 593 873 639 ,’
911 577 1005 629 καὶ
1048 580 1156 631 πᾶν
1192 577 1392 649 ὕψωμα
1424 582 1783 654 ἐπαιρόμενον

204 667 351 719 κατά
382 666 485 736 τῆς
515 667 766 734 γνώσεως
799 668 892 722 τοῦ
924 668 1059 721 Θεοῦ
1091 686 1103 699 ⁸
1160 671 1253 723 καὶ
1287 672 1782 742 αἰχμαλωτίζοντες

204 761 321 834 πίε
351 759 530 829 νόημα
574 761 655 822 είς
687 748 803 830 ’τὴν
846 762 1092 838 ὐπακοῂν
1121 761 1215 815 τοῦ
1263 764 1520 835 Χριστοῦ.
1560 785 1577 817 ι
1622 767 1782 823 Ἀλλά

200 836 428 911 τούτους
454 852 579 915 τούς
615 851 753 920 ὐπέρ
783 851 944 919 φύσιν
987 836 1206 920 ἀγῶνας
1250 855 1307 905 ἐν
1350 855 1558 923 μείοσιν
1590 856 1781 925 ἐμελέ-

200 954 336 1005 τησε
374 938 580 1001 πόνοις.
622 939 712 991 Ἐν
748 938 977 1008 οἰκίσκῳ
1017 938 1125 1011 γάρ
1158 956 1264 993 τινι
1297 940 1489 1011 βραχεῖ
1517 945 1779 1013 πρότερον

200 1030 397 1081 ἑαυτὸν
428 1027 724 1100 καθείρξας
747 1068 763 1091 ,
810 1031 904 1083 καλ⁵
934 1029 1042 1083 τῶν
1072 1030 1269 1096 ἔξωθεν
1299 1031 1544 1104 θορύϐων
1570 1034 1781 1087 ἐλευθε-

200 1120 387 1188 ρώσας
414 1160 430 1183 ,
462 1122 556 1173 καὶ
601 1120 811 1191 τῇ.τοῦ
845 1119 981 1173 Θεοῦ
1042 1121 1232 1193 μνήμῃ
1285 1122 1644 1193 προσηλώσας
1687 1124 1779 1177 τὸν

197 1206 349 1264 νοῦν.
374 1209 520 1262 οὕτω
541 1209 639 1280 τὴν
659 1210 757 1279 τῆς
781 1209 1025 1273 ἐντελοῦς
1047 1210 1501 1281 ἀρετῆςέποιεῖτο
1524 1212 1783 1284 μελέτην.”

198 1296 629 1367 Γυμνασάμενος
668 1299 722 1350 δὲ
777 1299 973 1368 ἄριστα
996 1341 1010 1364 ,
1051 1300 1144 1353 καὶ
1177 1299 1286 1352 τῶν
1338 1301 1559 1368 ἀγαθῶν
1596 1304 1775 1355 πόνων

196 1389 367 1443 ἐθάδα
392 1389 492 1460 τὴν
519 1390 697 1461 ψυχὴν
736 1391 1044 1460 ἀποφήνας,
1078 1390 1187 1444 τῶν
1222 1391 1489 1462 μειζόνων
1519 1393 1774 1445 κατετόλ-

199 1488 377 1552 μησεν
407 1483 586 1537 ἄθλων
608 1502 621 1515 ·
661 1485 756 1538 καὶ
780 1483 937 1537 τοῦτο
961 1485 1020 1538 τὸ
1045 1484 1170 1553 ὄρος
1200 1483 1540 1547 καταλαϐὼν,
1564 1478 1591 1537 δ
1620 1484 1773 1537 τοῦδε

194 1574 289 1627 τοῦ
325 1574 532 1637 ἄστεως
559 1575 855 1643 τριάκοντα
893 1575 1126 1639 σταδίοις
1155 1576 1480 1646 ἀφέστηκεν,
1508 1575 1773 1647 ἐπίσημον

195 1667 451 1734 ἀπέφηνε
481 1667 575 1720 καὶ
612 1667 926 1737 σεϐάσμιον,
957 1668 1168 1738 ἄσημον
1197 1669 1257 1721 ὃν
1279 1667 1447 1721 πάλαι
1476 1669 1569 1721 καὶ
1602 1668 1773 1741 ἀκαρ-

195 1772 297 1808 πον
324 1756 625 1818 παντελῶς.
664 1756 946 1826 Τοσαύτην
990 1755 1046 1809 δὲ
1103 1756 1196 1810 νῦν
1242 1756 1494 1824 εὐλογίαν
1523 1758 1771 1827 δεδέχθαι

192 1848 591 1911 πεπίστευται,
642 1848 715 1912 ὡς
746 1848 846 1921 τὴν
876 1848 1232 1920 ἐπικειμένην
1273 1848 1614 1903 δαπανᾶσθαι
1643 1849 1770 1918 γῆν,

190 1938 300 1992 τῶν
344 1939 611 1992 πάντοθεν
655 1941 1072 2010 ἀφικνουμένων
1108 1942 1189 2005 εἰς
1243 1940 1510 2009 ὠφέλειαν
1566 1940 1771 2012 ταύτην

191 2031 597 2101 κομιζομένων.
676 2032 764 2084 Ἐν
818 2029 993 2103 τούτῳ
1048 2030 1445 2104 διαιτώμενος,
1505 2032 1611 2085 ὐπὸ
1661 2034 1770 2090 τῶν

189 2128 648 2198 παραγινομένων
718 2128 974 2185 ἁπάντων
1037 2128 1362 2199 θεωρεῖται·
1424 2129 1523 2182 οὐκ
1574 2129 1769 2203 ἄντρον

189 2220 355 2288 ἔχων,
386 2218 463 2284 ώς
484 2219 639 2293 ἔφην,
674 2222 732 2275 οὐ
766 2220 993 2293 σκηνὴν,
1030 2221 1092 2275 οὐ
1121 2221 1384 2292 καλύόην,
1413 2222 1473 2276 οὐ
1498 2222 1767 2293 θριγκίον,

188 2314 289 2384 οὐχ
314 2315 582 2385 αἱμασιὰν
617 2316 1092 2388 περιφράττουσαν
1112 2333 1125 2346 ·
1170 2316 1307 2371 ἀλλά
1350 2318 1444 2371 καὶ
1473 2318 1771 2389 προσευχό-

191 2424 358 2477 μενος
387 2409 602 2479 ὁρᾶται,
636 2409 730 2463 καὶ
773 2408 1260 2480 διαναπαυόμενος,
1310 2411 1405 2464 καὶ
1451 2410 1644 2474 ἑστὼς,
1676 2412 1771 2465 καὶ

189 2500 524 2571 καθήμενος,
578 2503 672 2580 καὶ
712 2502 991 2572 ὑγιαίνων,
1045 2504 1139 2557 καὶ
1169 2503 1451 2577 ἀρρωστίᾳ
1490 2506 1596 2558 τινὶ
1640 2524 1769 2559 κατ-

189 2594 481 2665 εχόμενος·
533 2597 608 2659 ὡς
658 2595 921 2668 διηνεκῶς
973 2596 1078 2650 ὐπὸ
1121 2596 1341 2662 θεαταῖς
1387 2598 1789 2667 ἀγωνίζεσθαι,,

189 2689 287 2741 καὶ
328 2689 433 2751 τὰς
480 2690 726 2756 ἀνάγκας
768 2689 867 2758 τῆς
910 2688 1126 2757 φύσεως
1163 2688 1587 2759 ἀποκρούεσθαι.
1635 2689 1768 2743 Οὐδὲ

188 2780 301 2850 γὰρ
330 2783 446 2843 τοῖς
488 2780 668 2845 ἄλλοις
718 2778 1059 2851 ἀνθρώποις,
1113 2782 1173 2834 ἐν
1216 2778 1497 2852 ἐλευθερίᾳ
1543 2780 1771 2853 βραχείᾳ

1885 586 2087 642 Verum
2122 586 2187 640 ad
2238 586 2550 654 huiusmodi
2602 598 2853 642 naturam
2906 590 3228 646 excedenlia
3275 601 3458 647 certa-

1884 679 2030 732 mina
2082 693 2179 747 per
2236 680 2476 733 minores
2522 680 2742 733 labores
2795 694 2854 733 se
2903 684 3263 750 comparavit.
3314 680 3454 738 Cum

1882 772 2029 826 enim
2063 780 2298 841 angusta
2335 787 2393 825 se
2438 773 2604 827 domo
2640 772 2959 826 inclusisset
2984 812 2999 833 ,
3033 775 3388 844 externisque
3423 790 3455 830 a

1882 863 2216 917 tumultibus
2247 862 2602 924 abduxisset,
2654 871 2897 916 mentem
2945 862 2999 916 in
3055 861 3147 917 Dei
3190 865 3456 918 recorda«

1882 954 2031 1009 tione
2062 956 2311 1025 defigens
2332 995 2347 1020 ,
2382 956 2459 1008 ita
2493 970 2553 1008 se
2588 956 2655 1008 ad
2688 954 2985 1024 perfectam
3017 955 3271 1010 virtutem
3300 972 3457 1011 exer-

1878 1038 2062 1101 cebat.
2094 1046 2395 1115 Postquam
2428 1054 2612 1102 autem
2659 1046 2864 1116 optime
2893 1062 2953 1101 se
2999 1047 3281 1107 exercuit,
3335 1046 3454 1100 ani-

1880 1152 2138 1207 mamque
2171 1139 2334 1194 bonis
2367 1138 2656 1192 laboribus
2692 1136 2988 1192 assuefecit
3017 1176 3032 1199 ,
3082 1147 3197 1192 tum
3247 1137 3454 1208 majora

1878 1230 2051 1282 ausus
2083 1239 2168 1282 est
2196 1230 2500 1282 certamina
2524 1268 2539 1290 ,
2571 1236 2626 1284 et
2660 1237 2899 1282 montem
2931 1228 3077 1281 hunc
3109 1236 3327 1297 petens,
3358 1227 3453 1297 qui

1876 1320 2107 1390 triginta
2142 1319 2338 1375 stadiis
2368 1320 2437 1372 ab
2470 1319 2573 1375 hac
2601 1319 2735 1374 urbe
2786 1320 2987 1385 distat,
3035 1319 3244 1373 clarum
3296 1319 3450 1374 illum

1874 1409 2111 1465 reddidit
2136 1426 2199 1464 ac
2231 1409 2603 1464 venerandum
2624 1446 2641 1473 ,
2668 1424 2792 1463 cum
2818 1410 3095 1465 obscurus
3122 1409 3251 1463 olim
3280 1417 3447 1474 esset,

1872 1503 2144 1571 planeque
2187 1501 2598 1557 infructuosus.
2635 1500 2867 1555 Tantam
2896 1518 3040 1557 nunc
3070 1510 3252 1557 autem
3289 1515 3450 1557 acce-

1874 1594 2021 1662 pisse
2058 1595 2497 1648 benedictionem
2531 1599 2547 1616 ‘
2582 1596 2854 1657 creditur.
2894 1602 2951 1648 ut
2987 1596 3070 1648 vel
3104 1595 3169 1650 ei.
3194 1594 3452 1664 imposita

1877 1694 2021 1740 terra
2056 1685 2406 1751 adhibeatur,
2441 1702 2567 1741 cum
2602 1688 2844 1758 undique
2878 1687 3143 1744 accedant
3172 1688 3265 1757 qui
3300 1686 3454 1741 utili-

1876 1777 2007 1832 tatis
2037 1771 2153 1830 suze
2187 1778 2363 1847 gratia
2396 1778 2543 1831 illam
2575 1786 2889 1848 exportent.
2940 1779 3001 1832 in
3058 1778 3164 1832 hoc
3209 1778 3450 1844 degens.

1879 1866 2294 1922 adventantium
2327 1868 2578 1923 omnium
2610 1866 2789 1924 oculis
2816 1880 2984 1939 patet,
3019 1869 3363 1940 speluncam,
3392 1873 3454 1921 ut

1878 1959 2021 2026 dixi,
2054 1975 2166 2015 non
2205 1961 2446 2026 habens,
2481 1975 2593 2016 non
2630 1960 3053 2018 tabernaculum
3078 2001 3093 2026 ,
3139 1975 3247 2016 non
3290 1969 3454 2029 tugu-

1875 2053 2017 2108 rium
2037 2094 2052 2119 ,
2083 2068 2190 2107 non
2226 2054 2516 2109 maceriam
2540 2094 2555 2118 ,
2593 2068 2701 2110 non
2740 2070 2922 2125 sepem
2957 2068 3077 2121 qua:
3105 2050 3449 2107 circumdet:

1848 2142 1974 2223 .sed
2000 2151 2055 2196 et
2084 2158 2253 2200 orans
2282 2144 2548 2212 cernitur,
2583 2153 2638 2201 et
2686 2147 3013 2216 quiescens,
3064 2151 3118 2199 et
3172 2153 3363 2207 stans,
3397 2151 3453 2197 et

1877 2236 2079 2292 sedens
2100 2277 2117 2303 ,
2147 2244 2204 2292 et
2233 2252 2359 2292 cum
2390 2252 2559 2294 sanus
2591 2246 2677 2293 est
2697 2278 2712 2301 ,
2743 2246 2799 2293 et
2831 2252 2955 2293 cum
2998 2237 3186 2306 aliqua
3229 2242 3451 2290 tenetur

1875 2328 2199 2398 aegritudine
2223 2369 2241 2395 ,
2272 2328 2347 2382 ita
2380 2338 2439 2383 ut
2482 2338 2747 2400 perpetuo
2804 2344 2990 2383 coram
3043 2326 3452 2398 spectatoribus

1873 2421 2188 2491 depugnet,
2219 2429 2545 2494 naturaeque
2581 2423 2952 2479 necessitates
2983 2421 3236 2493 repellat.
3268 2418 3453 2491 Neque

1873 2514 2017 2567 enim
2050 2514 2370 2571 hominibus
2401 2516 2527 2571 aliis
2548 2554 2564 2581 ,
2593 2516 2899 2571 liberaliter
2931 2524 3219 2584 utcunque
3245 2515 3452 2569 educa-

1876 2603 1947 2657 tis
1968 2642 1982 2668 ,
2007 2601 2167 2659 facile
2196 2613 2281 2661 est
2314 2606 2369 2660 in
2399 2614 2716 2662 exterorum
2746 2606 2925 2661 oculis
2949 2613 3300 2661 excrementa
3324 2618 3451 2673 ege-

1876 2710 2032 2762 rere,
2066 2697 2265 2752 nedum
2300 2698 2418 2754 viro
2460 2699 2556 2769 qui
2613 2699 2682 2756 ad
2733 2712 3001 2755 summam
3047 2696 3450 2768 philosophiam

1877 2798 2220 2856 pervenerat.

185 2870 626 2941 τεθραμμένοις,
671 2871 839 2938 ξένων
890 2874 1208 2943 παρόντων,
1262 2870 1489 2936 εὐπετὲς
1538 2879 1639 2933 τὰς
1708 2869 1818 2929 τῶν
1881 2879 2308 2949 περιττωμάτων
2346 2878 2623 2950 ἐκκρίσεις
2672 2877 2977 2944 ποιεῖσθαι,
3014 2878 3144 2950 μήτι
3187 2893 3252 2946 γε
3288 2868 3445 2948 ἀνδρὶ

185 2963 288 3033 τὴν
312 2963 491 3033 ἄκραν
518 2965 835 3035 φιλοσοφίαν
865 2965 1242 3037 ἐξησκημένῳ.

261 3059 379 3111 Καὶ
424 3058 599 3113 ταῦτα
637 3059 799 3127 λέγω,
844 3061 907 3113 οὐ
960 3061 1091 3131 παρ’
1125 3060 1288 3115 ἀλλου
1344 3058 1505 3115 τοῦτο
1555 3058 1765 3131 μαθὼν,

189 3149 309 3202 ἀλλ’
340 3151 505 3215 αὐτὸς
552 3150 825 3221 αὐτόπτης
878 3152 1265 3223 γεγενημένος.
1316 3152 1429 3223 Πρὸ
1484 3153 1766 3225 τεσσάρων

1944 3058 2056 3113 Nec
2076 3074 2206 3115 vero
2231 3058 2300 3114 ab
2326 3058 2449 3113 aliis
2473 3057 2589 3112 haec
2612 3057 2796 3112 audita
2819 3054 3021 3119 refero,
3047 3052 3145 3109 sed
3170 3068 3297 3123 quae
3316 3067 3452 3108 ocu-

1875 3150 1941 3205 lis
1959 3152 2075 3222 ipse
2092 3152 2376 3220 conspexi.
2399 3147 2533 3203 Nam
2551 3164 2675 3204 cum
2698 3156 2824 3203 ante
2848 3141 3448 3217 annosquatuordecim

188 3242 302 3311 γὰρ
328 3244 425 3297 καὶ
451 3242 591 3297 δέκα
623 3243 909 3306 ἐνιαυτῶν,
939 3244 1095 3308 νόσος
1117 3245 1262 3314 αὐτῷ
1295 3245 1504 3316 χαλεπὴ
1532 3261 1769 3313 προσπε-

1873 3244 2055 3314 gravis
2078 3243 2228 3296 illum
2256 3242 2483 3297 morbus
2523 3240 2842 3304 invasisset,
2878 3240 2960 3296 sic
2985 3240 3141 3295 illum
3167 3237 3368 3305 atlecit,
3388 3244 3449 3293 ut

190 3333 365 3386 σοῦσα
390 3372 406 3398 ,
464 3333 715 3404 διέθηκεν
758 3335 833 3398 ὡς
876 3331 944 3407 ἦν
989 3336 1136 3399 είκὸς
1186 3337 1286 3406 τὴν
1329 3336 1528 3407 θνητὴν
1578 3336 1771 3406 ἔχοντα

192 3424 380 3481 φύσιν.
436 3425 606 3496 Θέρος
646 3425 753 3496 γὰρ
805 3422 875 3498 ἦν
926 3424 1210 3496 ἀκμάζον,
1266 3429 1360 3481 καὶ
1415 3428 1770 3499 σφοδρότερον

190 3510 464 3581 ἐξήπτετο
495 3513 595 3582 τῆς
645 3514 920 3584 ἀκτῖνοςή
968 3512 1119 3583 φλὸξ,
1151 3514 1257 3567 τῶν
1304 3515 1402 3584 μὲν
1431 3514 1646 3585 ἀνέμων
1676 3532 1771 3568 κε-

191 3604 589 3674 κοιμημένων,
649 3605 907 3676 ἀκινήτου
950 3606 1005 3658 δέ
1059 3605 1313 3675 μένοντος
1348 3605 1442 3658 τοῦ
1481 3606 1661 3676 ἀέρος.
1697 3606 1770 3659 Τὸ

188 3697 249 3749 δὲ
303 3696 478 3760 πάθος
510 3693 591 3767 ἦν
642 3696 947 3769 πλημμύρα
1000 3699 1163 3769 χολῆς
1210 3699 1519 3768 φερομένης
1566 3697 1658 3750 ἐπὶ
1702 3697 1770 3750 τὰ

188 3790 381 3851 κᾱιτω,
427 3790 521 3842 καὶ
553 3790 858 3859 δακνούσης
894 3792 954 3845 τὸ
994 3791 1238 3861 ἔντερον,
1278 3792 1371 3845 καὶ
1402 3780 1767 3860 συνωθούσης,

189 3882 288 3933 καὶ
324 3881 544 3951 τρέχειν
576 3883 670 3935 ἐπὶ
700 3884 767 3938 τὰ
794 3883 898 3948 ἔξω
944 3882 1297 3953 βιαζομένης.
1337 3885 1471 3937 Τότε
1498 3884 1595 3953 τὴν
1638 3884 1767 3937 πολ-

188 3969 289 4041 λὴν
333 3972 428 4024 τοῦ
451 3973 659 4043 ,ἀνδρὸς
702 3976 998 4045 καρτερίαν
1049 3976 1379 4047 ἐθεασάμην.
1430 3977 1770 4047 Παμπόλλων

188 4062 302 4132 γὰρ
329 4062 547 4133 χωρίων
569 4063 1086 4136 συναθροισθέντων,
1108 4068 1505 4137 ἀρπασομένων
1527 4069 1587 4121 τὸ
1611 4068 1770 4137 σῶμα

187 4155 252 4206 τὸ
292 4154 627 4226 νικηφόρον,
669 4157 907 4238 καθῆστο
933 4157 1142 4228 διχόθεν
1179 4158 1523 4229 βαλλόμενος.
1566 4159 1627 4212 Ἦ
1670 4160 1769 4230 μὲν

188 4245 302 4314 γὰρ
347 4245 511 4313 φύσις
562 4246 697 4300 ἰέναι
742 4249 834 4300 ἐπὶ
879 4248 977 4318 τὴν
1024 4248 1273 4320 ἔκκρισιν
1319 4250 1763 4319 κατηνάγκαζεν·

187 4340 222 4406 1‘;
256 4337 312 4390 δὲ
348 4339 445 4408 τῆς
496 4339 909 4408 παρεστηκυίας
958 4339 1198 4410 πληθύος
1245 4340 1409 4404 αἰδὼς
1451 4343 1631 4412 μένειν
1675 4342 1768 4396 ἐπὶ

190 4430 475 4497 σχήματος
515 4427 783 4491 ἐϐιάζετο.
829 4428 971 4497 Ἐγὼ
999 4430 1053 4482 δὲ
1096 4431 1253 4484 τοῦτο
1294 4431 1605 4501 γινώσκων,
1642 4432 1768 4485 πολ-

187 4518 288 4581 λὰς
329 4519 429 4588 μὲν
478 4520 587 4581 τοῖς
628 4519 944 4572 συνελθοῦσι
988 4523 1343 4591 παραινέσεις
1393 4524 1762 4594 προσήνεγκα,

1871 3335 2007 3389 allici
2030 3350 2156 3389 eum
2190 3349 2287 3404 par
2308 3341 2428 3389 erat
2454 3334 2548 3402 qui
2582 3331 2833 3387 mortalis
2858 3330 3069 3401 1237
3095 3337 3258 3384 natus
3281 3336 3447 3384 esset.

1868 3425 2053 3480 IEstas
2079 3424 2226 3479 enim
2252 3432 2373 3479 erat
2395 3438 2606 3478 smnma
2630 3461 2645 3485 ,
2667 3430 2723 3477 et
2748 3421 3027 3476 radiorum
3048 3420 3266 3475 ﬂamma
3288 3420 3451 3475 vehe-

1868 3516 2109 3590 mentius
2127 3516 2375 3581 ardebat,
2409 3514 2701 3573 silentibus
2722 3513 2899 3568 ventis
2914 3524 2969 3567 et
2985 3526 3111 3567 aere
3128 3510 3447 3580 tranquillo.

1870 3610 2093 3665 Morbus
2125 3618 2307 3663 autem
2337 3614 2455 3668 erat
2497 3606 2861 3661 redundantia
2896 3604 3025 3659 bilis
3048 3641 3062 3665 .
3094 3617 3216 3672 qua:
3242 3601 3311 3655 ad
3340 3602 3449 3655 ima

1870 3702 2098 3757 tendens
2115 3695 2398 3755 mordebat
2415 3706 2469 3752 et
2488 3712 2606 3752 com
2616 3696 2882 3766 primebat
2900 3695 3246 3759 intestinum,
3269 3692 3450 3747 foras-

1868 3813 1975 3868 que
1994 3809 2283 3865 erumpere
2302 3788 2774 3846 conabatur.Tum
2798 3803 3049 3858 magnam
3062 3786 3163 3841 viri
3183 3794 3448 3840 constan-

1867 3892 2000 3944 tiam
2032 3886 2310 3959 perspexi.
2339 3883 2477 3938 Nam
2515 3898 2638 3938 cum
2672 3897 2738 3937 ex
2771 3879 3029 3950 piurimis
3071 3878 3210 3931 vicis
3238 3872 3448 3931 conﬂu-

1868 3982 2114 4045 xissent,
2148 3977 2242 4048 qui
2279 3976 2533 4031 victoriis
2564 3973 2749 4029 nobile
2780 3985 2983 4041 corpus
3025 3976 3319 4039 raperent,
3362 3983 3446 4022 se-

1869 4072 2033 4126 debat
2064 4070 2204 4125 duas
2242 4069 2297 4123 in
2336 4078 2519 4138 partes
2550 4066 2873 4122 distractus.
2908 4062 3116 4116 Natura
3151 4062 3298 4117 enim
3335 4062 3444 4115 vim

1869 4161 2158 4225 allerebat,
2192 4166 2252 4214 ut
2287 4158 2353 4212 ad
2386 4157 2793 4213 escernendum
2828 4154 3007 4209 exiret
3036 4171 3049 4207 :
3088 4150 3445 4207 circum-fusa:
3536 4210 3539 4211 ν

1869 4264 2051 4310 autem
2087 4250 2458 4307 multitudinis
2488 4247 2801 4303 reverentia
2832 4246 3023 4301 eodem
3056 4246 3112 4299 in
3144 4251 3293 4299 statu
3329 4257 3447 4296 ma-

1869 4364 2001 4403 nere
2030 4345 2279 4416 cogebat.
2328 4342 2486 4409 Quod
2529 4355 2630 4411 ego
2670 4337 3150 4402 animadvertens,
3199 4350 3324 4390 cum
3376 4334 3445 4390 iis

1868 4440 1964 4511 qui
1992 4454 2057 4493 eo
2089 4442 2463 4492 convenerant
2494 4431 2688 4487 multis
2722 4430 3111 4495 suasionibus,
3147 4427 3445 4497 multisque

1870 4530 2037 4585 minis
2066 4528 2189 4599 egi,
2220 4527 2372 4580 abire
2406 4525 2531 4579 illos
2555 4524 2761 4592 jubens
2787 4539 2800 4575 :
2836 4529 3028 4591 postea
3065 4520 3230 4587 etiam
3260 4532 3442 4574 sacer-

188 4610 396 4673 ποὶλάς
434 4612 489 4664 δὲ
521 4612 613 4664 καὶ
651 4612 916 4678 ἀπειλὰς,
954 4614 1173 4667 ἀπιέναι
1208 4615 1463 4671 κελεύων.
1500 4617 1763 4687 ’Ὕστερον

1868 4622 1999 4677 dotii
2019 4618 2250 4675 vinculis
2264 4632 2360 4673 eos
2375 4614 2605 4671 astrinxi
2617 4654 2631 4675 .
2658 4607 2712 4668 el.
2731 4627 2837 4666 non
2858 4612 2978 4667 sine
2995 4612 3234 4666 maximo
3252 4608 3442 4664 labore

184 4702 243 4754 δὲ
276 4703 371 4755 καὶ
400 4701 467 4754 τὲ
504 4704 601 4772 τῆς
640 4702 939 4772 ἱερωσύνης
970 4705 1152 4767 αὐτοῖς
1183 4705 1355 4775 δεσμά
1394 4707 1762 4777 περιτέθεικα,

184 4796 283 4847 καὶ
317 4794 415 4846 σὺν
457 4794 605 4863 πόνῳ
654 4794 836 4865 πολλῷ
885 4796 1066 4865 δείλης
1114 4796 1273 4866 ὀψίας
1328 4798 1762 4869 ἀπεπεμψάμην.

196 4888 259 4939 ’0
284 4886 343 4939 δὲ
379 4885 521 4947 θεῖος
561 4888 724 4957 ἀνὴρ,
762 4888 879 4941 οὐδὲ
911 4889 1113 4942 τούτων
1158 4891 1521 4957 ἀπελθόντων,
1554 4892 1761 4962 ἡττήθη

184 4982 287 5050 τῆς
330 4977 548 5046 φύσεως
573 4996 585 5009 ·
628 4979 744 5033 ἀλλ’
785 4980 966 5050 ἔμεινε
1007 4983 1290 5052 καρτερῶν
1315 5023 1329 5046 ,
1376 4983 1480 5045 ἓως
1519 4984 1613 5050 νὺξ
1647 4987 1763 5036 ἐπι-

186 5072 454 5141 γινομένη
507 5071 701 5141 βαθεῖα
732 5075 942 5136 πάντας
978 5074 1233 5127 ἀπελθεῖν
1280 5075 1461 5129 οἴκαδε
1496 5078 1761 5147 κατηνάγ-

184 5180 347 5219 κασε.
381 5164 551 5217 Πάλιν
573 5165 630 5217 δὲ
663 5168 727 5235 τῇ
763 5164 1026 5235 ὑστεραίᾳ
1052 5166 1185 5237 πρὸς
1214 5167 1379 5220 ἀὐτὸν
1410 5169 1760 5237 ἀφικόμενος,

184 5256 263 5318 ὡς
323 5251 468 5308 εἶδον
528 5256 772 5327 φλογμὸν
824 5258 1181 5328 σφοδρότερον
1228 5260 1623 5328 γεγενημένον,
1671 5261 1763 5311 καὶ

185 5347 279 5399 τὸν
308 5346 659 5417 ἐπικείμενον
687 5349 835 5418 αὐτῷ
874 5350 1109 5419 πυρετὸν
1142 5350 1218 5419 τῷ
1242 5350 1441 5414 ἔξωθεν
1475 5353 1609 5420 πυρὶ
1639 5368 1763 5420 τρε-

185 5440 428 5508 φόμενόν
471 5456 529 5491 τε
575 5440 670 5493 καὶ
701 5440 1102 5510 αὐξανόμενον,
1147 5441 1517 5510 κεφαλαὶ-τίαν
1554 5440 1761 5510 σκηψά-

186 5549 349 5601 μενος
385 5533 756 5603 δυσχεραίνειν
813 5534 998 5601 ἑ).εγον
1050 5538 1149 5605 τῆς
1196 5536 1408 5588 ἀκτῖνο.⁸
1453 5534 1551 5603 τὴν
1597 5549 1763 5604 προσ-

184 5625 372 5696 εολὴν,
404 5626 501 5679 καὶ
525 5628 866 5696 παρεκάλουν
891 5627 1149 5698 βραχεῖάν
1182 5629 1268 5697 μοί
1302 5646 1421 5682 τινα
1452 5630 1577 5697 παρ’
1605 5627 1752 5697 αὐτῴ

258 5816 285 5857 Ρ
327 5804 517 5859 ιιίῖω.
556 5822 608 5868 x,
642 5805 671 5858 5
716 5823 830 5873 seq.

1864 4728 2092 4784 vespere
2119 4711 2340 4765 tandem
2379 4706 2693 4762 amandavi.
2731 4704 2828 4759 llle
2855 4711 3045 4758 autem
3074 4702 3162 4756 vir
3185 4702 3436 4764 divinus,

1865 4822 1969 4862 nec
2016 4812 2142 4875 post
2194 4803 2388 4856 horum
2437 4801 2746 4855 discessum
2799 4798 2980 4852 victus
3013 4803 3100 4852 est
3128 4810 3157 4849 a
3190 4804 3436 4848 natura:

1865 4899 1961 4953 sed
1994 4896 2237 4968 perstitit
2272 4894 2549 4955 tolerans,
2585 4890 2763 4944 donec
2808 4888 3083 4957 profunda
3128 4903 3237 4943 nox
3271 4887 3437 4942 adve-

1864 4992 2019 5046 niens
2052 4989 2272 5042 domum
2308 4986 2488 5040 redire
2518 4999 2709 5039 omnes
2739 4982 2941 5052 coegit.
2986 4979 3263 5035 Postridie
3311 4994 3440 5034 vero

1868 5082 1937 5136 ad
1966 5096 2090 5136 enm
2120 5093 2372 5133 reversus
2392 5118 2407 5141 ,
2442 5086 2500 5130 ut
2528 5086 2725 5129 aestum
2762 5072 3066 5128 invaluisse
3096 5071 3245 5134 vidi,
3275 5078 3330 5125 et
3363 5069 3440 5124 fe-

1868 5175 2019 5229 brem
2064 5186 2172 5241 qua
2203 5172 2506 5225 vexabatur
2537 5176 2768 5222 externo
2817 5166 2941 5236 igne
2976 5164 3049 5218 ali
3100 5170 3155 5218 et
3208 5160 3438 5232 augeri,

1868 5266 2117 5320 dolorem
2149 5262 2350 5333 capitis
2383 5270 2724 5330 prmtexens,
2773 5258 2885 5312 dixi
2937 5272 3025 5311 me
3072 5254 3207 5310 solis
3254 5254 3440 5308 radios

1872 5356 2015 5411 ferre
2043 5370 2154 5409 non
2184 5367 2345 5422 posse
2366 5393 2380 5416 ,
2414 5360 2468 5406 et
2498 5350 2719 5421 rogavi,
2756 5357 2815 5417 ut
2846 5347 2977 5401 mihi
3022 5346 3291 5401 modicam
3337 5344 3439 5397 ali-

1866 5462 2033 5519 quam
2066 5448 2316 5499 umbram
2352 5442 2497 5513 apud
2528 5457 2588 5496 se
2634 5446 2980 5512 procuraret.
3029 5436 3185 5504 Quod
3240 5436 3331 5490 ille
3379 5443 3439 5489 ut

1861 5539 2063 5609 jussit,
2092 5537 2269 5591 tribus
2298 5534 2665 5588 arundinibus
2696 5530 2896 5586 deﬁxis
2917 5569 2933 5595 ,
2963 5527 3294 5597 duabusque
3320 5526 3440 5596 pol-

1864 5634 2008 5687 libus
2061 5629 2339 5700 impositis
2368 5668 2382 5693 ,
2440 5625 2691 5681 umbram
2744 5621 3168 5678 adinvcnimus:
3211 5627 3267 5674 et
3308 5632 3435 5674 cum
