4216 6456
746 395 881 463 1435

1718 399 2200 460 THEODORETI
2234 400 2572 463 EPISCOPI
2608 404 2971 464 CYRENSIS

3854 403 3875 464 1
3888 404 3995 467 tat;

742 511 974 565 introire
1009 525 1093 565 me
1118 510 1377 578 juberet:
1411 529 1428 561 ι
1458 509 1639 582 Turpe
1678 516 1694 535 ‘
1730 521 1836 578 est,
1875 514 2019 578 dixi,
2075 529 2106 567 o
2134 524 2309 583 pater,
2343 522 2359 572 Α

2435 518 2697 584 τχεδιάσαι
2731 521 2924 572 σκιάν·
2971 518 3067 581 καὶ
3118 518 3304 589 ἐπειδὴ
3337 516 3668 607 προσέταξε,
3709 518 3998 588 ἰιαλάμους

744 618 831 656 me
870 602 962 671 qui
1000 609 1052 655 et
1085 602 1305 670 juvenis
1343 618 1463 657 sum
1490 644 1504 668 ,
1546 611 1598 659 et
1640 604 1848 660 viribus
1890 605 2156 674 integris,
2217 606 2321 660 boc

745 693 852 747 frui
902 693 1140 748 solatio:
1193 702 1244 749 te
1282 710 1415 750 vero
1443 708 1497 751 et
1532 698 1684 766 gravi
1741 697 1890 753 febre
1937 698 2317 762 laborantem,

744 795 796 837 et
844 784 939 837 tali
986 793 1237 854 egentem
1289 788 1525 849 solatio,
1572 787 1709 843 foris
1752 788 1945 845 sedere
1994 791 2321 845 ardentibus

746 877 883 933 solis
915 879 1088 932 radiis
1118 881 1452 948 expositum.
1494 881 1710 952 1238
1741 880 1923 948 Quare
1973 882 2016 937 si
2067 898 2182 949 me,
2235 883 2319 937 in-

748 984 944 1037 quam,
978 969 1063 1022 vis
1114 971 1309 1025 umbra
1354 970 1495 1038 frui,
1533 984 1687 1028 utere
1740 989 1951 1028 mecum
1987 973 2091 1027 b‘oc
2124 974 2321 1043 exiguo

749 1063 1126 1117 tabernaculo.
1156 1062 1358 1116 Tecum
1392 1064 1536 1118 enim
1572 1080 1793 1119 manere
1824 1066 2053 1134 cupiens
2084 1066 2153 1120 ab
2185 1075 2319 1121 aestu

749 1152 1067 1221 prohibeor.
1104 1173 1121 1205 ι
1152 1152 1331 1207 Cessit
1369 1153 1549 1221 itaque
1587 1154 1674 1208 his
1708 1155 1943 1221 auditis,
1979 1157 2195 1226 meique
2226 1172 2321 1208 cu.

752 1260 867 1296 ram
905 1246 1172 1313 potiorem
1201 1245 1380 1299 duxit.
1404 1244 1701 1314 Postquam
1733 1248 1835 1302 Sub
1863 1247 2059 1301 umbra
2092 1247 2322 1301 recreati

756 1352 858 1389 uua
896 1336 1098 1390 fuimus
1123 1377 1136 1395 .
1182 1337 1350 1390 alium
1397 1353 1596 1394 rursus
1628 1354 1937 1393 sermonem
1971 1355 2134 1393 orsus
2163 1352 2282 1391 sum
2307 1376 2351 1398 ,.

752 1437 805 1484 et
840 1428 1278 1483 decumbemlum
1317 1430 1449 1483 mihi
1487 1447 1611 1485 esse
1642 1432 1750 1484 dixi
1775 1472 1788 1494 ,
1823 1431 1964 1499 quod
2000 1430 2174 1485 femur
2204 1445 2322 1483 ses-

752 1524 963 1577 sionem
1001 1520 1142 1576 ferre
1176 1523 1297 1576 sine
1331 1522 1518 1575 dolore
1557 1537 1663 1574 non
1701 1530 1906 1592 posset.
1949 1522 2199 1591 Cumque
2233 1536 2321 1575 ro-

751 1623 904 1681 garet
966 1615 1161 1669 iterum
1222 1624 1280 1667 ut
1339 1614 1764 1675 decumberem,
1822 1617 2021 1669 iterum
2085 1615 2325 1681 audivit,

755 1706 898 1761 baud
954 1706 1294 1760 tolerandum
1345 1708 1475 1759 mibi
1525 1722 1681 1768 esse,
1734 1715 1793 1759 ut
1843 1707 2122 1761 sedentem
2176 1706 2326 1760 illum

752 1816 772 1844 ι
791 1799 941 1853 itlcns
968 1799 1081 1868 ipse
1108 1779 1513 1853 decumberem.
1541 1819 1557 1849 ι
1584 1798 1820 1853 Proinde
1851 1801 1894 1851 si
1928 1814 2014 1851 me
2033 1839 2045 1860 ,
2074 1798 2287 1852 aiebam
2311 1836 2325 1863 ,

2421 611 2567 676 τρεῖς
2594 610 2884 679 πήξαντες,
2920 611 3012 663 καὶ
3042 610 3135 662 δύο
3156 609 3366 672 τούτοις
3393 607 3710 678 περιθέντες
3740 611 3995 679 σισύρας,

2420 701 2795 771 ἐσοφισάμεθα
2847 703 2946 771 τὴν
3001 702 3160 755 σκιάν
3192 719 3205 733 θ
3258 700 3570 764 κελεύοντος
3610 701 3667 753 δέ
3721 717 3809 769 μοι
3863 700 4003 753 εἴσω

2424 795 2559 848 ίέναι
2595 814 2605 827 ·
2640 816 2657 848 ι
2695 797 2948 865 Αίσχρδν,
2982 796 3139 867 ἔφην,
3170 789 3215 847 ὢ
3248 795 3443 867 πάτερ,
3472 793 3569 864 ἐμὲ
3603 793 3723 864 μὲν,
3750 792 3846 845 καὶ
3879 794 4003 845 νέον

2419 887 2570 952 ὄντα,
2603 890 2695 943 καλ⁵
2722 889 3052 962 ἐρρωμένον,
3086 887 3245 958 τῆσδε
3275 890 3373 957 τῆς
3397 885 3748 956 ψυχαγωγίας
3776 886 3965 952 τυχεῖν
3985 899 4003 915 ο

2424 978 2482 1031 σὲ
2516 980 2572 1032 δέ
2604 980 2821 1051 πυρετῷ
2857 979 3223 1049 κατεχόμενον
3254 974 3463 1048 λαύρῳ,
3498 977 3593 1029 καὶ
3614 978 3713 1046 τῆς
3741 974 4007 1043 τοιαύτης

2423 1072 2753 1143 παραψυχῆς
2797 1072 3076 1143 δεόμενον,
3136 1072 3238 1139 ἔξω
3281 1070 3553 1141 καθῆσθαι
3584 1069 3877 1138 δεχόμενον
3904 1071 4008 1137 τῆς

2424 1162 2655 1234 ἡλιακῆς
2695 1164 2912 1227 ἀκτῖνος
2954 1162 3053 1233 τὴν
3108 1160 3434 1232 προσϐολήν.
3488 1160 3551 1211 Ei
3588 1158 3801 1219 τοίνυν,
3840 1158 4004 1226 ἔφην,

2423 1251 2628 1313 ἐθέλεις
2661 1269 2727 1323 με
2754 1252 2852 1322 τῆς
2883 1254 3041 1315 σκιᾶς
3070 1250 3394 1312 ἀπολαῦσαι,
3425 1246 3582 1316 γενοῦ
3620 1265 3709 1316 μοι
3744 1248 4010 1308 κοινωνξς

2422 1344 2522 1412 τῆς
2556 1342 2815 1412 βραχείας
2864 1344 3066 1411 ταύτης
3100 1338 3334 1411 σκηνῆς.
3386 1340 3719 1408 ιῐροσμεῖναι
3760 1338 3870 1406 γάρ
3926 1354 4009 1389 σοι

2427 1434 2685 1505 βούλομαι
2740 1434 2879 1503 μὲν,
2938 1433 3042 1487 ὑπὸ
3092 1433 3146 1485 δὲ
3197 1434 3293 1500 τῆς
3341 1432 3558 1493 ἀκτῖνος
3615 1429 3921 1497 κωλύομαι,
3986 1448 4002 1477 ι

2426 1520 2551 1591 Εἷξε
2599 1525 2778 1579 τοίνυν
2810 1525 3017 1579 τούτων
3066 1524 3303 1584 ἀκούσας
3353 1522 3461 1574 τῶν
3512 1521 3716 1598 λόγων,
3768 1520 3863 1571 καὶ
3906 1519 4012 1585 τὴν

2428 1618 2569 1689 ἐμὴν
2595 1617 3216 1688 θεραπείαν’προείλετο.
3258 1615 3409 1667 Ἐπεὶ
3440 1614 3494 1666 δὲ
3525 1615 3677 1683 κοινῇ
3706 1612 3811 1681 τῆς
3844 1612 4010 1673 σκιᾶς

2429 1709 2804 1779 ἀπηλαύομεν,
2830 1708 3085 1779 ἠρξάμην
3114 1708 3276 1761 πάλιν
3306 1706 3491 1773 ἐτέρου
3525 1705 3706 1772 λόγου,
3742 1707 3833 1756 καῖ
3868 1704 4010 1773 ἔφην

2431 1801 2511 1855 ὅτι
2546 1800 2626 1853 δεῖ
2658 1818 2747 1871 μοι
2794 1799 3201 1861 κατακλίσεως,
3254 1796 3347 1850 τοῦ
3403 1798 3573 1865 ἰσχίου
3602 1796 3700 1865 τὴν
3733 1795 4012 1864 καθέδραν

755 1888 856 1938 bac
879 1886 1063 1953 quiete
1092 1886 1175 1939 vis
1209 1886 1348 1949 frui,
1381 1901 1489 1939 una
1513 1888 1937 1948 decumbamus,
1966 1894 2142 1957 pater,
2169 1898 2329 1955 atque

2435 1862 2669 1956 ἀλύπως’
2710 1892 2783 1962 μὴ
2834 1892 3111 1962 φέροντος.
3155 1888 3318 1942 Ἀλλά
3364 1862 3527 1941 πάλιν
3580 1862 3728 1956 ἠξίου
3782 1888 3883 1955 μέν
3910 1862 4010 1954 -με

756 1979 829 2030 ita
880 1977 1031 2031 solus
1057 1977 1253 2047 jaceus
1286 1993 1397 2032 non
1428 1979 1775 2033 erubescam.
1810 1998 1827 2031 ι
1858 1977 1955 2033 llis
2000 1993 2099 2048 ego
2143 1979 2328 2035 verbis

753 2084 877 2121 cum
915 2070 1038 2137 ejus
1074 2071 1804 2126 constantiam‘delusissem
1828 2112 1842 2135 ,
1882 2071 1983 2126 feci
2023 2080 2082 2127 ttt
2114 2074 2330 2127 cuban-

754 2161 889 2213 tium
920 2162 1118 2215 solatio
1146 2160 1438 2214 frueretur.
1469 2160 1631 2215 llurni
1657 2178 1792 2217 vero
1813 2164 2087 2232 jacentem
2112 2163 2371 2227 blandis,

755 2253 1100 2306 sermonibus
1122 2250 1317 2307 afl‘atus
1340 2261 1557 2319 sum,ut
1580 2256 1825 2309 animum
1850 2256 1969 2324 ejus
1992 2256 2056 2309 atl
2085 2256 2329 2311 laetitiam

755 2360 1069 2399 avocarem.
1092 2345 1251 2399 Manu
1274 2362 1401 2402 vero
1422 2348 1527 2402 sub
1546 2355 1752 2402 vestem
1778 2348 2045 2411 immissa,
2068 2363 2191 2402 eum
2209 2348 2330 2415 ejus

753 2438 976 2492 dorsum
1008 2440 1205 2493 leniter
1228 2439 1497 2494 defricare
1530 2441 1724 2495 vellem
1749 2479 1763 2504 ,
1802 2448 1934 2495 tunc
1966 2440 2095 2495 ferri
2122 2440 2333 2511 grande

755 2527 971 2594 pondus
992 2527 1125 2590 vidi,
1149 2530 1295 2597 quod
1323 2529 1540 2583 lumbos
1564 2530 1879 2600 collumque
1898 2532 2173 2587 vinciebat
2201 2551 2212 2586 :
2242 2546 2334 2585 ca-

755 2627 1003 2687 tenmque
1032 2619 1150 2673 alite
1182 2635 1209 2672 a
1239 2621 1447 2674 circulo
1472 2621 1562 2687 qui
1593 2622 1741 2676 circa
1770 2622 1976 2676 collum
2002 2631 2158 2688 erat,
2188 2623 2334 2677 binm

757 2717 914 2775 aute,
948 2711 1089 2768 bime
1123 2726 1293 2780 pone,
1326 2712 1391 2765 ad
1426 2713 1746 2767 inferiorem
1792 2715 2061 2768 circulum
2112 2714 2333 2784 oblique

755 2803 1187 2868 descendentes,
1223 2812 1277 2858 et
1309 2802 1355 2857 Χ
1398 2805 1595 2859 litterae
1646 2807 1875 2873 figuram
1930 2816 2056 2861 ante
2089 2822 2150 2860 ac
2183 2815 2333 2860 retro

754 2896 1145 2963 exprimentes,
1176 2896 1313 2951 du’os
1349 2897 1497 2950 inter
1523 2913 1583 2952 sc
1614 2898 1855 2951 circulos
1886 2900 2288 2953 connectebant
2316 2917 2329 2953 :

755 2997 809 3039 ct
842 3003 1040 3043 manus
1096 3003 1317 3057 quoque
1371 2989 1519 3041 circa
1552 2989 1770 3043 cubitos
1819 2991 1927 3044 alia
1978 2990 2128 3045 intus
2164 2990 2334 3044 babe-

757 3081 887 3134 bant
916 3080 1133 3134 vincula
1180 3080 1472 3149 ejusmodi.
1506 3081 1665 3135 Tanti
1719 3098 1851 3151 ergo
1895 3083 2152 3153 ponderis
2194 3099 2334 3139 onus

757 3174 1147 3241 conspicatus,
1204 3174 1393 3243 rogavi
1450 3182 1510 3228 ut
1564 3177 1852 3245 aegrotanti
1902 3178 2121 3245 corpori
2172 3192 2330 3246 opem

760 3264 924 3318 ferret
947 3306 960 3327 ,
989 3266 1133 3335 quod
1165 3267 1327 3321 simul
1357 3266 1503 3320 ferre
1530 3282 1639 3321 non
1677 3276 1861 3337 posset
1893 3283 2057 3322 onera
2082 3269 2333 3321 volunta-

758 3357 838 3409 ria
863 3396 877 3417 ,
910 3365 963 3411 et
988 3356 1369 3425 :egritudinem
1402 3374 1511 3412 non
1548 3359 1937 3413 voluntariam.
1971 3377 1989 3410 ι
2024 3358 2178 3414 Nune
2210 3360 2332 3430 qui-

760 3445 906 3511 dem,
957 3446 1188 3512 aiebam,
1234 3455 1408 3518 pater,
1448 3448 1577 3502 ferri
1622 3448 1798 3503 oflicio
1842 3449 2084 3519 fungitur
2127 3451 2335 3506 febris:

765 3555 886 3607 qum
938 3540 1027 3593 ubi
1079 3542 1340 3607 cessarit,
1392 3550 1508 3595 tum
1540 3542 1764 3611 corpori
1796 3543 1979 3597 denuo
2024 3542 2151 3597 ferri
2196 3558 2338 3598 onus

767 3630 986 3707 1239
1009 3631 1408 3700 imponemus.»
1428 3632 1603 3689 Cessit
1625 3634 1726 3687 hac
1757 3635 1919 3688 etiam
1953 3635 2005 3688 in
2030 3644 2180 3703 parte
2200 3636 2339 3689 mul-

760 3722 835 3776 tis
865 3723 1187 3788 bujnsmodi
1226 3727 1567 3781 carminibus
1589 3728 1874 3783 delinitus.
1921 3728 2026 3783 Sed
2058 3737 2188 3784 tunc
2216 3730 2339 3799 qui-

762 3815 883 3868 dem
915 3831 1037 3869 curn
1064 3818 1253 3885 paucis
1275 3817 1468 3874 diebus
1488 3827 1833 3889 tegrotasset,
1859 3818 2020 3875 facile
2040 3823 2338 3877 convaluit.

761 3903 957 3961 Postea
992 3921 1120 3960 vero
1148 3909 1453 3976 graviorem
1490 3910 1543 3963 in
1582 3910 1834 3963 morbum
1881 3893 2091 3965 incidit.
2118 3909 2181 3964 Et
2216 3927 2338 3965 cum

763 4001 918 4054 multi
938 4001 1179 4070 undique
1193 4002 1596 4063 convenissent,
1615 4011 1673 4055 ut
1690 4003 1809 4072 ejus
1826 4018 2027 4071 corpus
2040 4020 2106 4057 au
2117 4004 2339 4070 ferrent,

763 4091 866 4145 hoc
892 4092 1080 4146 audito
1112 4100 1471 4147 accurrerunt
1504 4094 1652 4149 cives
1690 4093 1955 4156 universi,
1976 4102 2089 4147 tmn
2117 4095 2341 4159 milites,

763 4190 877 4235 tum
906 4183 1124 4251 privati,
1161 4183 1253 4236 alii
1283 4183 1497 4239 bellicis
1529 4186 1698 4239 armis
1728 4185 2005 4249 instructi,
2045 4184 2135 4239 alii
2173 4185 2344 4239 armis

766 4282 985 4329 utentes
1017 4274 1359 4343 quibuslibet
1392 4293 1406 4330 :
1438 4275 1667 4345 acieque
1696 4275 1968 4345 disposita
2005 4276 2341 4345 pugnabant,

762 4373 818 4419 ct
844 4366 949 4418 tela
1001 4366 1386 4434 conjiciebant.
1443 4382 1552 4421 non
1595 4375 1656 4419 ut
1694 4374 2064 4435 percutereut,
2102 4367 2195 4422 sed
2244 4375 2295 4419 ut
2328 4367 2346 4387 '

760 4463 1052 4510 terrerent.
1072 4456 1364 4525 Pulsisque
1390 4457 1489 4511 boc
1523 4456 1683 4511 modo
1712 4457 2144 4521 circumvlcinis,
2175 4456 2348 4509 victo-

764 4563 876 4601 rem
910 4549 1171 4602 athletam
1209 4549 1353 4603 lecto
1397 4549 1761 4619 imponentes,
1818 4547 1953 4603 nihil
2000 4564 2187 4603 eorum
2219 4564 2340 4618 qua:
2372 4584 2415 4638 Β

766 4640 970 4695 flebant
1009 4641 1364 4703 sentientem,
1398 4650 1456 4694 ut
1487 4642 1581 4710 qui
1616 4657 1718 4696 nec
1754 4648 1887 4694 tunc
1911 4650 2185 4702 senserat,
2214 4655 2337 4693 cum

767 4746 796 4784 ο
836 4733 1061 4787 rusticis
1110 4748 1267 4786 coma
1302 4734 1614 4795 velleretur,
1655 4734 1709 4788 in
1765 4733 1958 4788 urbem
2022 4742 2287 4788 venerunt
2326 4740 2348 4787 :'

765 4835 819 4879 et
840 4839 963 4877 eum
1004 4825 1068 4879 ad
1087 4824 1255 4880 redem
1290 4827 1666 4897 propheticam
1691 4827 2091 4896 pervenissent,
2123 4826 2178 4879 in
2220 4840 2345 4893 pro-

767 4914 977 4984 pinquo
1008 4914 1140 4969 huic
1186 4915 1522 4971 monasterio
1569 4917 1769 4970 lectum
1802 4916 2205 4986 deposuerunt.
2235 4915 2344 4969 Ve-

768 5004 849 5057 nit
880 5012 1060 5059 autem
1090 5006 1315 5073 quidam
1347 5004 1663 5061 Berrbaeam
1703 5006 1800 5077 (ibi
1827 5007 1973 5060 enim
2002 5017 2132 5060 tunc
2164 5006 2345 5076 eram)

769 5109 891 5163 quae
922 5104 1074 5166 gesta
1110 5095 1326 5151 fuerant
1362 5096 1705 5166 significans,
1742 5103 1795 5150 et
1849 5097 2042 5151 mortis
2091 5098 2345 5150 nuntium

770 5187 1027 5243 afferens.
1082 5190 1267 5254 Quare
1298 5189 1586 5243 confestim
1631 5189 1871 5254 accurri,
1906 5197 2132 5258 totaque
2188 5199 2349 5242 nocte

770 5280 874 5333 iter
934 5278 1142 5335 faciens
1178 5280 1241 5334 ad
1276 5280 1520 5334 divinum
1584 5281 1863 5335 hominem
1925 5291 2046 5349 post
2093 5295 2345 5333 auroram

770 5371 1014 5438 perveni,
1045 5372 1134 5441 qui
1179 5388 1281 5426 nec
1308 5372 1661 5440 loquebatur,
1694 5388 1795 5425 nec
1827 5371 2125 5426 astantium
2160 5386 2348 5441 quem-

770 5478 931 5516 euam
964 5472 1175 5533 poterat
1205 5479 1520 5533 agnoscere.
1555 5464 1627 5520 Ut
1653 5480 1779 5521 vero
1808 5480 1931 5520 eum
1989 5464 2243 5528 salutavi,
2298 5472 2351 5518 et

772 5555 1003 5608 salutem
1045 5558 1091 5611 ei
1128 5557 1386 5612 mandare
1423 5574 1680 5627 magnum
1714 5560 1972 5612 Acacium
2004 5557 2113 5611 dixi
2139 5598 2151 5617 ,
2214 5572 2347 5611 ocu-

772 5643 855 5701 los
886 5648 1067 5701 statim
1104 5650 1335 5718 aperuit.
1371 5651 1728 5720 quatsivitquc
1775 5650 2049 5720 quomodo
2084 5652 2345 5711 valerem,

774 5744 827 5787 et
864 5736 1085 5804 quando
1142 5740 1412 5794 \‘t-nisscm
1465 5739 1847 5809 interrogavit,
1880 5747 1930 5794 cl
1965 5756 2089 5792 cum
2133 5740 2196 5791 ad
2236 5739 2348 5790 siu-

775 5828 897 5897 gula
942 5830 1371 5899 respondissem,
1412 5832 1604 5887 oeulos
1639 5831 1835 5886 iterum
1866 5832 2085 5887 clausit.
2120 5828 2346 5884 Tribus-

2433 1983 2893 2047 κατακλίνεσθαι,
2930 1983 3192 2053 ἀντήκουε
3240 1980 3333 2044 δὲ,
3389 1978 3464 2042 ὼς
3508 1980 3569 2031 οὐ
3599 1979 3833 2048 φορητὸν
3880 1979 4013 2047 ἐμοὶ

2432 2078 2738 2148 καθήμενον
2763 2074 2923 2129 αὑτὸν
2952 2073 3148 2145 όρῶντι
3180 2070 3622 2144 προσκλίνεσθαι.
3657 2090 3673 2121 ι
3707 2070 3771 2122 Ei
3800 2070 4010 2131 τοίνυν,

2433 2165 2593 2237 ἔφην,
2626 2164 2828 2229 ἐθέλεις
2870 2181 2936 2235 με
2972 2164 3064 2217 καὶ
3092 2163 3297 2233 ταύτης
3337 2163 3700 2217 ἐναπολαῦσαι
3732 2163 3833 2232 τῆς
3872 2162 4015 2215 ἀνα-

2434 2257 2646 2328 παύλης
2672 2298 2685 2322 ,
2737 2258 2889 2328 κοινῇ
2946 2254 3363 2327 προσκλιθῶμεν
3389 2296 3403 2319 ,
3439 2250 3484 2310 ὦ
3517 2258 3690 2326 πάτερ
3715 2273 3729 2288 ’
3784 2255 3846 2308 οὐ
3899 2253 4015 2325 γὰρ

2433 2348 2742 2421 ἐρυθριάσω
2770 2349 2929 2419 μόνος
2961 2346 3437 2418 κατακλινόμενος.
3476 2367 3494 2401 ι
3522 2348 3797 2410 Τοιούτοις
3826 2345 4018 2412 λόγοις

2432 2430 2748 2509 αὐτοῦντὴν
2805 2438 3101 2510 καρτερίαν
3152 2439 3693 2509 κατασοφισάμενος,
3746 2438 3846 2508 τὴν
3897 2438 4013 2491 ἀπο

2430 2533 2528 2604 τῆς
2558 2532 2896 2596 ἀνακλίσεως
2950 2532 3097 2604 αύτῷ
3145 2531 3472 2604 παραψυχὴν
3530 2533 3883 2602 εἰσενήνοχαο
3921 2530 4015 2584 ἐπὶ

2432 2625 2487 2677 δὲ
2515 2625 2609 2679 τοῦ
2660 2626 2888 2692 ἐδάφους
2930 2625 3247 2706 ἐρριμμένῳ
3291 2625 3627 2695 προσέφερον
3666 2624 3860 2692 λόγους
3912 2642 4016 2694 χα-

2436 2716 2681 2787 ρίεντας,
2740 2717 2832 2769 ἐπὶ
2884 2715 2946 2768 τδ
2991 2713 3405 2785 θυμηρέστερον
3438 2714 3535 2785 τὴν
3563 2713 3741 2783 ψυχὴν
3778 2713 4017 2784 μεταφέο

2437 2823 2564 2877 ρων.
2595 2807 2743 2860 Εῐσω
2779 2806 2835 2860 δέ
2884 2806 2978 2860 τοῦ
3030 2806 3244 2877 ἱματίου
3276 2806 3377 2876 τὴν
3404 2808 3565 2876 χεῖρα
3604 2806 3812 2875 βαλὼν,
3865 2806 4016 2858 ἐπειο

2439 2899 2628 2969 ρὼμην
2654 2898 2886 2970 μετρίως
2909 2898 3221 2969 ἀποτρίϐειν
3243 2897 3311 2951 τὰ
3330 2896 3494 2960 νῶτα,
3520 2897 3640 2950 τότε
3662 2897 3757 2949 τοῦ
3778 2898 4009 2967 σιδήρου

2434 2991 2494 3043 τὸ
2534 2990 2668 3043 πολὺ
2714 2991 2932 3062 φορτίον
2980 2989 3291 3059 ἐθεασάμην
3317 3033 3330 3052 ,
3365 2990 3393 3043 ὃ
3427 2990 3519 3043 καὶ
3549 2989 3648 3061 τὴν
3680 2988 3857 3055 ὀσφὺν
3896 2990 4023 3042 ἐδέ-

2446 3098 2603 3151 σμει,
2646 3083 2742 3134 καὶ
2787 3080 2878 3133 τδν
2930 3080 3151 3151 αὐχένα.
3183 3082 3295 3134 Καὶ
3323 3081 3506 3150 ἕτεραι
3549 3080 3603 3133 δέ
3650 3078 3875 3141 ἁλύσεις
3908 3080 4034 3132 ἀπὶ

2436 3171 2528 3224 τοῦ
2559 3162 2692 3242 περϊ
2727 3170 2819 3223 τὸν
2866 3169 3068 3240 αὐχένα
3110 3168 3308 3222 κύκλου
3333 3210 3348 3231 ,
3394 3167 3488 3220 δύο
3539 3167 3638 3238 μὲν
3675 3162 4018 3236 ἔμπροσθεν,

2436 3264 2529 3317 δύο
2558 3263 2613 3315 δέ
2654 3262 2902 3323 ὄπισθεν,
2955 3263 3035 3326 είς
3073 3261 3164 3315 τδν
3198 3260 3347 3328 κάτω
3388 3259 3584 3313 κύκλον
3613 3256 3913 3326 ἐγκάρσιαι
3940 3256 4021 3309 δι-

2438 3356 2708 3426 ήκουσαι,
2751 3355 2845 3409 καὶ
2888 3354 2984 3408 τοῦ
3025 3355 3067 3407 Χ
3106 3353 3371 3424 στοιχείου
3418 3350 3480 3405 τὸ
3519 3354 3705 3421 σχῆμα
3736 3348 4018 3408 ποιοῦσαι.

2440 3447 2752 3519 ἔμπροσθέν
2781 3465 2838 3500 τε
2870 3448 2966 3501 καὶ
2994 3445 3241 3509 ὄπισθεν,
3281 3446 3407 3519 τοὺς
3454 3443 3549 3497 δύο
3587 3442 3820 3505 κύκλους
3850 3440 4015 3511 ἀλλη-

2438 3540 2551 3603 λοις
2586 3540 2865 3593 συνέδεον·
2906 3541 2997 3593 καὶ
3041 3538 3260 3610 ἐτέρους
3302 3537 3359 3591 δὲ
3388 3538 3443 3590 αἱ
3475 3539 3655 3607 χεῖρες
3697 3535 3841 3588 ἐνδον
3888 3534 4018 3603 περὶ

2438 3634 2564 3693 τοὺς
2594 3630 2851 3699 ἀγκῶνας
2895 3625 3040 3699 εἶχον
3078 3627 3353 3687 τοιούτους
3384 3625 3639 3695 δεσμούς,
3672 3626 3745 3677 Τὸ
3777 3624 3989 3677 πολυτά

2438 3725 2629 3777 λαντον
2660 3720 2753 3778 οὖν
2782 3722 2940 3776 τοῦτο
2975 3721 3311 3790 θεασάμενος
3350 3718 3588 3787 φορτίον,
3624 3717 3862 3769 ἱκέτευον
3903 3718 4019 3767 ἐπι-

2441 3814 2710 3883 κουρῆσαι
2739 3811 2816 3881 τῷ
2850 3810 3061 3881 σώματι
3108 3810 3371 3877 κάμνοντι
3399 3848 3413 3869 ,
3462 3809 3555 3860 καὶ
3598 3808 3786 3876 φέρειν
3825 3809 3887 3859 οὑ
3920 3809 4018 3860 δυ-

2441 3903 2660 3973 ναμένῳ
2698 3902 2839 3956 κατά
2870 3902 3089 3963 ταύτὸν,
3120 3903 3214 3954 καὶ
3242 3900 3308 3953 τὰ
3348 3899 3631 3952 ἐθελούσια
3676 3899 3891 3967 φορτία,
3924 3900 4020 3952 καὶ

2441 3995 2540 4065 τὴν
2592 3986 2847 4047 ἀκούσιον
2898 3993 3232 4064 ἀρρωστίαν.
3285 4011 3301 4043 ι
3345 3991 3459 4045 Νῦν
3514 3992 3612 4061 μέν
3657 3990 3795 4058 γὰρ,
3852 3991 4018 4059 ἔφην,

2442 4082 2488 4139 ὧ
2516 4087 2722 4157 πάτερ,
2764 4088 2792 4139 ό
2834 4085 3063 4155 πυρετὸς
3110 4083 3177 4136 τὰ
3224 4082 3319 4135 τοῦ
3356 4082 3573 4152 σιδήρου
3623 4085 3777 4135 ποεῖ·
3808 4084 3938 4135 ὅταν
3963 4083 4019 4135 δὲ

2443 4168 2602 4240 οὗτος
2629 4176 2874 4247 λωφήσῃ,
2899 4173 3200 4244 τηνικαῦτα
3230 4171 3310 4241 τῷ
3346 4170 3555 4237 σώματι
3577 4171 3668 4223 τὸν
3697 4172 3762 4223 ἐκ
3794 4170 3915 4238 σιδή
3928 4188 4020 4239 ρον

2446 4268 2607 4321 πάλιν
2644 4265 2975 4337 ἐπιθήσομεν
3010 4264 3225 4334 φόρτον.
3254 4278 3279 4313 τ
3315 4261 3438 4327 Eis:
3467 4263 3559 4314 mi
3589 4262 3669 4323 είς
3699 4259 3856 4312 τοῦτο
3890 4262 4023 4313 πολ-

2445 4358 2563 4419 λαῖς
2600 4354 2876 4417 τοιαύταις
2917 4352 3304 4421 καταθελχθεὶς
3364 4349 3618 4420 ἐπῳδαῖς.
3688 4347 3850 4401 Ἀλλά
3900 4350 4022 4399 τότε

2451 4450 2548 4521 μὲν
2600 4448 2787 4520 ὀλίγας
2841 4447 3199 4517 ἀρρωστήσας
3239 4443 3452 4514 ἡμέρας
3482 4484 3494 4505 ,
3534 4441 3731 4512 ῥᾳδίως
3764 4442 4020 4511 ἐρῤάῖτε.

2448 4542 2639 4611 Χρόνῳ
2698 4540 2752 4593 δὲ
2809 4537 3035 4607 ὕστερον
3095 4534 3447 4605 χαλεπωτέρα
3508 4532 3798 4602 περιέπεσε
3859 4532 4021 4597 νότῳ.

2448 4634 2666 4688 Πολλῶν
2713 4633 2770 4685 δέ
2818 4631 3145 4700 πολλαχόθεν
3199 4626 3661 4697 συνεληλυθότων,
3715 4625 3790 4687 ὡς
3838 4626 4023 4691 ἁρπα-

2449 4727 2667 4797 σόμενοι
2695 4724 2757 4777 τὸ
2789 4724 2972 4793 σῶμα.
3003 4721 3298 4790 πυθόμενοι
3329 4719 3379 4772 οἱ
3403 4717 3496 4771 τοῦ
3523 4719 3729 4778 ἄστεως
3756 4716 4023 4785 συνέδρα-

2452 4837 2554 4890 μον
2582 4819 2819 4879 ἀπαντες
2841 4856 2855 4879 ,
2908 4815 3001 4868 καὶ
3041 4812 3371 4883 στρατιῶται
3396 4853 3410 4873 ,
3441 4810 3532 4863 καὶ
3574 4808 3812 4869 ἰδιῶται,
3844 4808 3891 4859 οι
3918 4808 4026 4876 ⁸μέν

2448 4913 2545 4985 τὴν
2594 4909 2900 4980 πολεμικὴν
2950 4906 3311 4967 ἀναλαϐόντες
3358 4902 3592 4974 σκευὴν,
3638 4901 3688 4953 οἱ
3724 4900 3782 4952 δὲ
3836 4900 4024 4962 ὅπλοις

2448 5009 2559 5070 τοῖς
2591 5002 2953 5075 προστυχοῦσι
2998 4999 3371 5072 χρησάμενοι·
3418 4998 3515 5049 καὶ
3561 4991 4026 5062 συσπειραθέντες

2448 5099 2717 5170 ἐμάχοντο
2742 5136 2756 5158 ,
2791 5098 2883 5149 καὶ
2915 5094 3041 5165 βέλη
3077 5093 3328 5162 ἀφιέντες
3352 5132 3364 5151 ,
3427 5092 3524 5159 οὐχ
3577 5089 3653 5152 ὡς
3707 5087 4025 5157 πλήεοντες,

2449 5189 2567 5241 ἀλλ’
2599 5187 2675 5249 ὡς
2716 5185 3042 5255 φοϐήσοντες
3085 5183 3241 5252 μόνον
3272 5198 3284 5211 ·
3329 5180 3423 5233 καὶ
3466 5179 3607 5232 οὕτω
3635 5179 3756 5240 τοὺς
3812 5177 4030 5245 περιοί-

2451 5294 2576 5339 κους
2602 5275 2976 5341 ἐξελάσαντες,
2996 5276 3061 5343 τῇ
3087 5273 3243 5344 κλίνῃ
3274 5271 3364 5324 τὸν
3395 5268 3689 5322 πένταθλον
3715 5266 4031 5335 ἀγωνιστὴν

2452 5369 2763 5430 ἐπιθέντες,
2804 5367 2915 5419 τῶν
2968 5364 3268 5436 γινομένων
3319 5362 3568 5430 οὐδαμῶς
3610 5358 4032 5427 αἰσθανόμεκον,

2451 5462 2573 5515 οὐδέ
2628 5461 2736 5531 γὰρ
2788 5459 2891 5527 τῆς
2940 5458 3115 5527 κόμης
3171 5455 3337 5508 αὐτοῦ
3395 5452 3715 5522 τιλλομένης
3760 5449 3868 5502 ὑπο
3922 5450 4037 5501 τῶν

2453 5553 2723 5625 ἀγροίκων
2754 5549 3045 5621 ἐπῄσθετο,
3077 5549 3168 5601 ἐπὶ
3190 5548 3288 5617 τὴν
3320 5547 3471 5600 πόλιν
3509 5545 3661 5597 ίεσαν
3686 5561 3700 5573 ·
3733 5543 3814 5605 εἰς
3848 5542 3903 5594 δὲ
3939 5543 4038 5594 τὸν

2455 5644 2793 5717 προφητικὸν
2822 5642 3143 5712 ἀφικόμενοι
3169 5639 3354 5710 σηκὸν,
3387 5639 3465 5698 είς
3488 5636 3547 5688 τὸ
3579 5634 3754 5703 τονὲῳ
3798 5633 4042 5695 πελάζον

2455 5736 2871 5807 φροντιστήριον
2918 5732 3015 5803 τὴν
3072 5731 3257 5799 κλίνην
3311 5728 3593 5783 ἀπέθεντο.
3652 5720 3791 5778 Ἰἰκε
3849 5725 3904 5777 δέ
3948 5743 4037 5787 τις

2455 5830 2533 5892 είς
2567 5827 2664 5901 τὴν
2706 5826 2994 5899 Βέρῤοιαν,
3025 5825 3140 5877 ἐκεῖ
3168 5825 3273 5895 γὰρ
3303 5824 3376 5875 ὼν
3415 5819 3726 5889 ἐτύγχανον,
3762 5818 3829 5869 τὰ
3865 5831 4042 5885 γεγε·-
