4216 6456
160 368 305 433 H37
1363 372 1768 434 RELIGIOSA
1842 372 2230 435 HISTORIA.
3299 379 3435 444 1438

157 479 386 550 mptva.
421 479 743 571 σημαίνων,
787 479 881 533 καὶ
923 479 1021 549 τῆς
1071 480 1326 553 τελευτῆς
1375 483 1617 554 κομίζων
1646 482 1745 552 τὴν

1856 496 1955 552 que
1979 482 2184 553 elapsis
2211 484 2426 549 diebus,
2465 486 2690 556 rogabat
2711 486 2937 541 ubinam
2959 494 3129 544 esset.
3158 487 3313 553 Quod
3341 490 3433 545 ubi

158 571 456 640 ἀγγελίαν.
507 571 798 645 Τοιγάρτοι
849 574 1159 645 παραυτίκα
1204 576 1466 647 δραμὼν,
1508 578 1600 630 xei.
1651 576 1749 647 τὴν

1856 575 2127 644 cognovit,
2169 578 2452 647 aagerrime
2483 578 2633 646 tulit,
2678 580 2963 649 oravitque
2999 590 3057 635 ut
3091 582 3145 635 in
3188 588 3428 636 montem

161 665 349 719 νύκτα
406 668 587 720 πᾶσαν
647 668 728 730 είς
789 666 1101 738 ὁδοιπορίαν
1136 669 1566 736 καταναλώσας,
1616 688 1749 723 κατ-

164 756 367 809 έλαϐον
433 758 569 827 μετά
633 758 730 829 τὴν
776 758 854 812 ιω
908 761 1001 813 τὸν
1048 761 1189 814 θεῖον
1238 762 1560 833 ἄνθρωπον,
1627 762 1751 816 οὔτε

166 848 568 919 φθεγγόμενον,
600 850 724 904 οὔτε
762 851 883 905 τινὰ
910 851 1018 905 τῶν
1049 853 1334 924 παρόντων
1363 856 1753 924 ἐπιγινώσκειν

166 942 510 1011 δυνάμενον·
555 944 631 1007 ὡς
677 944 735 997 δέ
787 961 850 1012 γε
905 948 1237 1015 προσεῖπον,
1301 947 1393 1000 καὶ
1437 947 1529 999 τὸν
1580 949 1751 1019 μέγαν

182 1033 447 1086 Ἀκάκιον
470 1033 946 1102 προσφθέγγεσθαι
972 1035 1134 1089 αὐτὸν
1163 1034 1319 1106 ἔφην,
1348 1037 1549 1107 ἀνέῳξε
1578 1055 1752 1109 ’παρα⁴

170 1126 366 1193 χρῆμα
400 1126 529 1188 τοὺς
561 1124 906 1197 ὀφθαλμοὺς.
952 1127 1046 1179 καὶ
1084 1128 1231 1189 ὅπως
1264 1126 1373 1197 ἔχω
1416 1129 1612 1199 ἤρετο,
1659 1132 1753 1184 καὶ

174 1216 307 1267 ποτε
332 1214 454 1284 είην
482 1213 758 1283 ἐληλυθὼς
788 1215 1118 1269 ἐπυνθάνετο
1140 1234 1152 1246 ·
1179 1217 1312 1287 ἐμοῦ
1335 1217 1392 1271 δὲ
1416 1219 1549 1288 πρὸς
1582 1219 1755 1273 ταῦτα

175 1306 645 1375 ἀποκριναμένου,
674 1305 835 1371 πάλιν
864 1306 987 1369 τοὺς
1016 1307 1326 1377 ὀφθαλμοὺς
1354 1308 1543 1377 ἔμυσε,
1575 1310 1755 1380 Τριῶν

177 1397 232 1449 δὲ
264 1396 594 1449 διελθουσῶν
626 1398 847 1471 ἡμερῶν
868 1438 885 1460 ,
936 1399 1098 1468 ἤρετο
1148 1401 1271 1453 ὅποι
1324 1401 1409 1467 είη
1434 1416 1446 1429 ·
1486 1400 1672 1470 μαθὼν
1699 1402 1756 1455 δὲ

179 1487 300 1540 λίαν
336 1488 554 1555 ἦχθετο,
590 1488 683 1540 καὶ
733 1487 885 1557 ἠξίου
919 1489 1236 1556 παραυτίκα
1267 1492 1347 1554 είς
1379 1491 1439 1544 τὸ
1469 1491 1593 1562 ὅρος
1626 1493 1759 1545 ἀπο·

180 1580 530 1650 κομίζεσθαι.
568 1582 905 1651 Θεραπεύειν
938 1583 995 1635 δὲ
1045 1583 1205 1636 αὑτὸν
1244 1584 1331 1637 διά
1382 1583 1597 1639 πάντων
1644 1585 1761 1638 ἐθέ-

180 1672 309 1735 λων,
343 1672 510 1736 εὐθὺς
541 1672 639 1743 τὴν
669 1673 859 1743 κλίνην
898 1675 1269 1747 παρηγγύησα
1300 1676 1485 1747 φέρειν
1505 1717 1520 1742 ,
1556 1678 1650 1731 καὶ⁵
1679 1680 1760 1740 είς

181 1763 239 1815 τδ
273 1764 609 1834 ποθούμενον
660 1768 858 1836 χωρίον
907 1768 1285 1837 ἀποκομίζειν.
1346 1769 1477 1822 Τότε
1522 1769 1618 1839 τῆς
1668 1785 1757 1821 σει

1851 667 2253 736 quamprimutn
2281 668 2593 725 referretur.
2617 668 2728 740 Ego
2745 685 2874 725 vero
2893 672 2945 725 in
2961 672 3215 727 omnibus
3235 672 3309 725 illi
3332 672 3434 727 ob-

1852 758 2005 827 sequi
2043 762 2294 829 cupiens,
2323 760 2520 815 lectum
2567 778 2689 830 tuo:
2734 762 2893 828 tolli,.
2923 772 2975 817 et
3004 780 3163 834 quem
3210 765 3436 835 optabat

1852 849 1907 902 itt
1942 848 2118 920 locum
2148 849 2347 904 deferri
2384 849 2546 919 jussi.
2580 849 2717 905 Tum
2748 854 2997 922 perspexi
3022 869 3182 922 quam
3212 855 3435 909 minime

1854 940 2109 1009 cupidum
2145 942 2370 995 honoris
2400 949 2553 996 esset
2572 951 2734 1012 caput
2764 943 2978 1015 1250
3007 945 3138 997 mihi
3165 959 3433 999 veneran-

1854 1033 2004 1087 dum.
2026 1032 2248 1089 Postera
2260 1034 2402 1089 enim
2420 1032 2508 1089 die
2530 1035 2755 1102 ptisanae
2773 1051 2997 1089 succum
3021 1036 3095 1089 llli
3114 1036 3312 1099 obtuli,
3335 1036 3431 1090 sed

1856 1123 2258 1194 refrigeratum.
2275 1126 2401 1195 quia
2414 1126 2650 1181 calidum
2666 1126 2963 1196 quidquam
2988 1137 3044 1180 ut
3064 1134 3325 1188 sumeret,
3343 1127 3439 1179 aal-

1856 1216 1982 1271 duci
2003 1231 2107 1269 non
2128 1225 2358 1286 poterat,
2376 1218 2515 1288 ignis
2535 1234 2633 1271 usu
2652 1219 2752 1272 sibi
2778 1218 3333 1287 penitusiuterdicto.
3366 1217 3437 1273 Ει

1857 1321 1976 1361 cum
1996 1323 2213 1363 sumere
2236 1308 2502 1362 abnueret
2521 1325 2534 1359 :
2557 1307 2775 1382 «Nobis,
2801 1309 3044 1378 inquam,
3070 1317 3239 1376 pater,
3260 1308 3440 1362 omni-

1857 1402 1960 1455 bus
1982 1401 2083 1455 boc
2112 1400 2353 1469 indulge.
2384 1401 2817 1454 lucolumitatem
2843 1384 3078 1469 namque
3103 1408 3252 1452 tuam
3286 1414 3441 1453 com-

1861 1509 2074 1549 munem
2095 1508 2217 1549 esse
2240 1495 2469 1549 salutem
2493 1494 2851 1548 arbitramur.
2879 1490 2998 1546 Non
3016 1495 3160 1547 enim
3184 1492 3440 1547 utilitatis
3536 1528 3543 1534 .

1859 1591 2070 1640 tantum
2100 1586 2378 1654 exemplar
2407 1586 2721 1655 propositus
2744 1602 2826 1649 es,
2851 1585 2944 1639 sed
2977 1592 3031 1639 et.
3070 1585 3286 1639 orando
3313 1582 3428 1639 fera

1861 1690 2041 1745 Opem,
2072 1683 2126 1730 et
2159 1675 2400 1729 divinam
2455 1674 2615 1729 nobis
2662 1676 3097 1730 benevolentiam
3151 1675 3436 1729 concilias.
3477 1745 3485 1755 ι

1863 1767 2017 1834 Quod
2054 1768 2097 1821 si
2122 1769 2217 1822 tibi
2248 1773 2348 1821 hoc
2385 1782 2547 1837 grave
2578 1778 2690 1831 est,
2731 1768 2858 1836 quia
2892 1768 3203 1828 insolitum,
3257 1765 3441 1835 perfer

182 1854 424 1925 ϐασμίας
450 1830 579 1925 εμοὶ
628 1830 868 1927 κεφαλῆς
897 1859 957 1911 τὸ
992 1830 1312 1929 ἀφιλότιμον
1342 1856 1499 1913 εἶδον.
1542 1830 1619 1929 Τυῇ
1651 1861 1756 1931 γὰρ

1865 1862 1965 1915 hoc
1988 1861 2175 1925 etiam,
2208 1869 2383 1928 pater,
2425 1860 2535 1913 dixi
2578 1877 2593 1913 ι
2627 1875 2749 1912 nam
2781 1867 2834 1912 et
2862 1860 2962 1913 hoc
2996 1873 3218 1929 quoque
3265 1874 3439 1927 genus

182 1950 448 2018 ὑστεραίᾳ
477 1949 746 2019 πτισάνης
772 1949 923 2020 αύτῷ
971 1951 1135 2020 χυλὸν
1183 1953 1559 2022 προσενήνοχα
1586 1970 1755 2006 κατα-

180 2042 357 2109 ψύξας
382 2059 394 2070 ·
430 2042 636 2114 θερμοῦ
664 2043 771 2114 γὰρ
796 2044 1005 2107 οὐδενὸς
1038 2044 1465 2115 μεταλαγχάνειν
1493 2044 1757 2116 ἠνείχετο,

182 2134 462 2198 παντελῶς
519 2136 612 2188 τοῦ
666 2137 838 2203 πυρὸς
884 2138 984 2206 τὴν
1034 2139 1225 2208 χρείαν
1264 2140 1754 2209 ·ἀπαρνησάμενος.

194 2228 347 2279 Ἐπεὶ
372 2228 429 2279 δὲ
468 2228 1045 2298 μεταλαμϐάνειν-οὑκ
1080 2230 1239 2300 ἤθελε
1266 2248 1279 2261 ·
1327 2251 1343 2281 ι
1382 2233 1553 2284 Πᾶσιν
1605 2233 1756 2301 ἡμῖν,

182 2318 338 2386 ἔφην,
364 2312 408 2370 ὦ
438 2319 633 2390 πάτερ,
668 2320 894 2388 μετάδος
926 2320 1142 2390 φειδοῦς
1172 2340 1185 2353 ·
1230 2322 1413 2393 κοινὴν
1443 2323 1551 2393 γὰρ
1582 2341 1758 2390 σωτη-

185 2412 304 2480 ρίαν
332 2411 433 2480 τὴν
461 2411 561 2482 σὴν
596 2411 809 2479 ὑγιείαν
845 2412 1147 2483 ἡγούμεθα.
1182 2416 1254 2467 Ού
1283 2416 1389 2487 γὰρ
1421 2416 1577 2486 μόνον
1611 2416 1757 2485 ὡφε-

180 2503 330 2567 λείας
358 2505 667 2574 ἀρχέτυπον
694 2504 1002 2575 πρόκεισαι,
1034 2507 1169 2559 ἀλλὰ
1199 2508 1292 2561 καὶ
1322 2509 1759 2579 προσευχὸμενος

182 2595 501 2665 ἐπαμύνεις,
536 2598 628 2650 καὶ
656 2600 755 2667 τὴν
780 2596 928 2650 θείαν
962 2600 1092 2668 ἡμῖν
1128 2600 1417 2670 εὐμένειαν
1450 2600 1754 2671 προξενεῖς.

183 2689 241 2740 El
274 2688 333 2741 δέ
368 2706 427 2741 σε
460 2689 746 2743 ἀποκναίει
777 2693 837 2744 τὸ
879 2690 1047 2763 ἄηθες
1072 2731 1085 2752 ,
1137 2693 1230 2745 καὶ
1260 2691 1416 2745 τοῦτο
1443 2736 1454 2757 ,
1507 2692 1641 2762 ἔφην
1667 2733 1680 2751 .
1713 2686 1758 2746 ὦ

183 2782 378 2851 πάτερ,
414 2782 792 2852 καρτέρησονο
840 2778 978 2848 εἶδος
1030 2784 1140 2855 γὰρ
1198 2786 1291 2837 καὶ
1335 2785 1490 2838 τοῦτο
1545 2784 1759 2854 φιλοσο-

183 2873 328 2937 ςίας.
358 2874 571 2945 Ὠσπερ
605 2876 714 2946 γὰρ
738 2876 992 2944 ὑγιαίνων
1020 2878 1224 2946 τροφῆς
1257 2878 1538 2947 ἐφιέμενος
1575 2878 1755 2941 ἐνίκας

181 2969 244 3036 τῇ
279 2968 547 3038 καρτερίᾳ
581 2968 679 3037 τὴν
727 2968 910 3036 ἔφεσιν
935 2986 947 2998 ·
995 2968 1136 3022 οὕτω
1200 2968 1293 3021 νῦν
1341 2966 1540 3039 ἥκιστα
1573 2968 1761 3037 ὀρεγό-

186 3075 369 3125 μενος,
404 3060 502 3129 τήν
550 3060 649 3128 τῆς
678 3060 1037 3129 μεταλήψεως
1080 3060 1375 3129 καρτερίαν
1408 3060 1693 3124 ἐπίδειξαι.
1734 3079 1753 3111 ι

1860 1961 1943 2007 est
1979 1952 2351 2022 philosOphize.
2386 1949 2540 2005 Sicut
2590 1949 2734 2004 enim
2765 1965 2889 2005 cum
2935 1965 3107 2005 sanus
3155 1964 3328 2012 esses,
3360 1949 3440 2001 ei-

1862 2045 2099 2113 bumque
2180 2051 2509 2112 appeteres,
2577 2042 2867 2096 tolerantia
2922 2041 3181 2096 vincebas
3232 2041 3439 2111 appeti-

1857 2144 1973 2189 tum
2013 2152 2027 2189 :
2065 2135 2137 2188 ita
2168 2148 2315 2189 nunc
2345 2149 2469 2188 cum
2500 2135 2723 2188 minime
2768 2135 3005 2205 appetis,
3043 2133 3314 2189 sumendo
3349 2142 3437 2187 to-

1862 2228 2146 2283 lerantiam
2210 2226 2467 2281 ostende.
2498 2243 2516 2278 ι
2552 2225 2775 2291 Aderat,
2836 2242 2961 2282 cum
3009 2226 3123 2280 haec
3175 2225 3436 2292 dicerem,

1860 2319 2025 2373 homo
2056 2316 2149 2371 Dei
2184 2315 2607 2387 Polychronius,
2658 2316 2753 2386 qui
2809 2317 3042 2371 orationi
3086 2332 3221 2372 mea
3274 2318 3439 2371 obse-

1858 2410 2130 2476 cundans,
2162 2409 2393 2478 primum
2446 2408 2497 2461 id
2532 2414 2749 2464 sumere
2796 2424 2855 2464 se
2897 2408 3033 2463 velle
3083 2408 3239 2471 dixit,
3273 2408 3439 2480 idque

1858 2483 2018 2557 mane
2044 2517 2167 2555 cum
2197 2509 2362 2564 esset,
2394 2516 2457 2555 ac
2485 2516 2625 2570 saepe
2659 2511 2783 2571 post
2827 2500 2947 2557 dies
2981 2510 3189 2571 septem
3219 2516 3429 2571 corpus

1859 2594 2003 2649 alere
2035 2595 2256 2650 Soleret.
2287 2580 2481 2649 Victus
2512 2609 2644 2665 ergo
2678 2595 2761 2649 bis
2809 2595 3179 2657 sermonibus,
3233 2596 3439 2651 clausis

1857 2688 2055 2751 oculis,
2096 2686 2240 2757 quod
2277 2687 2331 2740 in
2368 2688 2572 2742 amaris
2605 2686 2922 2758 potionibus
2945 2686 3125 2739 facere
3161 2686 3422 2750 solemus,

1859 2782 2016 2835 succi
2035 2781 2301 2851 scyphum
2336 2796 2505 2834 unmn
2534 2781 2723 2835 ebibit.
2746 2782 3016 2846 Quoniam
3050 2788 3232 2835 autem
3266 2780 3435 2850 pedes

1859 2876 2135 2943 ‘quoque,
2172 2873 2263 2942 qui
2314 2883 2530 2942 propter
2565 2872 2899 2926 debilitatem
2937 2870 3220 2926 incedendi
3265 2887 3421 2925 usum

1860 2966 2180 3029 amiserant,
2225 2974 2284 3019 ut
2322 2980 2464 3034 aqua
2528 2965 2737 3019 lavarct
2792 2965 3192 3034 persuasimus.
3256 2978 3436 3033 opera!

1861 3059 2099 3127 pretium
2144 3057 2399 3111 existimo
2444 3056 2587 3110 hanc
2643 3056 2806 3110 etiam
2866 3055 2988 3123 ejus
3036 3055 3438 3124 philosophiam

183 3150 369 3204 Ταῦτά
398 3168 487 3219 μοι
514 3150 723 3217 λέγοντι
751 3150 1048 3220 συμπαρῆν
1082 3153 1176 3205 καὶ
1206 3154 1232 3204 ὁ
1261 3151 1352 3204 τοῦ
1381 3150 1517 3204 θεοῦ
1548 3152 1756 3223 ἄνθρω-

1863 3150 2097 3218 aperire.
2158 3146 2217 3201 In
2256 3146 2538 3216 propatulo
2594 3146 2742 3200 enim
2788 3145 2948 3214 juxta
2998 3154 3115 3199 erat
3170 3146 3435 3216 scyphus.

184 3261 281 3305 πος
343 3243 743 3313 Πολυχρόνιος,
786 3242 845 3305 ὃς
1024 3243 1168 3312 λόγῳ
1234 3243 1755 3311 συιαγωνιζὸμενος,

184 3333 345 3395 αὐτὸς
377 3333 594 3400 πρῶτος
625 3333 1061 3403 μεταλαμϐάνειν
1088 3334 1245 3403 ῆθελε
1277 3335 1374 3404 τῆς
1406 3336 1633 3404 τροφῆς,
1664 3336 1758 3387 καὶ

181 3422 354 3475 ταῦτα
384 3422 582 3492 ὄρθρου
624 3423 811 3485 ὄντος,
850 3422 905 3485 ὃς
944 3423 1204 3485 πολλάκις
1250 3423 1318 3476 δι’
1356 3425 1497 3475 ἑπτα
1534 3424 1757 3495 ἡμερῶν

180 3514 243 3565 τὸ
304 3511 465 3581 σῶμα
512 3510 813 3582 διέτρεφεν.
889 3514 1171 3583 Ἦττηθεὶς
1224 3514 1404 3567 τοίνυν
1450 3514 1527 3585 τῷ
1591 3514 1757 3584 λόγῳ,

187 3603 316 3673 μίαν
352 3604 447 3655 τοῦ
484 3603 645 3673 χυλοῦ
686 3604 958 3673 μεμυκόσι
993 3608 1105 3668 τοῖς
1137 3606 1435 3676 ὀφθαλμθῖς
1468 3607 1758 3677 παρεπέμ·

182 3698 321 3766 ᾦατο
352 3695 549 3748 κύλικα
569 3737 583 3758 ,
616 3698 752 3765 ὅπερ
796 3700 969 3749 ποιεῖν
998 3699 1089 3750 ἐπὶ
1129 3701 1237 3749 τῶν
1269 3700 1481 3771 πικρῶν
1514 3701 1759 3769 ποτίμων

182 3788 477 3858 εἰώθαμεν.
523 3787 743 3858 Ἐπειδὴ
776 3788 831 3839 δὲ
868 3790 960 3841 καὶ
996 3790 1121 3851 τοὺς
1156 3790 1322 3851 πόδας
1349 3830 1362 3851 ,
1408 3790 1467 3842 τὸ
1517 3789 1753 3859 βαδίζειν

184 3880 245 3944 ἐξ
275 3881 493 3943 ἀτονίας
536 3880 904 3942 ἀπολέσαντας
929 3921 941 3941 ,
990 3880 1143 3934 ὕδατι
1164 3882 1361 3950 ’βρέξαι
1397 3881 1755 3951 πεπείκαμεν,

182 3974 463 4044 προῦργον
493 3973 698 4041 νομίζω
740 3972 832 4025 καὶ
873 3973 1074 4043 ταύτην
1109 3972 1270 4025 αὑτοῦ
1301 3973 1395 4041 τὴν
1444 3973 1758 4042 φιλοσοφίαν

182 4065 495 4135 γυμνῶσαι.
532 4065 834 4135 Παρέκειτο
886 4066 983 4133 μὲν
1019 4066 1127 4135 γὰρ
1173 4066 1401 4134 πλησίον
1444 4067 1471 4118 ὁ
1519 4065 1755 4133 σκύφος

183 4156 452 4229 ἐπειράθη
484 4156 539 4208 δέ
569 4174 648 4219 τις
678 4156 783 4208 τῶν
812 4157 1199 4209 διακονούντων
1228 4157 1422 4227 φορμῷ
1445 4176 1548 4211 τινι
1572 4158 1760 4210 τοῦτον

186 4249 552 4319 συγκαλύψαι,
586 4249 661 4313 ὡς
709 4248 783 4318 μὴ
826 4248 982 4318 δῆλος
1032 4250 1115 4319 εἴη
1156 4252 1267 4311 τοῖς
1310 4250 1436 4319 παρ’
1464 4248 1624 4301 αὑτὸν
1652 4249 1758 4316 ἁφ-

188 4342 543 4412 ικνουμένοις.
561 4339 620 4393 ὐ
640 4340 695 4392 δέ
712 4358 723 4369 ·
755 4359 771 4390 ι
796 4340 858 4393 Τί
877 4340 1188 4403 καλύπτεις,
1205 4340 1329 4411 ἔφη,
1356 4340 1445 4393 τὸν
1467 4338 1670 4407 σκύφον
1695 4355 1709 4404 ;
1736 4356 1752 4388 ι

185 4437 291 4489 Τοῦ
321 4437 380 4490 δὲ
412 4432 696 4505 εἰρηκότος
726 4450 737 4463 θ
768 4451 785 4483 ι
830 4433 915 4495 Ὠς
947 4432 1025 4503 μὴ
1054 4432 1356 4502 παράκοιτο
1375 4434 1485 4494 τοῖς
1510 4431 1762 4499 ἀφικνουσ

1861 3242 2037 3309 llunc,
2070 3258 2137 3295 ne
2175 3240 2595 3295 adventantium
2617 3238 2793 3294 oculis
2843 3245 3071 3307 pateret,
3128 3247 3317 3305 sporta
3351 3246 3436 3291 te-

1857 3351 1984 3406 gere
2042 3334 2263 3404 quidam
2315 3349 2344 3387 e
2385 3332 2654 3387 ministris
2688 3341 2921 3385 conatus
2954 3340 3058 3385 est.
3115 3328 3253 3383 Tum
3302 3330 3435 3384 ille:

1862 3445 1880 3477 ι
1912 3425 2050 3491 Quid
2080 3423 2347 3495 scyphum
2391 3422 2673 3477 occultas?
2698 3440 2716 3472 ι
2753 3420 2968 3475 Etcum
3005 3420 3380 3490 respondisset
3412 3438 3425 3474 :

1865 3536 1883 3568 ι
1899 3517 1972 3571 Ne
1992 3517 2331 3585 conspicuus
2350 3515 2419 3570 sit
2445 3516 2512 3569 iis
2531 3515 2622 3583 qui
2646 3512 2712 3566 ad
2737 3521 2789 3567 te
2810 3513 3058 3567 veniunt.
3073 3532 3194 3563 n—c
3224 3512 3435 3582 Apage,

1860 3610 2057 3677 inquit,
2109 3608 2181 3661 illi
2226 3648 2241 3673 ,
2307 3623 2376 3661 ne
2438 3606 2755 3661 hominibus
2817 3604 3126 3659 abscondas
3190 3620 3254 3660 ea
3310 3620 3434 3674 qua:

1872 3702 2259 3757 universorum
2309 3693 2418 3754 Deo
2480 3697 2765 3752 manifesta
2818 3704 2968 3752 sunt.
3013 3695 3097 3749 Illi
3156 3697 3300 3751 enim
3332 3698 3437 3752 soli

1859 3792 2055 3847 vivere'
2140 3791 2388 3861 cupiens,
2480 3790 2775 3843 humanam
2867 3787 3098 3858 gloriam
3195 3796 3439 3842 contem-

1858 3887 1965 3956 psi.
2046 3885 2200 3951 Quod
2258 3884 2402 3939 enim
2464 3891 2549 3937 est
2602 3882 3059 3944 emolumentum,
3125 3880 3171 3935 si
3244 3880 3436 3949 majori

1865 3977 2073 4049 1241
2133 3976 2526 4031 exercitatione
2584 3990 2743 4029 usum
2801 3989 2886 4028 me
2916 3973 3099 4027 sciant
3145 3971 3258 4036 iSti,
3294 3969 3439 4025 Deus

1861 4082 2044 4125 autem
2079 4070 2289 4123 minore
2322 4067 2643 4121 ?Laborum
2680 4065 2953 4121 mercedis
2991 4065 3043 4119 bi
3074 4065 3297 4119 datores
3325 4078 3436 4117 non

1861 4173 2011 4229 sunt,
2042 4161 2134 4216 sed
2170 4164 2309 4216 Deus
2341 4161 2571 4229 largitor
2596 4169 2699 4213 est.
2742 4177 2759 4209 ι
2805 4158 2939 4223 Quis
2972 4172 3109 4227 ergo.
3133 4171 3241 4210 non
3268 4169 3436 4224 supra

1862 4257 2080 4309 modum
2141 4254 2442 4308 admiretur
2479 4261 2592 4306 tmn
2629 4252 2817 4317 verba,
2850 4260 2962 4304 tum
3019 4249 3313 4304 verborum
3343 4262 3437 4316 pa-

1862 4355 2073 4402 rentem
2107 4346 2255 4400 illius
2317 4352 2576 4407 mentem,
2619 4352 2771 4397 tanto
2803 4343 3039 4396 humana
3073 4340 3244 4410 gloria
3271 4353 3437 4406 supe-

1863 4437 2104 4494 riorem?
2148 4437 2340 4491 Simile
2398 4436 2677 4505 quidpiam
2743 4435 2881 4490 alias
2959 4448 3177 4501 quoque
3231 4432 3433 4485 factum

187 4530 371 4597 μένοις
396 4529 474 4589 είς
498 4525 751 4595 θεωρίαν.
768 4544 785 4575 ι
808 4554 871 4566 —-
893 4542 909 4574 ι
928 4526 1161 4590 Ἄπαγε,
1184 4522 1308 4594 ἔφη,
1324 4517 1367 4576 ὦ
1391 4527 1508 4587 παῖ,
1538 4522 1611 4593 μὴ
1634 4522 1756 4594 κρύ-

1866 4532 2105 4587 memini.
2132 4529 2368 4599 Vespera
2392 4537 2530 4591 erat,
2550 4535 2603 4582 et
2629 4526 2848 4596 quidem
2867 4522 3157 4595 profunda,
3188 4529 3434 4590 tempus-

186 4638 285 4673 πτε
326 4616 641 4685 ἀνθρώποις
683 4615 750 4667 τὰ
790 4614 867 4684 τῷ
910 4613 1028 4684 3εῷ
1074 4614 1182 4666 τῶν
1225 4615 1360 4667 ὅλων
1398 4613 1759 4683 δεδηλωμένα.

181 4712 412 4779 Ἐκείνῳ
442 4708 552 4780 γὰρ
597 4708 694 4777 ζῇν
730 4708 873 4777 μόνῳ
903 4707 1244 4776 βουλόμενος,
1292 4706 1391 4776 τῆς
1418 4706 1763 4776 ἀνθρωπίνης

180 4804 240 4855 ού
276 4800 617 4870 πεφρόντικα
648 4798 827 4863 δόξης.
850 4796 915 4848 Τί
936 4796 1045 4867 γὰρ
1066 4796 1277 4864 ὄφελος,
1306 4798 1355 4849 εἰ
1379 4793 1523 4872 οζλτοι
1551 4796 1649 4867 μέν
1674 4814 1762 4866 μοι

182 4893 409 4945 πλείονα
450 4891 731 4956 συγγνοῖεν
770 4888 1022 4957 ἄσκησιν,
1064 4890 1092 4939 δ
1131 4887 1189 4939 δὲ
1235 4888 1365 4951 Θεὸς
1408 4889 1635 4957 μείονα;
1670 4886 1762 4941 τοῦ

182 4988 291 5055 γαρ
317 4982 462 5051 ὑπὲρ
491 4982 598 5034 τῶν
639 4980 815 5033 πόνων
845 4979 1036 5048 μισθοῦ
1064 4980 1160 5049 ούχ
1192 4976 1335 5034 οὗτοι
1359 4980 1603 5050 δοτῆρες,
1648 4980 1762 5034 ἀλλ’

180 5080 207 5130 ὸ
246 5076 384 5137 Θεὸς
435 5073 690 5144 χορηγός.
721 5091 738 5121 ι
775 5072 869 5135 Τίς
914 5071 1091 5124 τοίνυν
1133 5072 1232 5124 οὐκ
1260 5072 1325 5125 ἂν
1358 5074 1763 5144 ύπεραγασθείη

182 5165 279 5217 καὶ
325 5166 455 5225 τοτδς
505 5160 717 5228 λόγους,
765 5162 859 5213 καὶ
908 5160 998 5212 τὸν
1028 5162 1153 5224 τοὺς
1196 5161 1387 5229 λόγους
1430 5164 1765 5234 γεννήσαντα

181 5253 330 5314 νοῦν.
345 5252 493 5306 οὕτω
511 5251 668 5321 δόξης
684 5250 1031 5320 ἀνθρωπίνης
1047 5252 1413 5321 γεγενημένον
1436 5252 1535 5305 ὑπέ
1546 5270 1754 5325 ρτερον;

183 5344 442 5399 Τοιοῦτόν
507 5360 560 5394 τι
626 5342 722 5394 καὶ
774 5341 959 5396 ἄλλοτε
1018 5342 1382 5412 γεγενημένον
1444 5344 1759 5415 μεμάθηκα.

194 5437 443 5507 Ἐσπέρα
488 5429 577 5505 ἦν,
612 5435 707 5487 καὶ
747 5433 955 5505 ἑσπέρα
994 5432 1205 5503 βαθεῖα,
1243 5434 1338 5487 καὶ
1375 5435 1475 5505 τῆς
1506 5437 1709 5505 τροφῆς
1736 5438 1763 5489 ὁ

187 5526 403 5597 καιρός.
457 5523 650 5578 Λαϐὼν
700 5524 879 5577 τοίνυν
911 5524 970 5577 τὸ
1022 5524 1425 5595 παρακείμενον
1475 5525 1760 5598 δστρακον,

188 5620 279 5674 τοῦ
308 5618 605 5689 βραχέντος
635 5617 811 5685 φακοῦ
847 5616 1253 5687 μετελάμϐανε·
1284 5617 1485 5688 ταύτην
1512 5619 1619 5690 γὰρ
1648 5614 1760 5690 εἶχε

189 5713 285 5783 τὴν
310 5710 539 5781 τροφήν.
574 5704 717 5762 Ἦκε
745 5709 801 5762 δέ
822 5727 902 5771 τις
926 5709 1033 5763 ἀπὸ
1066 5708 1158 5761 τοῦ
1194 5711 1423 5774 ἄστεως,
1478 5712 1762 5781 εῐσπραξίν

186 5818 305 5857 τινα
360 5799 757 5871 στρατιωτικὴν
800 5800 1323 5870 ὲμπεπιστευμὲνος.
1354 5801 1410 5855 Ὀ
1428 5802 1480 5854 δὲ
1513 5803 1605 5856 καὶ
1632 5804 1759 5875 πόρ-

1863 4637 1967 4692 que
1998 4620 2216 4675 edendi.
2248 4620 2477 4688 Arrepta
2510 4632 2641 4686 ergo
2670 4624 2810 4671 testa
2864 4614 3137 4683 apposita,
3189 4610 3430 4665 madefa-

1863 4724 2005 4768 ctam
2029 4714 2227 4766 lentem
2253 4712 2520 4779 sumpsit:
2549 4710 2651 4763 hoc
2671 4708 2792 4762 cibo
2806 4706 3149 4762 vescebatur.
3172 4702 3434 4757 Veniebat

1865 4814 2043 4858 autem
2078 4810 2189 4855 tum
2220 4816 2283 4855 ex
2317 4802 2452 4855 urbe
2476 4799 2719 4870 quidam,
2764 4797 2854 4852 cui
2890 4795 3147 4850 militaris
3184 4794 3431 4863 qua-dam

1864 4894 2157 4952 commissa
2193 4893 2373 4947 fuerat
2424 4892 2661 4946 exactio.
2700 4888 2858 4944 littuc
2888 4888 3275 4941 adventantem
3309 4898 3434 4955 pro.

1864 4988 1952 5044 cul
1991 5001 2247 5048 cernens,
2296 4985 2493 5038 lentem
2543 4998 2654 5036 non
2683 4979 2960 5050 deposuit,
2994 4978 3089 5034 sed
3151 4977 3331 5031 cibum
3368 4975 3436 5029 de

1863 5094 2013 5133 more
2031 5076 2300 5146 capiebat.
2329 5074 2533 5128 Etcum
2561 5070 2821 5125 dzemonis
2850 5082 3128 5139 spectrum
3149 5082 3275 5122 esse
3302 5080 3435 5119 con-

1861 5168 2069 5239 jit'eret,
2102 5166 2283 5222 verbis
2314 5164 2687 5221 insectabatur
2733 5170 2793 5216 ut
2826 5163 3058 5222 hostem,
3089 5173 3152 5212 ac
3204 5158 3336 5211 nihil
3363 5159 3433 5211 ti-

1865 5275 2014 5316 mere
2046 5274 2105 5314 se
2127 5258 2442 5318 ostendens,
2475 5257 2675 5310 lentem
2707 5254 2931 5308 interim
2958 5252 3043 5306 ori
3079 5251 3429 5305 admovebat.

1863 5349 2199 5406 Obsecrabat
2228 5359 2410 5403 autem
2445 5347 2537 5414 qui
2576 5346 2847 5401 conviciis
2874 5344 3253 5414 appetebatur,
3289 5351 3339 5395 et
3376 5358 3434 5397 se

1865 5442 2277 5496 bomiuemesse
2300 5439 2623 5505 allirtnabat,
2648 5437 3050 5505 astrictutnque
3068 5435 3434 5505 jurejurando

1863 5533 2008 5604 quod
2035 5548 2102 5587 ex
2143 5532 2275 5586 urbe
2296 5541 2424 5585 ante
2464 5545 2745 5600 vesperam
2783 5528 3107 5590 discederet,
3159 5527 3263 5581 hoc
3292 5536 3429 5579 tem-

1868 5642 1998 5696 pore
2030 5625 2267 5679 venisse.
2306 5622 2427 5689 Ipse
2450 5638 2603 5684 vero,
2654 5642 2670 5673 ι
2707 5621 2854 5675 Bono
2882 5621 2960 5675 sis
2990 5620 3196 5681 animo.
3234 5618 3433 5689 inquit,

1866 5734 1967 5773 nec
1994 5718 2210 5777 timeas.
2239 5716 2332 5771 sed
2366 5733 2461 5770 ora
2496 5727 2549 5771 et
2574 5716 2684 5770 abi.
2739 5713 2951 5769 Mecum
2982 5721 3159 5767 autem
3186 5713 3430 5781 epulare.

1867 5817 1920 5865 ct
1989 5808 2157 5879 dapes
2196 5807 2498 5877 partiripa:
2554 5826 2569 5858 ι
2611 5816 2663 5862 et
2695 5807 2809 5862 lucc
2860 5806 3046 5860 dicens
3090 5803 3288 5859 lentem
3355 5799 3431 5855 illi
