  <div class='ocr_page' id='page_1' title='image "/cluster/home/n/w/nwhite01/storage/ocr_20150623/82/nnc1.0046979700/765.png"; bbox 0 0 4216 6456; ppageno 0'>
   <div class='ocr_carea' id='block_1_1' title="bbox 736 372 869 434">
    <p class='ocr_par' dir='ltr' id='par_1_1' title="bbox 736 372 869 434">
     <span class='ocr_line' id='line_1_1' title="bbox 736 372 869 434; baseline 0.015 -2"><span class='ocrx_word' id='word_1_1' title='bbox 736 372 869 434; x_wconf 74' lang='lat'>1439</span> 
     </span>
    </p>
   </div>
   <div class='ocr_carea' id='block_1_2' title="bbox 1761 368 3002 435">
    <p class='ocr_par' dir='ltr' id='par_1_2' title="bbox 1761 368 3002 435">
     <span class='ocr_line' id='line_1_2' title="bbox 1761 368 3002 435; baseline 0.001 -3"><span class='ocrx_word' id='word_1_2' title='bbox 1761 368 2246 434; x_wconf 78' lang='lat' dir='ltr'>&#39;l&#39;llEODORETI</span> <span class='ocrx_word' id='word_1_3' title='bbox 2274 370 2611 432; x_wconf 85' lang='lat' dir='ltr'>EPISCOPI</span> <span class='ocrx_word' id='word_1_4' title='bbox 2635 373 3002 435; x_wconf 81' lang='lat' dir='ltr'>CYRENSIS</span> 
     </span>
    </p>
   </div>
   <div class='ocr_carea' id='block_1_3' title="bbox 3853 369 3993 435">
    <p class='ocr_par' dir='ltr' id='par_1_3' title="bbox 3853 369 3993 435">
     <span class='ocr_line' id='line_1_3' title="bbox 3853 369 3993 435; baseline 0.014 -2"><span class='ocrx_word' id='word_1_5' title='bbox 3853 369 3993 435; x_wconf 69' lang='grc'>1440</span> 
     </span>
    </p>
   </div>
   <div class='ocr_carea' id='block_1_4' title="bbox 735 486 2339 561">
    <p class='ocr_par' dir='ltr' id='par_1_4' title="bbox 735 489 2339 561">
     <span class='ocr_line' id='line_1_4' title="bbox 735 489 2339 561; baseline 0.001 -20"><span class='ocrx_word' id='word_1_6' title='bbox 735 494 888 558; x_wconf 81' lang='lat' dir='ltr'><strong>plena</strong></span> <span class='ocrx_word' id='word_1_7' title='bbox 923 506 1085 543; x_wconf 87' lang='lat' dir='ltr'><strong>manu</strong></span> <span class='ocrx_word' id='word_1_8' title='bbox 1147 491 1433 559; x_wconf 74' lang='lat' dir='ltr'>impertiit.</span> <span class='ocrx_word' id='word_1_9' title='bbox 1487 491 1578 547; x_wconf 80' lang='lat' dir='ltr'><strong>Sic</strong></span> <span class='ocrx_word' id='word_1_10' title='bbox 1619 491 1816 547; x_wconf 69' lang='lat' dir='ltr'><strong>inanis</strong></span> <span class='ocrx_word' id='word_1_11' title='bbox 1867 492 2057 561; x_wconf 61' lang='lat' dir='ltr'><strong>gloriae</strong></span> <span class='ocrx_word' id='word_1_12' title='bbox 2108 489 2339 551; x_wconf 42' lang='lat' dir='ltr'><strong>vitium,</strong></span> 
     </span>
    </p>
   </div>
   <div class='ocr_carea' id='block_1_5' title="bbox 2435 486 3990 561">
    <p class='ocr_par' dir='ltr' id='par_1_5' title="bbox 2435 486 3990 559">
     <span class='ocr_line' id='line_1_5' title="bbox 2435 486 3990 559; baseline 0 -19"><span class='ocrx_word' id='word_1_13' title='bbox 2435 490 2585 543; x_wconf 69' lang='lat' dir='ltr'><strong>iwesv</strong></span> <span class='ocrx_word' id='word_1_14' title='bbox 2622 490 2783 543; x_wconf 75' lang='grc' dir='ltr'>αὑτὸν</span> <span class='ocrx_word' id='word_1_15' title='bbox 2832 491 3187 559; x_wconf 80' lang='grc' dir='ltr'>θεασάμενος,</span> <span class='ocrx_word' id='word_1_16' title='bbox 3234 489 3333 543; x_wconf 83' lang='grc' dir='ltr'>οὐκ</span> <span class='ocrx_word' id='word_1_17' title='bbox 3365 487 3602 544; x_wconf 76' lang='grc' dir='ltr'>ἀπέθετο</span> <span class='ocrx_word' id='word_1_18' title='bbox 3660 486 3752 542; x_wconf 84' lang='grc' dir='ltr'>τδν</span> <span class='ocrx_word' id='word_1_19' title='bbox 3795 488 3990 557; x_wconf 78' lang='grc' dir='ltr'>φακὸν,</span> 
     </span>
    </p>
   </div>
   <div class='ocr_carea' id='block_1_6' title="bbox 914 582 2305 639">
    <p class='ocr_par' dir='ltr' id='par_1_6' title="bbox 914 582 2305 639">
     <span class='ocr_line' id='line_1_6' title="bbox 914 582 2305 639; baseline 0.004 -7"><span class='ocrx_word' id='word_1_20' title='bbox 914 582 1037 634; x_wconf 88' lang='lat' dir='ltr'><strong>aliis</strong></span> <span class='ocrx_word' id='word_1_21' title='bbox 1083 597 1147 635; x_wconf 85' lang='lat' dir='ltr'>ex</span> <span class='ocrx_word' id='word_1_22' title='bbox 1212 584 1397 636; x_wconf 90' lang='lat' dir='ltr'><strong>animo</strong></span> <span class='ocrx_word' id='word_1_23' title='bbox 1459 584 1864 639; x_wconf 76' lang='lat' dir='ltr'>exterminavit.</span> <span class='ocrx_word' id='word_1_24' title='bbox 1905 582 1979 639; x_wconf 91' lang='lat' dir='ltr'>De</span> <span class='ocrx_word' id='word_1_25' title='bbox 2018 583 2305 638; x_wconf 77' lang='lat' dir='ltr'>tolerantia</span> 
     </span>
    </p>
   </div>
   <div class='ocr_carea' id='block_1_7' title="bbox 732 670 2309 743">
    <p class='ocr_par' dir='ltr' id='par_1_7' title="bbox 732 670 2309 743">
     <span class='ocr_line' id='line_1_7' title="bbox 732 670 2309 743; baseline 0.004 -20"><span class='ocrx_word' id='word_1_26' title='bbox 732 682 910 725; x_wconf 73' lang='lat' dir='ltr'><strong>autem</strong></span> <span class='ocrx_word' id='word_1_27' title='bbox 951 687 1352 741; x_wconf 80' lang='lat' dir='ltr'><strong>supervacuum</strong></span> <span class='ocrx_word' id='word_1_28' title='bbox 1386 686 1470 732; x_wconf 82' lang='lat' dir='ltr'>est</span> <span class='ocrx_word' id='word_1_29' title='bbox 1489 676 1695 741; x_wconf 80' lang='lat' dir='ltr'>dicere,</span> <span class='ocrx_word' id='word_1_30' title='bbox 1721 691 1847 731; x_wconf 91' lang='lat' dir='ltr'>cum</span> <span class='ocrx_word' id='word_1_31' title='bbox 1871 670 2027 731; x_wconf 84' lang='lat' dir='ltr'><strong>visus</strong></span> <span class='ocrx_word' id='word_1_32' title='bbox 2055 676 2173 743; x_wconf 90' lang='lat' dir='ltr'><strong>ipse</strong></span> <span class='ocrx_word' id='word_1_33' title='bbox 2198 684 2309 730; x_wconf 86' lang='lat' dir='ltr'><strong>tes-</strong></span> 
     </span>
    </p>
   </div>
   <div class='ocr_carea' id='block_1_8' title="bbox 737 763 2311 838">
    <p class='ocr_par' dir='ltr' id='par_1_8' title="bbox 737 763 2311 838">
     <span class='ocr_line' id='line_1_8' title="bbox 737 763 2311 838; baseline 0.004 -24"><span class='ocrx_word' id='word_1_34' title='bbox 737 775 897 817; x_wconf 81' lang='lat' dir='ltr'><strong>lelttl‘.</strong></span> <span class='ocrx_word' id='word_1_35' title='bbox 930 763 1065 819; x_wconf 80' lang='lat' dir='ltr'><strong>Tres</strong></span> <span class='ocrx_word' id='word_1_36' title='bbox 1084 766 1232 820; x_wconf 75' lang='lat' dir='ltr'><strong>enim</strong></span> <span class='ocrx_word' id='word_1_37' title='bbox 1280 784 1423 838; x_wconf 58' lang='lat' dir='ltr'><strong>sape</strong></span> <span class='ocrx_word' id='word_1_38' title='bbox 1446 770 1565 823; x_wconf 83' lang='lat' dir='ltr'><strong>dies</strong></span> <span class='ocrx_word' id='word_1_39' title='bbox 1596 769 1931 837; x_wconf 86' lang='lat' dir='ltr'>totidemque</span> <span class='ocrx_word' id='word_1_40' title='bbox 1959 774 2153 822; x_wconf 89' lang='lat' dir='ltr'><strong>noctes</strong></span> <span class='ocrx_word' id='word_1_41' title='bbox 2190 767 2311 821; x_wconf 89' lang='lat' dir='ltr'><strong>nive</strong></span> 
     </span>
    </p>
   </div>
   <div class='ocr_carea' id='block_1_9' title="bbox 736 854 2313 931">
    <p class='ocr_par' dir='ltr' id='par_1_9' title="bbox 736 854 2313 931">
     <span class='ocr_line' id='line_1_9' title="bbox 736 854 2313 931; baseline 0.001 -22"><span class='ocrx_word' id='word_1_42' title='bbox 736 854 959 923; x_wconf 70' lang='lat' dir='ltr'><strong>delapsa</strong></span> <span class='ocrx_word' id='word_1_43' title='bbox 995 872 1075 911; x_wconf 80' lang='lat' dir='ltr'>SIC</span> <span class='ocrx_word' id='word_1_44' title='bbox 1131 859 1365 914; x_wconf 78' lang='lat' dir='ltr'><strong>obrutus</strong></span> <span class='ocrx_word' id='word_1_45' title='bbox 1395 870 1499 924; x_wconf 85' lang='lat' dir='ltr'><strong>est,</strong></span> <span class='ocrx_word' id='word_1_46' title='bbox 1549 876 1757 931; x_wconf 89' lang='lat' dir='ltr'><strong>pronus</strong></span> <span class='ocrx_word' id='word_1_47' title='bbox 1785 861 1999 930; x_wconf 87' lang='lat' dir='ltr'><strong>jacens,</strong></span> <span class='ocrx_word' id='word_1_48' title='bbox 2031 858 2313 927; x_wconf 91' lang='lat' dir='ltr'><strong>Deumque</strong></span> 
     </span>
    </p>
   </div>
   <div class='ocr_carea' id='block_1_10' title="bbox 737 950 2313 1022">
    <p class='ocr_par' dir='ltr' id='par_1_10' title="bbox 737 950 2313 1022">
     <span class='ocr_line' id='line_1_10' title="bbox 737 950 2313 1022; baseline 0.004 -23"><span class='ocrx_word' id='word_1_49' title='bbox 737 961 923 1010; x_wconf 77' lang='lat' dir='ltr'><strong>orans,</strong></span> <span class='ocrx_word' id='word_1_50' title='bbox 962 957 1020 1001; x_wconf 93' lang='lat' dir='ltr'><strong>ut</strong></span> <span class='ocrx_word' id='word_1_51' title='bbox 1054 966 1158 1005; x_wconf 86' lang='lat' dir='ltr'>nec</span> <span class='ocrx_word' id='word_1_52' title='bbox 1193 953 1413 1005; x_wconf 86' lang='lat' dir='ltr'><strong>minima</strong></span> <span class='ocrx_word' id='word_1_53' title='bbox 1445 968 1570 1022; x_wconf 89' lang='lat' dir='ltr'><strong>pars</strong></span> <span class='ocrx_word' id='word_1_54' title='bbox 1612 950 1920 1022; x_wconf 78' lang='lat' dir='ltr'><strong>pannorum</strong></span> <span class='ocrx_word' id='word_1_55' title='bbox 1973 952 2093 1021; x_wconf 85' lang='lat' dir='ltr'><strong>ejus</strong></span> <span class='ocrx_word' id='word_1_56' title='bbox 2121 965 2313 1005; x_wconf 88' lang='lat' dir='ltr'><strong>cerne-</strong></span> 
     </span>
    </p>
   </div>
   <div class='ocr_carea' id='block_1_11' title="bbox 738 1040 2314 1116">
    <p class='ocr_par' dir='ltr' id='par_1_11' title="bbox 738 1040 2314 1116">
     <span class='ocr_line' id='line_1_11' title="bbox 738 1040 2314 1116; baseline 0.005 -28"><span class='ocrx_word' id='word_1_57' title='bbox 738 1041 911 1091; x_wconf 79' lang='lat' dir='ltr'><strong>retur.</strong></span> <span class='ocrx_word' id='word_1_58' title='bbox 933 1040 1086 1109; x_wconf 80' lang='lat' dir='ltr'><strong>Saepe</strong></span> <span class='ocrx_word' id='word_1_59' title='bbox 1111 1043 1273 1095; x_wconf 90' lang='lat' dir='ltr'><strong>etiam</strong></span> <span class='ocrx_word' id='word_1_60' title='bbox 1305 1047 1541 1100; x_wconf 83' lang='lat' dir='ltr'><strong>sarculis</strong></span> <span class='ocrx_word' id='word_1_61' title='bbox 1574 1046 1961 1116; x_wconf 81' lang='lat' dir='ltr'><strong>ligonibusque</strong></span> <span class='ocrx_word' id='word_1_62' title='bbox 1995 1043 2314 1113; x_wconf 83' lang='lat' dir='ltr'><strong>impositam</strong></span> 
     </span>
    </p>
   </div>
   <div class='ocr_carea' id='block_1_12' title="bbox 739 1130 2315 1209">
    <p class='ocr_par' dir='ltr' id='par_1_12' title="bbox 739 1130 2315 1209">
     <span class='ocr_line' id='line_1_12' title="bbox 739 1130 2315 1209; baseline 0.004 -27"><span class='ocrx_word' id='word_1_63' title='bbox 739 1130 919 1183; x_wconf 83' lang='lat' dir='ltr'><strong>nivem</strong></span> <span class='ocrx_word' id='word_1_64' title='bbox 953 1134 1276 1189; x_wconf 85' lang='lat' dir='ltr'><strong>amolientes</strong></span> <span class='ocrx_word' id='word_1_65' title='bbox 1315 1138 1481 1191; x_wconf 90' lang='lat' dir='ltr'><strong>vicini</strong></span> <span class='ocrx_word' id='word_1_66' title='bbox 1516 1139 1642 1193; x_wconf 88' lang='lat' dir='ltr'><strong>.hoe</strong></span> <span class='ocrx_word' id='word_1_67' title='bbox 1676 1138 1839 1193; x_wconf 93' lang='lat' dir='ltr'><strong>modo</strong></span> <span class='ocrx_word' id='word_1_68' title='bbox 1895 1137 2169 1209; x_wconf 76' lang='lat' dir='ltr'><strong>iacentem</strong></span> <span class='ocrx_word' id='word_1_69' title='bbox 2205 1136 2315 1191; x_wconf 88' lang='lat' dir='ltr'><strong>eri-</strong></span> 
     </span>
    </p>
   </div>
   <div class='ocr_carea' id='block_1_13' title="bbox 743 1222 1269 1286">
    <p class='ocr_par' dir='ltr' id='par_1_13' title="bbox 743 1222 1269 1286">
     <span class='ocr_line' id='line_1_13' title="bbox 743 1222 1269 1286; baseline 0.017 -15"><span class='ocrx_word' id='word_1_70' title='bbox 743 1222 899 1286; x_wconf 77' lang='lat' dir='ltr'><strong>piunt</strong></span> <span class='ocrx_word' id='word_1_71' title='bbox 922 1234 968 1276; x_wconf 85' lang='lat' dir='ltr'>cl</span> <span class='ocrx_word' id='word_1_72' title='bbox 1004 1227 1269 1280; x_wconf 76' lang='lat' dir='ltr'><strong>excitant.</strong></span> 
     </span>
    </p>
   </div>
   <div class='ocr_carea' id='block_1_14' title="bbox 735 598 856 633">
    <p class='ocr_par' dir='ltr' id='par_1_14' title="bbox 735 598 856 633">
     <span class='ocr_line' id='line_1_14' title="bbox 735 598 856 633; baseline -0.008 0"><span class='ocrx_word' id='word_1_73' title='bbox 735 598 856 633; x_wconf 64' lang='grc' dir='ltr'>(118ιὶ</span> 
     </span>
    </p>
   </div>
   <div class='ocr_carea' id='block_1_15' title="bbox 2414 580 3996 653">
    <p class='ocr_par' dir='ltr' id='par_1_15' title="bbox 2414 580 3996 653">
     <span class='ocr_line' id='line_1_15' title="bbox 2414 580 3996 653; baseline -0.001 -18"><span class='ocrx_word' id='word_1_74' title='bbox 2414 580 2548 635; x_wconf 76' lang='grc' dir='ltr'>ἀλλά</span> <span class='ocrx_word' id='word_1_75' title='bbox 2602 582 2846 653; x_wconf 76' lang='grc' dir='ltr'>συνήθως</span> <span class='ocrx_word' id='word_1_76' title='bbox 2878 582 3298 653; x_wconf 81' lang='grc' dir='ltr'>,παρεπέμπετο</span> <span class='ocrx_word' id='word_1_77' title='bbox 3354 582 3581 653; x_wconf 80' lang='grc' dir='ltr'>τροφήν.</span> <span class='ocrx_word' id='word_1_78' title='bbox 3646 580 3996 651; x_wconf 85' lang='grc' dir='ltr'>Δαίμονοςδέ</span> 
     </span>
    </p>
   </div>
   <div class='ocr_carea' id='block_1_16' title="bbox 2416 673 3997 745">
    <p class='ocr_par' dir='ltr' id='par_1_16' title="bbox 2416 673 3997 745">
     <span class='ocr_line' id='line_1_16' title="bbox 2416 673 3997 745; baseline -0.001 -18"><span class='ocrx_word' id='word_1_79' title='bbox 2416 676 2715 744; x_wconf 72' lang='grc' dir='ltr'>φαντασίαν</span> <span class='ocrx_word' id='word_1_80' title='bbox 2746 674 3051 738; x_wconf 78' lang='grc' dir='ltr'>ὑπολαϐὼν,</span> <span class='ocrx_word' id='word_1_81' title='bbox 3092 673 3268 741; x_wconf 78' lang='grc' dir='ltr'>λόγοις</span> <span class='ocrx_word' id='word_1_82' title='bbox 3322 674 3533 745; x_wconf 77' lang='grc' dir='ltr'>βάλλων</span> <span class='ocrx_word' id='word_1_83' title='bbox 3587 674 3897 743; x_wconf 78' lang='grc' dir='ltr'>ἀπήλαυνεν</span> <span class='ocrx_word' id='word_1_84' title='bbox 3920 673 3997 735; x_wconf 81' lang='grc' dir='ltr'>ὡς</span> 
     </span>
    </p>
   </div>
   <div class='ocr_carea' id='block_1_17' title="bbox 2418 764 3999 838">
    <p class='ocr_par' dir='ltr' id='par_1_17' title="bbox 2418 764 3999 838">
     <span class='ocr_line' id='line_1_17' title="bbox 2418 764 3999 838; baseline -0.001 -19"><span class='ocrx_word' id='word_1_85' title='bbox 2418 766 2676 837; x_wconf 78' lang='grc' dir='ltr'>πολέμιον</span> <span class='ocrx_word' id='word_1_86' title='bbox 2710 784 2723 797; x_wconf 90' lang='grc'>·</span> <span class='ocrx_word' id='word_1_87' title='bbox 2760 767 2855 820; x_wconf 75' lang='grc' dir='ltr'>καὶ</span> <span class='ocrx_word' id='word_1_88' title='bbox 2900 765 3114 830; x_wconf 83' lang='grc' dir='ltr'>δεικνὺς</span> <span class='ocrx_word' id='word_1_89' title='bbox 3142 767 3216 830; x_wconf 85' lang='grc' dir='ltr'>ὡς</span> <span class='ocrx_word' id='word_1_90' title='bbox 3243 768 3305 819; x_wconf 85' lang='grc' dir='ltr'><strong>οὐ</strong></span> <span class='ocrx_word' id='word_1_91' title='bbox 3332 766 3490 830; x_wconf 81' lang='grc' dir='ltr'>δέδιε,</span> <span class='ocrx_word' id='word_1_92' title='bbox 3527 765 3733 838; x_wconf 82' lang='grc' dir='ltr'>μεταξὺ</span> <span class='ocrx_word' id='word_1_93' title='bbox 3768 765 3846 835; x_wconf 82' lang='grc' dir='ltr'>τῷ</span> <span class='ocrx_word' id='word_1_94' title='bbox 3875 764 3999 817; x_wconf 80' lang='grc' dir='ltr'>στό-</span> 
     </span>
    </p>
   </div>
   <div class='ocr_carea' id='block_1_18' title="bbox 2424 856 4002 932">
    <p class='ocr_par' dir='ltr' id='par_1_18' title="bbox 2424 856 4002 932">
     <span class='ocr_line' id='line_1_18' title="bbox 2424 856 4002 932; baseline -0.001 -18"><span class='ocrx_word' id='word_1_95' title='bbox 2424 878 2553 931; x_wconf 86' lang='grc' dir='ltr'>ματι</span> <span class='ocrx_word' id='word_1_96' title='bbox 2599 861 2906 932; x_wconf 80' lang='grc' dir='ltr'>προσέφερε</span> <span class='ocrx_word' id='word_1_97' title='bbox 2953 860 3045 913; x_wconf 81' lang='grc' dir='ltr'>τὸν</span> <span class='ocrx_word' id='word_1_98' title='bbox 3101 856 3293 929; x_wconf 82' lang='grc' dir='ltr'>φακόν.</span> <span class='ocrx_word' id='word_1_99' title='bbox 3333 860 3566 914; x_wconf 80' lang='grc' dir='ltr'>’ῐκέτευε</span> <span class='ocrx_word' id='word_1_100' title='bbox 3614 860 3673 913; x_wconf 83' lang='grc' dir='ltr'>δέ</span> <span class='ocrx_word' id='word_1_101' title='bbox 3728 876 3791 929; x_wconf 84' lang='grc' dir='ltr'>γε</span> <span class='ocrx_word' id='word_1_102' title='bbox 3818 862 3848 913; x_wconf 88' lang='grc' dir='ltr'>ὁ</span> <span class='ocrx_word' id='word_1_103' title='bbox 3876 862 4002 923; x_wconf 83' lang='grc' dir='ltr'>ταῖς</span> 
     </span>
    </p>
   </div>
   <div class='ocr_carea' id='block_1_19' title="bbox 2418 944 4000 1023">
    <p class='ocr_par' dir='ltr' id='par_1_19' title="bbox 2418 944 4000 1023">
     <span class='ocr_line' id='line_1_19' title="bbox 2418 944 4000 1023; baseline -0.001 -18"><span class='ocrx_word' id='word_1_104' title='bbox 2418 944 3073 1023; x_wconf 80' lang='grc' dir='ltr'>λοιδορίαιςβαλλόμενος,</span> <span class='ocrx_word' id='word_1_105' title='bbox 3110 954 3204 1006; x_wconf 68' lang='grc' dir='ltr'>καὶ</span> <span class='ocrx_word' id='word_1_106' title='bbox 3236 952 3524 1019; x_wconf 76' lang='grc' dir='ltr'>ἄνθρωπος</span> <span class='ocrx_word' id='word_1_107' title='bbox 3558 955 3797 1022; x_wconf 74' lang='grc' dir='ltr'>ἔφασκεν</span> <span class='ocrx_word' id='word_1_108' title='bbox 3833 947 4000 1019; x_wconf 71' lang='grc' dir='ltr'>εἶναι,</span> 
     </span>
    </p>
   </div>
   <div class='ocr_carea' id='block_1_20' title="bbox 2388 1044 4005 1120">
    <p class='ocr_par' dir='ltr' id='par_1_20' title="bbox 2388 1044 4005 1120">
     <span class='ocr_line' id='line_1_20' title="bbox 2388 1044 4005 1120; baseline -0.001 -21"><span class='ocrx_word' id='word_1_109' title='bbox 2388 1117 2391 1120; x_wconf 6' lang='grc' dir='ltr'>γ</span> <span class='ocrx_word' id='word_1_110' title='bbox 2423 1045 2518 1099; x_wconf 78' lang='grc' dir='ltr'>καὶ</span> <span class='ocrx_word' id='word_1_111' title='bbox 2546 1044 2620 1109; x_wconf 81' lang='grc' dir='ltr'>ὡς</span> <span class='ocrx_word' id='word_1_112' title='bbox 2649 1046 2796 1116; x_wconf 85' lang='grc' dir='ltr'>ὅρκῳ</span> <span class='ocrx_word' id='word_1_113' title='bbox 2824 1046 2932 1099; x_wconf 79' lang='grc' dir='ltr'>τινὶ</span> <span class='ocrx_word' id='word_1_114' title='bbox 2959 1046 3326 1117; x_wconf 76' lang='grc' dir='ltr'>προσληφθεὶς</span> <span class='ocrx_word' id='word_1_115' title='bbox 3360 1045 3465 1118; x_wconf 75' lang='grc' dir='ltr'>πρὸ</span> <span class='ocrx_word' id='word_1_116' title='bbox 3486 1047 3723 1117; x_wconf 76' lang='grc' dir='ltr'>ἑσπέρας</span> <span class='ocrx_word' id='word_1_117' title='bbox 3744 1045 4005 1115; x_wconf 81' lang='grc' dir='ltr'>ἀπαίρειν</span> 
     </span>
    </p>
   </div>
   <div class='ocr_carea' id='block_1_21' title="bbox 2424 1130 4002 1205">
    <p class='ocr_par' dir='ltr' id='par_1_21' title="bbox 2424 1130 4002 1205">
     <span class='ocr_line' id='line_1_21' title="bbox 2424 1130 4002 1205; baseline -0.004 -15"><span class='ocrx_word' id='word_1_118' title='bbox 2424 1136 2523 1205; x_wconf 82' lang='grc' dir='ltr'>τῆς</span> <span class='ocrx_word' id='word_1_119' title='bbox 2564 1135 2790 1198; x_wconf 89' lang='grc' dir='ltr'>πόλεως,</span> <span class='ocrx_word' id='word_1_120' title='bbox 2811 1135 2952 1189; x_wconf 83' lang='grc' dir='ltr'>κατά</span> <span class='ocrx_word' id='word_1_121' title='bbox 2982 1135 3169 1189; x_wconf 82' lang='grc' dir='ltr'>τοῦτον</span> <span class='ocrx_word' id='word_1_122' title='bbox 3200 1134 3448 1199; x_wconf 73' lang='grc' dir='ltr'>ἀφίκοιτο</span> <span class='ocrx_word' id='word_1_123' title='bbox 3466 1133 3555 1187; x_wconf 71' lang='grc' dir='ltr'>τὸν</span> <span class='ocrx_word' id='word_1_124' title='bbox 3576 1133 3787 1203; x_wconf 87' lang='grc' dir='ltr'>καιρόν.</span> <span class='ocrx_word' id='word_1_125' title='bbox 3821 1134 3884 1185; x_wconf 83' lang='lat'>&#39;0</span> <span class='ocrx_word' id='word_1_126' title='bbox 3903 1130 3963 1184; x_wconf 85' lang='grc' dir='ltr'>δέ</span> <span class='ocrx_word' id='word_1_127' title='bbox 3989 1149 4002 1161; x_wconf 92' lang='grc'><strong>·</strong></span> 
     </span>
    </p>
   </div>
   <div class='ocr_carea' id='block_1_22' title="bbox 2432 1224 4007 1298">
    <p class='ocr_par' dir='ltr' id='par_1_22' title="bbox 2432 1224 4007 1298">
     <span class='ocr_line' id='line_1_22' title="bbox 2432 1224 4007 1298; baseline 0 -22"><span class='ocrx_word' id='word_1_128' title='bbox 2432 1245 2449 1276; x_wconf 85' lang='grc' dir='ltr'>ι</span> <span class='ocrx_word' id='word_1_129' title='bbox 2478 1226 2701 1297; x_wconf 84' lang='grc' dir='ltr'>Θάρσει,</span> <span class='ocrx_word' id='word_1_130' title='bbox 2733 1225 2858 1297; x_wconf 78' lang='grc' dir='ltr'>ἔφη,</span> <span class='ocrx_word' id='word_1_131' title='bbox 2891 1226 2985 1280; x_wconf 70' lang='grc' dir='ltr'>καὶ</span> <span class='ocrx_word' id='word_1_132' title='bbox 3022 1227 3098 1298; x_wconf 80' lang='grc' dir='ltr'>μὴ</span> <span class='ocrx_word' id='word_1_133' title='bbox 3136 1225 3338 1298; x_wconf 82' lang='grc' dir='ltr'>δείσῃς,</span> <span class='ocrx_word' id='word_1_134' title='bbox 3374 1225 3510 1279; x_wconf 84' lang='grc' dir='ltr'>ἀλλά</span> <span class='ocrx_word' id='word_1_135' title='bbox 3563 1224 4007 1296; x_wconf 79' lang='grc' dir='ltr'>προσευξάμενος</span> 
     </span>
    </p>
   </div>
   <div class='ocr_carea' id='block_1_23' title="bbox 742 1311 4007 1391">
    <p class='ocr_par' dir='ltr' id='par_1_23' title="bbox 742 1311 4007 1391">
     <span class='ocr_line' id='line_1_23' title="bbox 742 1311 4007 1391; baseline 0.001 -28"><span class='ocrx_word' id='word_1_136' title='bbox 742 1311 916 1367; x_wconf 75' lang='grc' dir='ltr'>ἄπιθι.</span> <span class='ocrx_word' id='word_1_137' title='bbox 950 1316 1112 1369; x_wconf 86' lang='grc' dir='ltr'>Γενοῦ</span> <span class='ocrx_word' id='word_1_138' title='bbox 1140 1319 1197 1371; x_wconf 77' lang='grc' dir='ltr'>δέ</span> <span class='ocrx_word' id='word_1_139' title='bbox 1226 1336 1315 1389; x_wconf 84' lang='grc' dir='ltr'>μοι</span> <span class='ocrx_word' id='word_1_140' title='bbox 1352 1319 1447 1372; x_wconf 74' lang='grc' dir='ltr'>καὶ</span> <span class='ocrx_word' id='word_1_141' title='bbox 1498 1318 1770 1385; x_wconf 85' lang='grc' dir='ltr'>σύσσιτος,</span> <span class='ocrx_word' id='word_1_142' title='bbox 1823 1320 2046 1390; x_wconf 74' lang='grc' dir='ltr'>καὶτῆς</span> <span class='ocrx_word' id='word_1_143' title='bbox 2102 1318 2313 1391; x_wconf 80' lang='grc' dir='ltr'>τροφῆς</span> <span class='ocrx_word' id='word_1_144' title='bbox 2354 1333 2443 1387; x_wconf 89' lang='grc' dir='ltr'>μοι</span> <span class='ocrx_word' id='word_1_145' title='bbox 2489 1317 2837 1388; x_wconf 85' lang='grc' dir='ltr'>κοινώνησον.</span> <span class='ocrx_word' id='word_1_146' title='bbox 2867 1336 2886 1369; x_wconf 72' lang='grc' dir='ltr'>ι</span> <span class='ocrx_word' id='word_1_147' title='bbox 2919 1318 3032 1373; x_wconf 81' lang='grc' dir='ltr'>Καὶ</span> <span class='ocrx_word' id='word_1_148' title='bbox 3084 1319 3197 1388; x_wconf 77' lang='grc' dir='ltr'>ἅμα</span> <span class='ocrx_word' id='word_1_149' title='bbox 3244 1317 3414 1371; x_wconf 79' lang='grc' dir='ltr'>ταῦτα</span> <span class='ocrx_word' id='word_1_150' title='bbox 3487 1316 3683 1386; x_wconf 85' lang='grc' dir='ltr'>λέγων,</span> <span class='ocrx_word' id='word_1_151' title='bbox 3763 1315 4007 1385; x_wconf 75' lang='grc' dir='ltr'>ἐπλήρου</span> 
     </span>
    </p>
   </div>
   <div class='ocr_carea' id='block_1_24' title="bbox 742 1410 4009 1484">
    <p class='ocr_par' dir='ltr' id='par_1_24' title="bbox 742 1410 4009 1484">
     <span class='ocr_line' id='line_1_24' title="bbox 742 1410 4009 1484; baseline 0.002 -26"><span class='ocrx_word' id='word_1_152' title='bbox 742 1412 840 1477; x_wconf 69' lang='grc' dir='ltr'>τὴν</span> <span class='ocrx_word' id='word_1_153' title='bbox 870 1410 1069 1475; x_wconf 71' lang='grc' dir='ltr'>δεξιὰν,</span> <span class='ocrx_word' id='word_1_154' title='bbox 1103 1414 1197 1465; x_wconf 79' lang='grc' dir='ltr'>καὶ</span> <span class='ocrx_word' id='word_1_155' title='bbox 1239 1415 1333 1467; x_wconf 85' lang='grc' dir='ltr'>τοῦ</span> <span class='ocrx_word' id='word_1_156' title='bbox 1366 1414 1542 1483; x_wconf 77' lang='grc' dir='ltr'>φακοῦ</span> <span class='ocrx_word' id='word_1_157' title='bbox 1592 1417 1884 1484; x_wconf 80' lang='grc' dir='ltr'><strong>μετεδίδου.</strong></span> <span class='ocrx_word' id='word_1_158' title='bbox 1931 1415 2085 1469; x_wconf 80' lang='grc' dir='ltr'>Οὕτω</span> <span class='ocrx_word' id='word_1_159' title='bbox 2110 1414 2209 1483; x_wconf 86' lang='grc' dir='ltr'>τῆς</span> <span class='ocrx_word' id='word_1_160' title='bbox 2267 1412 2429 1481; x_wconf 83' lang='grc' dir='ltr'>κενῆς</span> <span class='ocrx_word' id='word_1_161' title='bbox 2476 1412 2632 1483; x_wconf 82' lang='grc' dir='ltr'>δόξης</span> <span class='ocrx_word' id='word_1_162' title='bbox 2691 1413 2751 1466; x_wconf 75' lang='grc' dir='ltr'>τὸ</span> <span class='ocrx_word' id='word_1_163' title='bbox 2810 1412 2979 1477; x_wconf 81' lang='grc' dir='ltr'><strong>πάθος</strong></span> <span class='ocrx_word' id='word_1_164' title='bbox 3032 1413 3169 1483; x_wconf 86' lang='grc' dir='ltr'>μετὰ</span> <span class='ocrx_word' id='word_1_165' title='bbox 3217 1414 3324 1466; x_wconf 82' lang='grc' dir='ltr'>τῶν</span> <span class='ocrx_word' id='word_1_166' title='bbox 3374 1411 3547 1466; x_wconf 80' lang='grc' dir='ltr'>ἄλλων</span> <span class='ocrx_word' id='word_1_167' title='bbox 3623 1411 3721 1481; x_wconf 81' lang='grc' dir='ltr'>τῆς</span> <span class='ocrx_word' id='word_1_168' title='bbox 3767 1410 4009 1470; x_wconf 78' lang='grc' dir='ltr'>διανοίας</span> 
     </span>
    </p>
   </div>
   <div class='ocr_carea' id='block_1_25' title="bbox 744 1503 4010 1582">
    <p class='ocr_par' dir='ltr' id='par_1_25' title="bbox 744 1503 4010 1582">
     <span class='ocr_line' id='line_1_25' title="bbox 744 1503 4010 1582; baseline -0.001 -25"><span class='ocrx_word' id='word_1_169' title='bbox 744 1504 1007 1572; x_wconf 76' lang='grc' dir='ltr'>ἀπήλασε.</span> <span class='ocrx_word' id='word_1_170' title='bbox 1046 1509 1182 1579; x_wconf 72' lang='grc' dir='ltr'>Περὶ</span> <span class='ocrx_word' id='word_1_171' title='bbox 1206 1510 1259 1562; x_wconf 78' lang='grc' dir='ltr'>δέ</span> <span class='ocrx_word' id='word_1_172' title='bbox 1279 1528 1338 1578; x_wconf 89' lang='grc' dir='ltr'>γε</span> <span class='ocrx_word' id='word_1_173' title='bbox 1373 1512 1664 1581; x_wconf 81' lang='grc' dir='ltr'>καρτερίας</span> <span class='ocrx_word' id='word_1_174' title='bbox 1695 1511 1948 1582; x_wconf 82' lang='grc' dir='ltr'>περιττὸν</span> <span class='ocrx_word' id='word_1_175' title='bbox 1993 1511 2087 1563; x_wconf 60' lang='grc' dir='ltr'>καὶ¹</span> <span class='ocrx_word' id='word_1_176' title='bbox 2112 1508 2311 1577; x_wconf 79' lang='grc' dir='ltr'>λέγειν,</span> <span class='ocrx_word' id='word_1_177' title='bbox 2358 1509 2740 1579; x_wconf 77' lang='grc' dir='ltr'>μαρτυρούσης</span> <span class='ocrx_word' id='word_1_178' title='bbox 2778 1508 2877 1578; x_wconf 83' lang='grc' dir='ltr'>τῆς</span> <span class='ocrx_word' id='word_1_179' title='bbox 2915 1508 3115 1577; x_wconf 68' lang='grc' dir='ltr'>ὅψεως.</span> <span class='ocrx_word' id='word_1_180' title='bbox 3183 1507 3345 1575; x_wconf 83' lang='grc' dir='ltr'>Τρεῖς</span> <span class='ocrx_word' id='word_1_181' title='bbox 3390 1506 3499 1575; x_wconf 81' lang='grc' dir='ltr'>γὰρ</span> <span class='ocrx_word' id='word_1_182' title='bbox 3561 1504 3822 1567; x_wconf 80' lang='grc' dir='ltr'>πολλάκις</span> <span class='ocrx_word' id='word_1_183' title='bbox 3876 1503 4010 1573; x_wconf 66' lang='grc' dir='ltr'>ἡμεῖς</span> 
     </span>
    </p>
   </div>
   <div class='ocr_carea' id='block_1_26' title="bbox 750 1597 4011 1673">
    <p class='ocr_par' dir='ltr' id='par_1_26' title="bbox 750 1597 4011 1673">
     <span class='ocr_line' id='line_1_26' title="bbox 750 1597 4011 1673; baseline 0 -25"><span class='ocrx_word' id='word_1_184' title='bbox 750 1613 845 1665; x_wconf 74' lang='grc' dir='ltr'>ρας</span> <span class='ocrx_word' id='word_1_185' title='bbox 900 1601 993 1651; x_wconf 78' lang='grc' dir='ltr'>καὶ</span> <span class='ocrx_word' id='word_1_186' title='bbox 1059 1601 1326 1662; x_wconf 72' lang='grc' dir='ltr'>τοσαύτας</span> <span class='ocrx_word' id='word_1_187' title='bbox 1378 1602 1580 1666; x_wconf 87' lang='grc' dir='ltr'>νύκτας</span> <span class='ocrx_word' id='word_1_188' title='bbox 1638 1604 1814 1673; x_wconf 83' lang='grc' dir='ltr'>χιόνος</span> <span class='ocrx_word' id='word_1_189' title='bbox 1892 1602 2352 1672; x_wconf 87' lang='grc' dir='ltr'>κατενεχθείσης,</span> <span class='ocrx_word' id='word_1_190' title='bbox 2426 1600 2567 1653; x_wconf 71' lang='grc' dir='ltr'>οὕτω</span> <span class='ocrx_word' id='word_1_191' title='bbox 2620 1600 2940 1671; x_wconf 83' lang='grc' dir='ltr'>κατεχώσθη</span> <span class='ocrx_word' id='word_1_192' title='bbox 2989 1600 3202 1670; x_wconf 79' lang='grc' dir='ltr'>πρηνὴς</span> <span class='ocrx_word' id='word_1_193' title='bbox 3261 1600 3539 1669; x_wconf 87' lang='grc' dir='ltr'>κείμενος,</span> <span class='ocrx_word' id='word_1_194' title='bbox 3594 1599 3685 1650; x_wconf 75' lang='grc' dir='ltr'>καὶ</span> <span class='ocrx_word' id='word_1_195' title='bbox 3729 1597 3820 1650; x_wconf 77' lang='grc' dir='ltr'>τὸν</span> <span class='ocrx_word' id='word_1_196' title='bbox 3874 1597 4011 1649; x_wconf 70' lang='grc' dir='ltr'>Θεὸν</span> 
     </span>
    </p>
   </div>
   <div class='ocr_carea' id='block_1_27' title="bbox 752 1687 4012 1766">
    <p class='ocr_par' dir='ltr' id='par_1_27' title="bbox 752 1687 4012 1766">
     <span class='ocr_line' id='line_1_27' title="bbox 752 1687 4012 1766; baseline 0.001 -27"><span class='ocrx_word' id='word_1_197' title='bbox 752 1687 1025 1752; x_wconf 77' lang='grc' dir='ltr'>ἱκετεύων,</span> <span class='ocrx_word' id='word_1_198' title='bbox 1053 1692 1128 1753; x_wconf 81' lang='grc' dir='ltr'>ὡς</span> <span class='ocrx_word' id='word_1_199' title='bbox 1161 1693 1294 1761; x_wconf 82' lang='grc' dir='ltr'>μηδὲ</span> <span class='ocrx_word' id='word_1_200' title='bbox 1327 1692 1499 1763; x_wconf 79' lang='grc' dir='ltr'>βραχύ</span> <span class='ocrx_word' id='word_1_201' title='bbox 1524 1712 1576 1746; x_wconf 82' lang='grc' dir='ltr'>τι</span> <span class='ocrx_word' id='word_1_202' title='bbox 1604 1695 1709 1747; x_wconf 83' lang='grc' dir='ltr'>τῶν</span> <span class='ocrx_word' id='word_1_203' title='bbox 1739 1691 2325 1766; x_wconf 61' lang='grc' dir='ltr'>πεμκειμένωναὺτῷ</span> <span class='ocrx_word' id='word_1_204' title='bbox 2368 1692 2574 1760; x_wconf 79' lang='grc' dir='ltr'>ῥακίων</span> <span class='ocrx_word' id='word_1_205' title='bbox 2631 1693 2884 1764; x_wconf 82' lang='grc' dir='ltr'>ὁρᾶσθαι.</span> <span class='ocrx_word' id='word_1_206' title='bbox 2923 1692 3187 1755; x_wconf 80' lang='grc' dir='ltr'>Πολλάκις</span> <span class='ocrx_word' id='word_1_207' title='bbox 3218 1692 3274 1745; x_wconf 73' lang='grc' dir='ltr'>δὲ</span> <span class='ocrx_word' id='word_1_208' title='bbox 3346 1692 3441 1743; x_wconf 77' lang='grc' dir='ltr'>καὶ</span> <span class='ocrx_word' id='word_1_209' title='bbox 3507 1691 3676 1760; x_wconf 83' lang='grc' dir='ltr'>ἄμαις</span> <span class='ocrx_word' id='word_1_210' title='bbox 3732 1689 4012 1761; x_wconf 74' lang='grc' dir='ltr'>χρώμενοι</span> 
     </span>
    </p>
   </div>
   <div class='ocr_carea' id='block_1_28' title="bbox 750 1784 4013 1859">
    <p class='ocr_par' dir='ltr' id='par_1_28' title="bbox 750 1784 4013 1859">
     <span class='ocr_line' id='line_1_28' title="bbox 750 1784 4013 1859; baseline 0.001 -26"><span class='ocrx_word' id='word_1_211' title='bbox 750 1784 844 1833; x_wconf 73' lang='grc' dir='ltr'>καὶ</span> <span class='ocrx_word' id='word_1_212' title='bbox 875 1784 1170 1852; x_wconf 73' lang='grc' dir='ltr'>μακέλλαις</span> <span class='ocrx_word' id='word_1_213' title='bbox 1201 1788 1249 1838; x_wconf 85' lang='lat' dir='ltr'>oi</span> <span class='ocrx_word' id='word_1_214' title='bbox 1280 1789 1697 1855; x_wconf 68' lang='grc' dir='ltr'>γειτονεύοντες,</span> <span class='ocrx_word' id='word_1_215' title='bbox 1721 1792 1813 1842; x_wconf 73' lang='grc' dir='ltr'>καὶ</span> <span class='ocrx_word' id='word_1_216' title='bbox 1836 1789 2010 1858; x_wconf 81' lang='grc' dir='ltr'>τούτῳ</span> <span class='ocrx_word' id='word_1_217' title='bbox 2066 1789 2141 1857; x_wconf 85' lang='grc' dir='ltr'>τῷ</span> <span class='ocrx_word' id='word_1_218' title='bbox 2170 1789 2355 1859; x_wconf 75' lang='grc' dir='ltr'>τρόπῳ</span> <span class='ocrx_word' id='word_1_219' title='bbox 2396 1786 2491 1856; x_wconf 81' lang='grc' dir='ltr'>τὴν</span> <span class='ocrx_word' id='word_1_220' title='bbox 2538 1786 3332 1859; x_wconf 75' lang='grc' dir='ltr'>περικειμένηνἁποσύροντες</span> <span class='ocrx_word' id='word_1_221' title='bbox 3374 1786 3548 1856; x_wconf 83' lang='grc' dir='ltr'>χιόνα,</span> <span class='ocrx_word' id='word_1_222' title='bbox 3604 1784 3892 1838; x_wconf 82' lang='grc' dir='ltr'>ἀνασπῶσί</span> <span class='ocrx_word' id='word_1_223' title='bbox 3949 1802 4013 1836; x_wconf 86' lang='grc' dir='ltr'>τε</span> 
     </span>
    </p>
   </div>
   <div class='ocr_carea' id='block_1_29' title="bbox 752 1879 1448 1954">
    <p class='ocr_par' dir='ltr' id='par_1_29' title="bbox 752 1879 1448 1954">
     <span class='ocr_line' id='line_1_29' title="bbox 752 1879 1448 1954; baseline 0.01 -23"><span class='ocrx_word' id='word_1_224' title='bbox 752 1879 846 1931; x_wconf 74' lang='grc' dir='ltr'>καὶ</span> <span class='ocrx_word' id='word_1_225' title='bbox 878 1881 1088 1949; x_wconf 74' lang='grc' dir='ltr'>ἐγείρου</span> <span class='ocrx_word' id='word_1_226' title='bbox 1098 1899 1147 1935; x_wconf 90' lang='grc' dir='ltr'>σι</span> <span class='ocrx_word' id='word_1_227' title='bbox 1178 1884 1448 1954; x_wconf 85' lang='grc' dir='ltr'>κείμενον.</span> 
     </span>
    </p>
   </div>
   <div class='ocr_carea' id='block_1_30' title="bbox 826 1974 2402 2052">
    <p class='ocr_par' dir='ltr' id='par_1_30' title="bbox 826 1974 2402 2052">
     <span class='ocr_line' id='line_1_30' title="bbox 826 1974 2402 2052; baseline -0.001 -23"><span class='ocrx_word' id='word_1_228' title='bbox 826 1974 1035 2045; x_wconf 62' lang='grc'>1242</span> <span class='ocrx_word' id='word_1_229' title='bbox 1076 1974 1149 2028; x_wconf 84' lang='lat' dir='ltr'><strong>Ex</strong></span> <span class='ocrx_word' id='word_1_230' title='bbox 1202 1976 1482 2033; x_wconf 89' lang='lat' dir='ltr'><strong>laboribus</strong></span> <span class='ocrx_word' id='word_1_231' title='bbox 1524 1979 1648 2033; x_wconf 77' lang='lat' dir='ltr'><strong>istis</strong></span> <span class='ocrx_word' id='word_1_232' title='bbox 1695 1980 1897 2036; x_wconf 59' lang='lat' dir='ltr'><strong>divina</strong></span> <span class='ocrx_word' id='word_1_233' title='bbox 1943 1980 2132 2052; x_wconf 75' lang='lat' dir='ltr'><strong>gratize</strong></span> <span class='ocrx_word' id='word_1_234' title='bbox 2184 1978 2325 2033; x_wconf 89' lang='lat' dir='ltr'><strong>dona</strong></span> <span class='ocrx_word' id='word_1_235' title='bbox 2362 1982 2402 2035; x_wconf 82' lang='grc' dir='ltr'><strong><em>Β</em></strong></span> 
     </span>
    </p>
   </div>
   <div class='ocr_carea' id='block_1_31' title="bbox 752 2066 2333 2138">
    <p class='ocr_par' dir='ltr' id='par_1_31' title="bbox 752 2066 2333 2138">
     <span class='ocr_line' id='line_1_31' title="bbox 752 2066 2333 2138; baseline 0.001 -20"><span class='ocrx_word' id='word_1_236' title='bbox 752 2066 1051 2134; x_wconf 78' lang='lat' dir='ltr'><strong>decerpsit,</strong></span> <span class='ocrx_word' id='word_1_237' title='bbox 1091 2066 1293 2135; x_wconf 92' lang='lat' dir='ltr'><strong>quibus</strong></span> <span class='ocrx_word' id='word_1_238' title='bbox 1330 2066 1591 2120; x_wconf 91' lang='lat' dir='ltr'><strong>fruuntur</strong></span> <span class='ocrx_word' id='word_1_239' title='bbox 1620 2085 1812 2125; x_wconf 87' lang='lat' dir='ltr'><strong>omnes</strong></span> <span class='ocrx_word' id='word_1_240' title='bbox 1857 2071 1948 2138; x_wconf 88' lang='lat' dir='ltr'>qui</span> <span class='ocrx_word' id='word_1_241' title='bbox 1985 2071 2195 2124; x_wconf 93' lang='lat' dir='ltr'><strong>volunt.</strong></span> <span class='ocrx_word' id='word_1_242' title='bbox 2231 2067 2333 2120; x_wconf 79' lang='lat' dir='ltr'><strong>Per</strong></span> 
     </span>
    </p>
   </div>
   <div class='ocr_carea' id='block_1_32' title="bbox 753 2157 2332 2224">
    <p class='ocr_par' dir='ltr' id='par_1_32' title="bbox 753 2157 2332 2224">
     <span class='ocr_line' id='line_1_32' title="bbox 753 2157 2332 2224; baseline 0.003 -15"><span class='ocrx_word' id='word_1_243' title='bbox 753 2157 875 2224; x_wconf 82' lang='lat' dir='ltr'><strong>ejus</strong></span> <span class='ocrx_word' id='word_1_244' title='bbox 923 2157 1068 2210; x_wconf 91' lang='lat' dir='ltr'><strong>enim</strong></span> <span class='ocrx_word' id='word_1_245' title='bbox 1120 2162 1135 2177; x_wconf 85' lang='lat'><strong>&#39;</strong></span> <span class='ocrx_word' id='word_1_246' title='bbox 1180 2159 1617 2214; x_wconf 85' lang='lat' dir='ltr'><strong>benedictionem</strong></span> <span class='ocrx_word' id='word_1_247' title='bbox 1673 2161 1905 2216; x_wconf 91' lang='lat' dir='ltr'><strong>febrium</strong></span> <span class='ocrx_word' id='word_1_248' title='bbox 1962 2172 2129 2217; x_wconf 60' lang='lat' dir='ltr'><strong>aestus</strong></span> <span class='ocrx_word' id='word_1_249' title='bbox 2174 2160 2332 2214; x_wconf 79' lang='lat' dir='ltr'><strong>mulli</strong></span> 
     </span>
    </p>
   </div>
   <div class='ocr_carea' id='block_1_33' title="bbox 755 2245 2333 2321">
    <p class='ocr_par' dir='ltr' id='par_1_33' title="bbox 755 2245 2333 2321">
     <span class='ocr_line' id='line_1_33' title="bbox 755 2245 2333 2321; baseline 0.005 -24"><span class='ocrx_word' id='word_1_250' title='bbox 755 2245 1020 2299; x_wconf 76' lang='lat' dir='ltr'><strong>exstincti</strong></span> <span class='ocrx_word' id='word_1_251' title='bbox 1063 2253 1192 2301; x_wconf 92' lang='lat' dir='ltr'><strong>sunt</strong></span> <span class='ocrx_word' id='word_1_252' title='bbox 1222 2256 1277 2303; x_wconf 92' lang='lat' dir='ltr'>et</span> <span class='ocrx_word' id='word_1_253' title='bbox 1305 2250 1757 2321; x_wconf 77' lang='lat' dir='ltr'><strong>exstinguuntur.</strong></span> <span class='ocrx_word' id='word_1_254' title='bbox 1800 2254 2018 2309; x_wconf 90' lang='lat' dir='ltr'><strong>febriles</strong></span> <span class='ocrx_word' id='word_1_255' title='bbox 2048 2254 2210 2309; x_wconf 88' lang='lat' dir='ltr'><strong>etiam</strong></span> <span class='ocrx_word' id='word_1_256' title='bbox 2256 2253 2333 2306; x_wconf 91' lang='lat' dir='ltr'><strong>ri-</strong></span> 
     </span>
    </p>
   </div>
   <div class='ocr_carea' id='block_1_34' title="bbox 757 2338 2332 2413">
    <p class='ocr_par' dir='ltr' id='par_1_34' title="bbox 757 2338 2332 2413">
     <span class='ocr_line' id='line_1_34' title="bbox 757 2338 2332 2413; baseline 0.003 -22"><span class='ocrx_word' id='word_1_257' title='bbox 757 2352 917 2407; x_wconf 76' lang='lat' dir='ltr'><strong>gores</strong></span> <span class='ocrx_word' id='word_1_258' title='bbox 939 2338 1095 2391; x_wconf 90' lang='lat' dir='ltr'><strong>multi</strong></span> <span class='ocrx_word' id='word_1_259' title='bbox 1123 2349 1414 2395; x_wconf 87' lang='lat' dir='ltr'><strong>cessarunt</strong></span> <span class='ocrx_word' id='word_1_260' title='bbox 1436 2344 1761 2413; x_wconf 86' lang='lat' dir='ltr'><strong>penitusque</strong></span> <span class='ocrx_word' id='word_1_261' title='bbox 1781 2354 2159 2400; x_wconf 89' lang='lat' dir='ltr'><strong>excesserunt.</strong></span> <span class='ocrx_word' id='word_1_262' title='bbox 2180 2342 2332 2396; x_wconf 85' lang='lat' dir='ltr'><strong>Multi</strong></span> 
     </span>
    </p>
   </div>
   <div class='ocr_carea' id='block_1_35' title="bbox 758 2425 2333 2507">
    <p class='ocr_par' dir='ltr' id='par_1_35' title="bbox 758 2425 2333 2507">
     <span class='ocr_line' id='line_1_35' title="bbox 758 2425 2333 2507; baseline 0.004 -24"><span class='ocrx_word' id='word_1_263' title='bbox 758 2447 980 2500; x_wconf 79' lang='lat' dir='ltr'><strong>quoque</strong></span> <span class='ocrx_word' id='word_1_264' title='bbox 1025 2431 1301 2488; x_wconf 76' lang='lat' dir='ltr'><strong>daemones</strong></span> <span class='ocrx_word' id='word_1_265' title='bbox 1346 2433 1532 2504; x_wconf 81' lang='lat' dir='ltr'><strong>fugere</strong></span> <span class='ocrx_word' id='word_1_266' title='bbox 1570 2437 1797 2492; x_wconf 91' lang='lat' dir='ltr'><strong>omnino</strong></span> <span class='ocrx_word' id='word_1_267' title='bbox 1838 2440 2035 2503; x_wconf 86' lang='lat' dir='ltr'><strong>coacti,</strong></span> <span class='ocrx_word' id='word_1_268' title='bbox 2088 2425 2143 2493; x_wconf 83' lang='lat' dir='ltr'><strong>et</strong></span> <span class='ocrx_word' id='word_1_269' title='bbox 2192 2451 2333 2507; x_wconf 86' lang='lat' dir='ltr'><strong>aqua</strong></span> 
     </span>
    </p>
   </div>
   <div class='ocr_carea' id='block_1_36' title="bbox 755 2524 2333 2597">
    <p class='ocr_par' dir='ltr' id='par_1_36' title="bbox 755 2524 2333 2597">
     <span class='ocr_line' id='line_1_36' title="bbox 755 2524 2333 2597; baseline 0.006 -20"><span class='ocrx_word' id='word_1_270' title='bbox 755 2524 980 2597; x_wconf 77' lang='lat' dir='ltr'><strong>dextera</strong></span> <span class='ocrx_word' id='word_1_271' title='bbox 1008 2525 1132 2594; x_wconf 80' lang='lat' dir='ltr'><strong>(-jus</strong></span> <span class='ocrx_word' id='word_1_272' title='bbox 1162 2525 1453 2581; x_wconf 85' lang='lat' dir='ltr'><strong>benedicta</strong></span> <span class='ocrx_word' id='word_1_273' title='bbox 1483 2529 1727 2585; x_wconf 85' lang='lat' dir='ltr'><strong>salutare</strong></span> <span class='ocrx_word' id='word_1_274' title='bbox 1757 2530 1812 2584; x_wconf 88' lang='lat' dir='ltr'>fit</span> <span class='ocrx_word' id='word_1_275' title='bbox 1849 2531 2333 2587; x_wconf 84' lang='lat' dir='ltr'><strong>medicamentum.</strong></span> 
     </span>
    </p>
   </div>
   <div class='ocr_carea' id='block_1_37' title="bbox 756 2615 2334 2695">
    <p class='ocr_par' dir='ltr' id='par_1_37' title="bbox 756 2615 2334 2695">
     <span class='ocr_line' id='line_1_37' title="bbox 756 2615 2334 2695; baseline 0.005 -26"><span class='ocrx_word' id='word_1_276' title='bbox 756 2618 891 2682; x_wconf 78' lang='lat' dir='ltr'><strong>Quis</strong></span> <span class='ocrx_word' id='word_1_277' title='bbox 928 2619 1108 2672; x_wconf 89' lang='lat' dir='ltr'><strong>nescit</strong></span> <span class='ocrx_word' id='word_1_278' title='bbox 1147 2631 1422 2675; x_wconf 92' lang='lat' dir='ltr'><strong>mortuum</strong></span> <span class='ocrx_word' id='word_1_279' title='bbox 1458 2624 1748 2692; x_wconf 79' lang='lat' dir='ltr'><strong>puerulum</strong></span> <span class='ocrx_word' id='word_1_280' title='bbox 1780 2624 1943 2694; x_wconf 90' lang='lat' dir='ltr'><strong>hujus</strong></span> <span class='ocrx_word' id='word_1_281' title='bbox 1985 2615 2237 2695; x_wconf 83' lang='lat' dir='ltr'><strong>precibus</strong></span> <span class='ocrx_word' id='word_1_282' title='bbox 2268 2623 2334 2677; x_wconf 89' lang='lat' dir='ltr'>ad</span> 
     </span>
    </p>
   </div>
   <div class='ocr_carea' id='block_1_38' title="bbox 757 2710 2335 2772">
    <p class='ocr_par' dir='ltr' id='par_1_38' title="bbox 757 2710 2335 2772">
     <span class='ocr_line' id='line_1_38' title="bbox 757 2710 2335 2772; baseline 0.004 -9"><span class='ocrx_word' id='word_1_283' title='bbox 757 2710 923 2763; x_wconf 64' lang='lat' dir='ltr'><strong>vitam</strong></span> <span class='ocrx_word' id='word_1_284' title='bbox 959 2711 1129 2765; x_wconf 88' lang='lat' dir='ltr'><strong>fuisse</strong></span> <span class='ocrx_word' id='word_1_285' title='bbox 1165 2716 1523 2768; x_wconf 85' lang='lat' dir='ltr'><strong>revocatum?</strong></span> <span class='ocrx_word' id='word_1_286' title='bbox 1548 2718 1606 2769; x_wconf 88' lang='lat' dir='ltr'>ln</span> <span class='ocrx_word' id='word_1_287' title='bbox 1646 2716 1980 2772; x_wconf 78' lang='lat' dir='ltr'><strong>suburbanis</strong></span> <span class='ocrx_word' id='word_1_288' title='bbox 2014 2718 2158 2770; x_wconf 90' lang='lat' dir='ltr'><strong>enim</strong></span> <span class='ocrx_word' id='word_1_289' title='bbox 2201 2717 2335 2770; x_wconf 81' lang='lat' dir='ltr'><strong>civi-</strong></span> 
     </span>
    </p>
   </div>
   <div class='ocr_carea' id='block_1_39' title="bbox 756 2802 2332 2878">
    <p class='ocr_par' dir='ltr' id='par_1_39' title="bbox 756 2802 2332 2878">
     <span class='ocr_line' id='line_1_39' title="bbox 756 2802 2332 2878; baseline 0.006 -25"><span class='ocrx_word' id='word_1_290' title='bbox 756 2803 887 2856; x_wconf 68' lang='lat' dir='ltr'><strong>tatis</strong></span> <span class='ocrx_word' id='word_1_291' title='bbox 947 2802 1151 2871; x_wconf 75' lang='lat' dir='ltr'><strong>degunt</strong></span> <span class='ocrx_word' id='word_1_292' title='bbox 1202 2804 1365 2859; x_wconf 87' lang='lat' dir='ltr'><strong>istius</strong></span> <span class='ocrx_word' id='word_1_293' title='bbox 1403 2815 1708 2877; x_wconf 86' lang='lat' dir='ltr'><strong>parentes,</strong></span> <span class='ocrx_word' id='word_1_294' title='bbox 1764 2808 1857 2877; x_wconf 91' lang='lat' dir='ltr'>qui</span> <span class='ocrx_word' id='word_1_295' title='bbox 1916 2808 2057 2863; x_wconf 81' lang='lat' dir='ltr'><strong>filios</strong></span> <span class='ocrx_word' id='word_1_296' title='bbox 2112 2809 2332 2878; x_wconf 86' lang='lat' dir='ltr'><strong>quidem</strong></span> 
     </span>
    </p>
   </div>
   <div class='ocr_carea' id='block_1_40' title="bbox 758 2895 2335 2963">
    <p class='ocr_par' dir='ltr' id='par_1_40' title="bbox 758 2895 2335 2963">
     <span class='ocr_line' id='line_1_40' title="bbox 758 2895 2335 2963; baseline 0.004 -16"><span class='ocrx_word' id='word_1_297' title='bbox 758 2895 963 2948; x_wconf 91' lang='lat' dir='ltr'><strong>multos</strong></span> <span class='ocrx_word' id='word_1_298' title='bbox 1000 2906 1381 2963; x_wconf 83' lang='lat' dir='ltr'><strong>procrearant,</strong></span> <span class='ocrx_word' id='word_1_299' title='bbox 1427 2898 1520 2951; x_wconf 83' lang='lat' dir='ltr'>sed</span> <span class='ocrx_word' id='word_1_300' title='bbox 1559 2898 1883 2953; x_wconf 86' lang='lat' dir='ltr'><strong>immaturos</strong></span> <span class='ocrx_word' id='word_1_301' title='bbox 1921 2915 2110 2954; x_wconf 85' lang='lat' dir='ltr'><strong>omnes</strong></span> <span class='ocrx_word' id='word_1_302' title='bbox 2153 2899 2216 2952; x_wconf 87' lang='lat' dir='ltr'>ad</span> <span class='ocrx_word' id='word_1_303' title='bbox 2252 2914 2335 2953; x_wconf 90' lang='lat' dir='ltr'><strong>se-</strong></span> 
     </span>
    </p>
   </div>
   <div class='ocr_carea' id='block_1_41' title="bbox 756 2986 2336 3061">
    <p class='ocr_par' dir='ltr' id='par_1_41' title="bbox 756 2986 2336 3061">
     <span class='ocr_line' id='line_1_41' title="bbox 756 2986 2336 3061; baseline 0.004 -24"><span class='ocrx_word' id='word_1_304' title='bbox 756 2986 1010 3053; x_wconf 80' lang='lat' dir='ltr'><strong>pulcrum</strong></span> <span class='ocrx_word' id='word_1_305' title='bbox 1041 2988 1375 3041; x_wconf 82' lang='lat' dir='ltr'><strong>extulerant.</strong></span> <span class='ocrx_word' id='word_1_306' title='bbox 1405 2988 1539 3043; x_wconf 90' lang='lat' dir='ltr'><strong>Cum</strong></span> <span class='ocrx_word' id='word_1_307' title='bbox 1563 3006 1695 3060; x_wconf 79' lang='lat' dir='ltr'><strong>ergo</strong></span> <span class='ocrx_word' id='word_1_308' title='bbox 1717 2999 2027 3061; x_wconf 77' lang='lat' dir='ltr'><strong>postremus</strong></span> <span class='ocrx_word' id='word_1_309' title='bbox 2063 2992 2147 3045; x_wconf 92' lang='lat' dir='ltr'>hic</span> <span class='ocrx_word' id='word_1_310' title='bbox 2172 3000 2336 3045; x_wconf 88' lang='lat' dir='ltr'><strong>natus</strong></span> 
     </span>
    </p>
   </div>
   <div class='ocr_carea' id='block_1_42' title="bbox 756 3076 2335 3153">
    <p class='ocr_par' dir='ltr' id='par_1_42' title="bbox 756 3076 2335 3153">
     <span class='ocr_line' id='line_1_42' title="bbox 756 3076 2335 3153; baseline 0.006 -25"><span class='ocrx_word' id='word_1_311' title='bbox 756 3085 902 3131; x_wconf 78' lang='lat' dir='ltr'><strong>esset</strong></span> <span class='ocrx_word' id='word_1_312' title='bbox 935 3076 1102 3143; x_wconf 79' lang='lat' dir='ltr'><strong>illius,</strong></span> <span class='ocrx_word' id='word_1_313' title='bbox 1139 3093 1374 3149; x_wconf 87' lang='lat' dir='ltr'><strong>propere</strong></span> <span class='ocrx_word' id='word_1_314' title='bbox 1405 3080 1683 3136; x_wconf 87' lang='lat' dir='ltr'><strong>hominem</strong></span> <span class='ocrx_word' id='word_1_315' title='bbox 1720 3083 1810 3136; x_wconf 88' lang='lat' dir='ltr'><strong>Dei</strong></span> <span class='ocrx_word' id='word_1_316' title='bbox 1848 3083 1980 3136; x_wconf 89' lang='lat' dir='ltr'><strong>adiit</strong></span> <span class='ocrx_word' id='word_1_317' title='bbox 2009 3094 2185 3153; x_wconf 83' lang='lat' dir='ltr'><strong>pater,</strong></span> <span class='ocrx_word' id='word_1_318' title='bbox 2216 3084 2335 3139; x_wconf 67' lang='lat' dir='ltr'><strong>lon»</strong></span> 
     </span>
    </p>
   </div>
   <div class='ocr_carea' id='block_1_43' title="bbox 756 3168 2333 3245">
    <p class='ocr_par' dir='ltr' id='par_1_43' title="bbox 756 3168 2333 3245">
     <span class='ocr_line' id='line_1_43' title="bbox 756 3168 2333 3245; baseline 0.005 -25"><span class='ocrx_word' id='word_1_319' title='bbox 756 3184 878 3238; x_wconf 78' lang='lat' dir='ltr'><strong>gam</strong></span> <span class='ocrx_word' id='word_1_320' title='bbox 914 3168 992 3223; x_wconf 87' lang='lat' dir='ltr'><strong>illi</strong></span> <span class='ocrx_word' id='word_1_321' title='bbox 1025 3171 1193 3224; x_wconf 86' lang='lat' dir='ltr'><strong>vitam</strong></span> <span class='ocrx_word' id='word_1_322' title='bbox 1230 3172 1556 3241; x_wconf 87' lang='lat' dir='ltr'><strong>deprecans,</strong></span> <span class='ocrx_word' id='word_1_323' title='bbox 1589 3175 2029 3245; x_wconf 87' lang='lat' dir='ltr'><strong>promittensque</strong></span> <span class='ocrx_word' id='word_1_324' title='bbox 2060 3174 2167 3229; x_wconf 87' lang='lat' dir='ltr'>Deo</span> <span class='ocrx_word' id='word_1_325' title='bbox 2198 3190 2257 3229; x_wconf 83' lang='lat' dir='ltr'>se</span> <span class='ocrx_word' id='word_1_326' title='bbox 2288 3175 2333 3229; x_wconf 87' lang='lat' dir='ltr'>si</span> 
     </span>
    </p>
   </div>
   <div class='ocr_carea' id='block_1_44' title="bbox 756 3262 2335 3335">
    <p class='ocr_par' dir='ltr' id='par_1_44' title="bbox 756 3262 2335 3335">
     <span class='ocr_line' id='line_1_44' title="bbox 756 3262 2335 3335; baseline 0.006 -22"><span class='ocrx_word' id='word_1_327' title='bbox 756 3262 961 3315; x_wconf 79' lang='lat' dir='ltr'><strong>viveret</strong></span> <span class='ocrx_word' id='word_1_328' title='bbox 985 3262 1318 3318; x_wconf 88' lang='lat' dir='ltr'><strong>dicaturum.</strong></span> <span class='ocrx_word' id='word_1_329' title='bbox 1346 3264 1598 3329; x_wconf 88' lang='lat' dir='ltr'><strong>Quatuor</strong></span> <span class='ocrx_word' id='word_1_330' title='bbox 1622 3281 1788 3335; x_wconf 89' lang='lat' dir='ltr'><strong>porro</strong></span> <span class='ocrx_word' id='word_1_331' title='bbox 1816 3281 1991 3321; x_wconf 82' lang='lat' dir='ltr'><strong>annos</strong></span> <span class='ocrx_word' id='word_1_332' title='bbox 2016 3283 2139 3321; x_wconf 91' lang='lat' dir='ltr'>cum</span> <span class='ocrx_word' id='word_1_333' title='bbox 2167 3268 2335 3322; x_wconf 80' lang='lat' dir='ltr'><strong>vixis-</strong></span> 
     </span>
    </p>
   </div>
   <div class='ocr_carea' id='block_1_45' title="bbox 759 3353 2337 3428">
    <p class='ocr_par' dir='ltr' id='par_1_45' title="bbox 759 3353 2337 3428">
     <span class='ocr_line' id='line_1_45' title="bbox 759 3353 2337 3428; baseline 0.003 -19"><span class='ocrx_word' id='word_1_334' title='bbox 759 3362 865 3419; x_wconf 92' lang='lat' dir='ltr'><strong>set,</strong></span> <span class='ocrx_word' id='word_1_335' title='bbox 901 3354 1011 3408; x_wconf 69' lang='lat' dir='ltr'><strong>vita</strong></span> <span class='ocrx_word' id='word_1_336' title='bbox 1054 3353 1280 3410; x_wconf 90' lang='lat' dir='ltr'><strong>functus</strong></span> <span class='ocrx_word' id='word_1_337' title='bbox 1320 3365 1425 3413; x_wconf 93' lang='lat' dir='ltr'><strong>est.</strong></span> <span class='ocrx_word' id='word_1_338' title='bbox 1465 3357 1670 3412; x_wconf 76' lang='lat' dir='ltr'><strong>Aberat</strong></span> <span class='ocrx_word' id='word_1_339' title='bbox 1709 3365 1864 3427; x_wconf 90' lang='lat' dir='ltr'><strong>pater</strong></span> <span class='ocrx_word' id='word_1_340' title='bbox 1904 3376 1916 3411; x_wconf 90' lang='lat'>:</span> <span class='ocrx_word' id='word_1_341' title='bbox 1959 3359 2052 3428; x_wconf 89' lang='lat' dir='ltr'>qui</span> <span class='ocrx_word' id='word_1_342' title='bbox 2091 3374 2213 3414; x_wconf 93' lang='lat' dir='ltr'>mox</span> <span class='ocrx_word' id='word_1_343' title='bbox 2243 3360 2337 3414; x_wconf 89' lang='lat' dir='ltr'><strong>ad-</strong></span> 
     </span>
    </p>
   </div>
   <div class='ocr_carea' id='block_1_46' title="bbox 758 3444 2341 3517">
    <p class='ocr_par' dir='ltr' id='par_1_46' title="bbox 758 3444 2341 3517">
     <span class='ocr_line' id='line_1_46' title="bbox 758 3444 2341 3517; baseline 0.006 -22"><span class='ocrx_word' id='word_1_344' title='bbox 758 3444 986 3499; x_wconf 79' lang='lat' dir='ltr'><strong>veniens</strong></span> <span class='ocrx_word' id='word_1_345' title='bbox 1037 3444 1217 3499; x_wconf 83' lang='lat' dir='ltr'><strong>effer-ri</strong></span> <span class='ocrx_word' id='word_1_346' title='bbox 1268 3445 1382 3514; x_wconf 81' lang='lat' dir='ltr'>jam</span> <span class='ocrx_word' id='word_1_347' title='bbox 1438 3446 1593 3500; x_wconf 89' lang='lat' dir='ltr'><strong>illum</strong></span> <span class='ocrx_word' id='word_1_348' title='bbox 1656 3447 1826 3510; x_wconf 86' lang='lat' dir='ltr'><strong>videt,</strong></span> <span class='ocrx_word' id='word_1_349' title='bbox 1887 3449 2220 3517; x_wconf 86' lang='lat' dir='ltr'><strong>rapiensque</strong></span> <span class='ocrx_word' id='word_1_350' title='bbox 2273 3448 2341 3504; x_wconf 92' lang='lat' dir='ltr'><strong>de</strong></span> 
     </span>
    </p>
   </div>
   <div class='ocr_carea' id='block_1_47' title="bbox 760 3538 2337 3612">
    <p class='ocr_par' dir='ltr' id='par_1_47' title="bbox 760 3538 2337 3612">
     <span class='ocr_line' id='line_1_47' title="bbox 760 3538 2337 3612; baseline 0.003 -22"><span class='ocrx_word' id='word_1_351' title='bbox 760 3538 945 3592; x_wconf 84' lang='lat' dir='ltr'><strong>loculo</strong></span> <span class='ocrx_word' id='word_1_352' title='bbox 979 3557 991 3591; x_wconf 93' lang='lat'>:</span> <span class='ocrx_word' id='word_1_353' title='bbox 1047 3558 1065 3589; x_wconf 83' lang='grc' dir='ltr'>ι</span> <span class='ocrx_word' id='word_1_354' title='bbox 1115 3538 1416 3601; x_wconf 77' lang='lat' dir='ltr'><strong>Promissa,</strong></span> <span class='ocrx_word' id='word_1_355' title='bbox 1456 3539 1653 3609; x_wconf 86' lang='lat' dir='ltr'><strong>inquit,</strong></span> <span class='ocrx_word' id='word_1_356' title='bbox 1688 3550 1949 3609; x_wconf 70' lang='lat' dir='ltr'><strong>prmstare</strong></span> <span class='ocrx_word' id='word_1_357' title='bbox 1988 3557 2072 3596; x_wconf 88' lang='lat' dir='ltr'>me</span> <span class='ocrx_word' id='word_1_358' title='bbox 2103 3552 2337 3612; x_wconf 88' lang='lat' dir='ltr'><strong>oportet,</strong></span> 
     </span>
    </p>
   </div>
   <div class='ocr_carea' id='block_1_48' title="bbox 759 3627 2342 3695">
    <p class='ocr_par' dir='ltr' id='par_1_48' title="bbox 759 3627 2342 3695">
     <span class='ocr_line' id='line_1_48' title="bbox 759 3627 2342 3695; baseline 0.002 -13"><span class='ocrx_word' id='word_1_359' title='bbox 759 3629 964 3695; x_wconf 82' lang='lat' dir='ltr'><strong>Deique</strong></span> <span class='ocrx_word' id='word_1_360' title='bbox 1009 3627 1216 3682; x_wconf 87' lang='lat' dir='ltr'><strong>homini</strong></span> <span class='ocrx_word' id='word_1_361' title='bbox 1268 3630 1349 3683; x_wconf 85' lang='lat' dir='ltr'>vel</span> <span class='ocrx_word' id='word_1_362' title='bbox 1387 3641 1663 3683; x_wconf 81' lang='lat' dir='ltr'><strong>mortuum</strong></span> <span class='ocrx_word' id='word_1_363' title='bbox 1706 3630 1923 3685; x_wconf 71' lang='lat' dir='ltr'><strong>oil‘erre.</strong></span> <span class='ocrx_word' id='word_1_364' title='bbox 1975 3649 1994 3683; x_wconf 75' lang='grc' dir='ltr'>ι</span> <span class='ocrx_word' id='word_1_365' title='bbox 2032 3630 2237 3686; x_wconf 88' lang='lat' dir='ltr'><strong>Detulit</strong></span> <span class='ocrx_word' id='word_1_366' title='bbox 2282 3638 2342 3685; x_wconf 91' lang='lat' dir='ltr'>ut</span> 
     </span>
    </p>
   </div>
   <div class='ocr_carea' id='block_1_49' title="bbox 758 3704 2339 3789">
    <p class='ocr_par' dir='ltr' id='par_1_49' title="bbox 758 3704 2339 3789">
     <span class='ocr_line' id='line_1_49' title="bbox 758 3704 2339 3789; baseline 0.002 -16"><span class='ocrx_word' id='word_1_367' title='bbox 758 3718 996 3782; x_wconf 86' lang='lat' dir='ltr'><strong>dicebat,</strong></span> <span class='ocrx_word' id='word_1_368' title='bbox 1028 3728 1078 3773; x_wconf 91' lang='lat' dir='ltr'>et</span> <span class='ocrx_word' id='word_1_369' title='bbox 1108 3720 1175 3772; x_wconf 86' lang='lat' dir='ltr'>ad</span> <span class='ocrx_word' id='word_1_370' title='bbox 1211 3730 1437 3774; x_wconf 87' lang='lat' dir='ltr'><strong>sanctos</strong></span> <span class='ocrx_word' id='word_1_371' title='bbox 1468 3720 1594 3773; x_wconf 90' lang='lat' dir='ltr'><strong>illos</strong></span> <span class='ocrx_word' id='word_1_372' title='bbox 1634 3720 1804 3789; x_wconf 82' lang='lat' dir='ltr'><strong>pedes</strong></span> <span class='ocrx_word' id='word_1_373' title='bbox 1836 3719 2114 3787; x_wconf 81' lang='lat' dir='ltr'><strong>deposuit,</strong></span> <span class='ocrx_word' id='word_1_374' title='bbox 2148 3704 2339 3776; x_wconf 82' lang='lat' dir='ltr'><strong>eadem</strong></span> 
     </span>
    </p>
   </div>
   <div class='ocr_carea' id='block_1_50' title="bbox 759 3806 2339 3880">
    <p class='ocr_par' dir='ltr' id='par_1_50' title="bbox 759 3806 2339 3880">
     <span class='ocr_line' id='line_1_50' title="bbox 759 3806 2339 3880; baseline 0.004 -17"><span class='ocrx_word' id='word_1_375' title='bbox 759 3810 949 3863; x_wconf 76' lang='lat' dir='ltr'><strong>dicens</strong></span> <span class='ocrx_word' id='word_1_376' title='bbox 995 3826 1117 3880; x_wconf 73' lang='lat' dir='ltr'><strong>quae</strong></span> <span class='ocrx_word' id='word_1_377' title='bbox 1167 3812 1285 3867; x_wconf 86' lang='lat' dir='ltr'><strong>suis</strong></span> <span class='ocrx_word' id='word_1_378' title='bbox 1340 3806 1576 3865; x_wconf 84' lang='lat' dir='ltr'><strong>dixerat.</strong></span> <span class='ocrx_word' id='word_1_379' title='bbox 1634 3809 1807 3865; x_wconf 86' lang='lat' dir='ltr'><strong>Homo</strong></span> <span class='ocrx_word' id='word_1_380' title='bbox 1854 3820 2037 3867; x_wconf 90' lang='lat' dir='ltr'><strong>autem</strong></span> <span class='ocrx_word' id='word_1_381' title='bbox 2097 3814 2339 3879; x_wconf 91' lang='lat' dir='ltr'><strong>divinus,</strong></span> 
     </span>
    </p>
   </div>
   <div class='ocr_carea' id='block_1_51' title="bbox 765 3902 2343 3973">
    <p class='ocr_par' dir='ltr' id='par_1_51' title="bbox 765 3902 2343 3973">
     <span class='ocr_line' id='line_1_51' title="bbox 765 3902 2343 3973; baseline 0.006 -24"><span class='ocrx_word' id='word_1_382' title='bbox 765 3915 993 3968; x_wconf 87' lang='lat' dir='ltr'><strong>puerum</strong></span> <span class='ocrx_word' id='word_1_383' title='bbox 1028 3912 1156 3955; x_wconf 82' lang='lat' dir='ltr'><strong>ante</strong></span> <span class='ocrx_word' id='word_1_384' title='bbox 1196 3916 1256 3955; x_wconf 93' lang='lat' dir='ltr'>se</span> <span class='ocrx_word' id='word_1_385' title='bbox 1298 3902 1581 3957; x_wconf 89' lang='lat' dir='ltr'><strong>collocans</strong></span> <span class='ocrx_word' id='word_1_386' title='bbox 1622 3910 1678 3956; x_wconf 91' lang='lat' dir='ltr'>et</span> <span class='ocrx_word' id='word_1_387' title='bbox 1716 3903 2181 3973; x_wconf 24' lang='lat' dir='ltr'><strong>genuarﬂectens,</strong></span> <span class='ocrx_word' id='word_1_388' title='bbox 2214 3907 2343 3967; x_wconf 67' lang='lat' dir='ltr'><strong>vitm</strong></span> 
     </span>
    </p>
   </div>
   <div class='ocr_carea' id='block_1_52' title="bbox 761 3990 2341 4065">
    <p class='ocr_par' dir='ltr' id='par_1_52' title="bbox 761 3990 2341 4065">
     <span class='ocr_line' id='line_1_52' title="bbox 761 3990 2341 4065; baseline 0.003 -22"><span class='ocrx_word' id='word_1_389' title='bbox 761 3990 1064 4059; x_wconf 87' lang='lat' dir='ltr'><strong>mortisque</strong></span> <span class='ocrx_word' id='word_1_390' title='bbox 1101 3990 1389 4045; x_wconf 86' lang='lat' dir='ltr'><strong>Dominum</strong></span> <span class='ocrx_word' id='word_1_391' title='bbox 1428 4008 1635 4061; x_wconf 92' lang='lat' dir='ltr'><strong>pronus</strong></span> <span class='ocrx_word' id='word_1_392' title='bbox 1671 3994 1873 4048; x_wconf 88' lang='lat' dir='ltr'><strong>oravit.</strong></span> <span class='ocrx_word' id='word_1_393' title='bbox 1906 3993 2021 4049; x_wconf 93' lang='lat' dir='ltr'><strong>Sub</strong></span> <span class='ocrx_word' id='word_1_394' title='bbox 2054 4010 2341 4065; x_wconf 90' lang='lat' dir='ltr'><strong>vesperam</strong></span> 
     </span>
    </p>
   </div>
   <div class='ocr_carea' id='block_1_53' title="bbox 762 4081 2343 4153">
    <p class='ocr_par' dir='ltr' id='par_1_53' title="bbox 762 4081 2343 4153">
     <span class='ocr_line' id='line_1_53' title="bbox 762 4081 2343 4153; baseline 0.003 -19"><span class='ocrx_word' id='word_1_395' title='bbox 762 4095 893 4135; x_wconf 78' lang='lat' dir='ltr'><strong>vero</strong></span> <span class='ocrx_word' id='word_1_396' title='bbox 926 4095 1110 4136; x_wconf 83' lang='lat' dir='ltr'><strong>vocem</strong></span> <span class='ocrx_word' id='word_1_397' title='bbox 1153 4097 1290 4148; x_wconf 89' lang='lat' dir='ltr'><strong>puer</strong></span> <span class='ocrx_word' id='word_1_398' title='bbox 1320 4081 1511 4147; x_wconf 89' lang='lat' dir='ltr'><strong>edidit,</strong></span> <span class='ocrx_word' id='word_1_399' title='bbox 1553 4092 1877 4152; x_wconf 87' lang='lat' dir='ltr'><strong>patremque</strong></span> <span class='ocrx_word' id='word_1_400' title='bbox 1908 4084 2225 4153; x_wconf 88' lang='lat' dir='ltr'><strong>appellavit.</strong></span> <span class='ocrx_word' id='word_1_401' title='bbox 2264 4084 2343 4139; x_wconf 87' lang='lat' dir='ltr'><strong>Ex</strong></span> 
     </span>
    </p>
   </div>
   <div class='ocr_carea' id='block_1_54' title="bbox 761 4174 2341 4244">
    <p class='ocr_par' dir='ltr' id='par_1_54' title="bbox 761 4174 2341 4244">
     <span class='ocr_line' id='line_1_54' title="bbox 761 4174 2341 4244; baseline 0.003 -18"><span class='ocrx_word' id='word_1_402' title='bbox 761 4187 870 4241; x_wconf 88' lang='lat' dir='ltr'>quo</span> <span class='ocrx_word' id='word_1_403' title='bbox 916 4184 1228 4244; x_wconf 86' lang='lat' dir='ltr'><strong>susceptam</strong></span> <span class='ocrx_word' id='word_1_404' title='bbox 1279 4190 1308 4229; x_wconf 88' lang='lat' dir='ltr'>a</span> <span class='ocrx_word' id='word_1_405' title='bbox 1360 4174 1593 4229; x_wconf 92' lang='lat' dir='ltr'><strong>Domino</strong></span> <span class='ocrx_word' id='word_1_406' title='bbox 1641 4176 1725 4229; x_wconf 91' lang='lat' dir='ltr'>vir</span> <span class='ocrx_word' id='word_1_407' title='bbox 1772 4175 1996 4232; x_wconf 91' lang='lat' dir='ltr'><strong>divinus</strong></span> <span class='ocrx_word' id='word_1_408' title='bbox 2037 4179 2341 4233; x_wconf 91' lang='lat' dir='ltr'><strong>orationem</strong></span> 
     </span>
    </p>
   </div>
   <div class='ocr_carea' id='block_1_55' title="bbox 765 4267 2345 4338">
    <p class='ocr_par' dir='ltr' id='par_1_55' title="bbox 765 4267 2345 4338">
     <span class='ocr_line' id='line_1_55' title="bbox 765 4267 2345 4338; baseline 0.005 -19"><span class='ocrx_word' id='word_1_409' title='bbox 765 4280 944 4330; x_wconf 89' lang='lat' dir='ltr'><strong>suam,</strong></span> <span class='ocrx_word' id='word_1_410' title='bbox 981 4267 1262 4336; x_wconf 86' lang='lat' dir='ltr'><strong>vitamque</strong></span> <span class='ocrx_word' id='word_1_411' title='bbox 1296 4283 1619 4323; x_wconf 88' lang='lat' dir='ltr'><strong>concessam</strong></span> <span class='ocrx_word' id='word_1_412' title='bbox 1648 4269 1985 4338; x_wconf 80' lang='lat' dir='ltr'><strong>intelligens,</strong></span> <span class='ocrx_word' id='word_1_413' title='bbox 2011 4271 2271 4335; x_wconf 79' lang='lat' dir='ltr'><strong>surrexit,</strong></span> <span class='ocrx_word' id='word_1_414' title='bbox 2292 4281 2345 4327; x_wconf 91' lang='lat' dir='ltr'>et</span> 
     </span>
    </p>
   </div>
   <div class='ocr_carea' id='block_1_56' title="bbox 763 4357 2342 4433">
    <p class='ocr_par' dir='ltr' id='par_1_56' title="bbox 763 4357 2342 4433">
     <span class='ocr_line' id='line_1_56' title="bbox 763 4357 2342 4433; baseline 0.004 -24"><span class='ocrx_word' id='word_1_415' title='bbox 763 4357 992 4410; x_wconf 87' lang='lat' dir='ltr'><strong>adorato</strong></span> <span class='ocrx_word' id='word_1_416' title='bbox 1037 4374 1104 4413; x_wconf 90' lang='lat' dir='ltr'><strong>eo</strong></span> <span class='ocrx_word' id='word_1_417' title='bbox 1137 4360 1230 4427; x_wconf 90' lang='lat' dir='ltr'>qui</span> <span class='ocrx_word' id='word_1_418' title='bbox 1265 4358 1399 4413; x_wconf 84' lang='lat' dir='ltr'><strong>facit</strong></span> <span class='ocrx_word' id='word_1_419' title='bbox 1428 4360 1763 4414; x_wconf 89' lang='lat' dir='ltr'><strong>voluntatem</strong></span> <span class='ocrx_word' id='word_1_420' title='bbox 1797 4362 2108 4418; x_wconf 90' lang='lat' dir='ltr'><strong>timentium</strong></span> <span class='ocrx_word' id='word_1_421' title='bbox 2140 4365 2342 4433; x_wconf 89' lang='lat' dir='ltr'><strong>ipsum,</strong></span> 
     </span>
    </p>
   </div>
   <div class='ocr_carea' id='block_1_57' title="bbox 765 4446 2343 4523">
    <p class='ocr_par' dir='ltr' id='par_1_57' title="bbox 765 4446 2343 4523">
     <span class='ocr_line' id='line_1_57' title="bbox 765 4446 2343 4523; baseline 0.006 -25"><span class='ocrx_word' id='word_1_422' title='bbox 765 4452 819 4498; x_wconf 87' lang='lat' dir='ltr'>et</span> <span class='ocrx_word' id='word_1_423' title='bbox 845 4446 1069 4500; x_wconf 86' lang='lat' dir='ltr'><strong>exaudit</strong></span> <span class='ocrx_word' id='word_1_424' title='bbox 1093 4462 1283 4516; x_wconf 89' lang='lat' dir='ltr'><strong>preces</strong></span> <span class='ocrx_word' id='word_1_425' title='bbox 1299 4462 1513 4512; x_wconf 89' lang='lat' dir='ltr'><strong>eorum,</strong></span> <span class='ocrx_word' id='word_1_426' title='bbox 1541 4449 1736 4504; x_wconf 91' lang='lat' dir='ltr'><strong>orandi</strong></span> <span class='ocrx_word' id='word_1_427' title='bbox 1761 4450 1921 4505; x_wconf 86' lang='lat' dir='ltr'><strong>linem</strong></span> <span class='ocrx_word' id='word_1_428' title='bbox 1949 4451 2097 4515; x_wconf 84' lang='lat' dir='ltr'><strong>fecit,</strong></span> <span class='ocrx_word' id='word_1_429' title='bbox 2125 4462 2179 4506; x_wconf 92' lang='lat' dir='ltr'><strong>et</strong></span> <span class='ocrx_word' id='word_1_430' title='bbox 2202 4454 2343 4523; x_wconf 86' lang='lat' dir='ltr'><strong>patri</strong></span> 
     </span>
    </p>
   </div>
   <div class='ocr_carea' id='block_1_58' title="bbox 767 4536 2345 4616">
    <p class='ocr_par' dir='ltr' id='par_1_58' title="bbox 767 4536 2345 4616">
     <span class='ocr_line' id='line_1_58' title="bbox 767 4536 2345 4616; baseline 0.007 -28"><span class='ocrx_word' id='word_1_431' title='bbox 767 4536 938 4590; x_wconf 84' lang='lat' dir='ltr'><strong>filium</strong></span> <span class='ocrx_word' id='word_1_432' title='bbox 984 4537 1243 4593; x_wconf 86' lang='lat' dir='ltr'><strong>reddidit.</strong></span> <span class='ocrx_word' id='word_1_433' title='bbox 1292 4538 1451 4592; x_wconf 88' lang='lat' dir='ltr'><strong>Hunc</strong></span> <span class='ocrx_word' id='word_1_434' title='bbox 1485 4546 1541 4592; x_wconf 90' lang='lat' dir='ltr'>et</span> <span class='ocrx_word' id='word_1_435' title='bbox 1577 4554 1679 4609; x_wconf 75' lang='lat' dir='ltr'><strong>ego</strong></span> <span class='ocrx_word' id='word_1_436' title='bbox 1713 4540 1834 4610; x_wconf 88' lang='lat' dir='ltr'><strong>ipse</strong></span> <span class='ocrx_word' id='word_1_437' title='bbox 1865 4542 1999 4607; x_wconf 78' lang='lat' dir='ltr'><strong>vidi,</strong></span> <span class='ocrx_word' id='word_1_438' title='bbox 2044 4543 2254 4616; x_wconf 64' lang='grc'>1243</span> <span class='ocrx_word' id='word_1_439' title='bbox 2291 4553 2345 4601; x_wconf 89' lang='lat' dir='ltr'>et</span> 
     </span>
    </p>
   </div>
   <div class='ocr_carea' id='block_1_59' title="bbox 2515 1965 4018 2038">
    <p class='ocr_par' dir='ltr' id='par_1_59' title="bbox 2515 1965 4018 2038">
     <span class='ocr_line' id='line_1_59' title="bbox 2515 1965 4018 2038; baseline -0.005 -13"><span class='ocrx_word' id='word_1_440' title='bbox 2515 1968 2615 2027; x_wconf 77' lang='grc' dir='ltr'>Ἐκ</span> <span class='ocrx_word' id='word_1_441' title='bbox 2636 1971 2841 2026; x_wconf 90' lang='grc' dir='ltr'>τούτων</span> <span class='ocrx_word' id='word_1_442' title='bbox 2879 1970 2987 2025; x_wconf 84' lang='grc' dir='ltr'>τῶν</span> <span class='ocrx_word' id='word_1_443' title='bbox 3022 1972 3199 2026; x_wconf 87' lang='grc' dir='ltr'>πόνων</span> <span class='ocrx_word' id='word_1_444' title='bbox 3219 1970 3286 2023; x_wconf 73' lang='grc' dir='ltr'>τὰ</span> <span class='ocrx_word' id='word_1_445' title='bbox 3319 1965 3597 2037; x_wconf 83' lang='grc' dir='ltr'>τῆς-θείας</span> <span class='ocrx_word' id='word_1_446' title='bbox 3618 1970 3840 2038; x_wconf 81' lang='grc' dir='ltr'>χάριτος</span> <span class='ocrx_word' id='word_1_447' title='bbox 3863 1966 4018 2035; x_wconf 78' lang='grc' dir='ltr'>ἑδρέ·’</span> 
     </span>
    </p>
   </div>
   <div class='ocr_carea' id='block_1_60' title="bbox 2433 2057 4019 2136">
    <p class='ocr_par' dir='ltr' id='par_1_60' title="bbox 2433 2057 4019 2136">
     <span class='ocr_line' id='line_1_60' title="bbox 2433 2057 4019 2136; baseline -0.006 -18"><span class='ocrx_word' id='word_1_448' title='bbox 2433 2068 2574 2136; x_wconf 73' lang='grc' dir='ltr'>ψατο</span> <span class='ocrx_word' id='word_1_449' title='bbox 2631 2065 2779 2135; x_wconf 83' lang='grc' dir='ltr'>δῶρα</span> <span class='ocrx_word' id='word_1_450' title='bbox 2805 2105 2820 2130; x_wconf 95' lang='grc'>,</span> <span class='ocrx_word' id='word_1_451' title='bbox 2847 2058 2922 2117; x_wconf 83' lang='grc' dir='ltr'>ὧν</span> <span class='ocrx_word' id='word_1_452' title='bbox 2960 2065 3160 2126; x_wconf 89' lang='grc' dir='ltr'>πάντες</span> <span class='ocrx_word' id='word_1_453' title='bbox 3214 2060 3711 2132; x_wconf 82' lang='grc' dir='ltr'>μεταλαγχάνουσιν</span> <span class='ocrx_word' id='word_1_454' title='bbox 3738 2060 3788 2112; x_wconf 83' lang='grc' dir='ltr'><strong>οἱ</strong></span> <span class='ocrx_word' id='word_1_455' title='bbox 3826 2057 4019 2128; x_wconf 85' lang='grc' dir='ltr'>βουλό-</span> 
     </span>
    </p>
   </div>
   <div class='ocr_carea' id='block_1_61' title="bbox 2438 2148 4021 2227">
    <p class='ocr_par' dir='ltr' id='par_1_61' title="bbox 2438 2148 4021 2227">
     <span class='ocr_line' id='line_1_61' title="bbox 2438 2148 4021 2227; baseline -0.005 -19"><span class='ocrx_word' id='word_1_456' title='bbox 2438 2174 2608 2227; x_wconf 87' lang='grc' dir='ltr'>μενοι.</span> <span class='ocrx_word' id='word_1_457' title='bbox 2649 2156 2727 2226; x_wconf 82' lang='grc' dir='ltr'>Τῇ</span> <span class='ocrx_word' id='word_1_458' title='bbox 2754 2154 2862 2226; x_wconf 84' lang='grc' dir='ltr'>γὰρ</span> <span class='ocrx_word' id='word_1_459' title='bbox 2884 2154 3093 2206; x_wconf 77' lang='grc' dir='ltr'>ἐκείνου</span> <span class='ocrx_word' id='word_1_460' title='bbox 3118 2152 3353 2223; x_wconf 76' lang='grc' dir='ltr'>εὐλογίᾳ,</span> <span class='ocrx_word' id='word_1_461' title='bbox 3388 2151 3574 2204; x_wconf 77' lang='grc' dir='ltr'>πολλοὶ</span> <span class='ocrx_word' id='word_1_462' title='bbox 3612 2151 3708 2220; x_wconf 79' lang='grc' dir='ltr'>μὲν</span> <span class='ocrx_word' id='word_1_463' title='bbox 3747 2148 4021 2219; x_wconf 76' lang='grc' dir='ltr'>ἐσϐέσθη-</span> 
     </span>
    </p>
   </div>
   <div class='ocr_carea' id='block_1_62' title="bbox 2437 2241 4019 2314">
    <p class='ocr_par' dir='ltr' id='par_1_62' title="bbox 2437 2241 4019 2314">
     <span class='ocr_line' id='line_1_62' title="bbox 2437 2241 4019 2314; baseline -0.005 -13"><span class='ocrx_word' id='word_1_464' title='bbox 2437 2250 2535 2303; x_wconf 84' lang='grc' dir='ltr'>σάν</span> <span class='ocrx_word' id='word_1_465' title='bbox 2572 2266 2631 2302; x_wconf 89' lang='grc' dir='ltr'>τε</span> <span class='ocrx_word' id='word_1_466' title='bbox 2669 2248 2764 2301; x_wconf 78' lang='grc' dir='ltr'>καὶ</span> <span class='ocrx_word' id='word_1_467' title='bbox 2808 2246 3153 2300; x_wconf 79' lang='grc' dir='ltr'>σϐεννύονται</span> <span class='ocrx_word' id='word_1_468' title='bbox 3200 2244 3454 2314; x_wconf 85' lang='grc' dir='ltr'>πυρετοί·</span> <span class='ocrx_word' id='word_1_469' title='bbox 3502 2243 3685 2297; x_wconf 75' lang='grc' dir='ltr'>πολλοὶ</span> <span class='ocrx_word' id='word_1_470' title='bbox 3705 2243 3761 2295; x_wconf 89' lang='grc' dir='ltr'>δέ</span> <span class='ocrx_word' id='word_1_471' title='bbox 3789 2241 4019 2312; x_wconf 74' lang='grc' dir='ltr'>ἠπίαλοι</span> 
     </span>
    </p>
   </div>
   <div class='ocr_carea' id='block_1_63' title="bbox 2434 2325 4018 2409">
    <p class='ocr_par' dir='ltr' id='par_1_63' title="bbox 2434 2325 4018 2409">
     <span class='ocr_line' id='line_1_63' title="bbox 2434 2325 4018 2409; baseline -0.005 -16"><span class='ocrx_word' id='word_1_472' title='bbox 2434 2325 2723 2409; x_wconf 69' lang='grc' dir='ltr'>ἐλώφησάν</span> <span class='ocrx_word' id='word_1_473' title='bbox 2750 2355 2828 2401; x_wconf 87' lang='grc' dir='ltr'>τε,</span> <span class='ocrx_word' id='word_1_474' title='bbox 2859 2339 2952 2391; x_wconf 70' lang='grc' dir='ltr'>καὶ</span> <span class='ocrx_word' id='word_1_475' title='bbox 2978 2335 3255 2399; x_wconf 81' lang='grc' dir='ltr'>παντελῶς</span> <span class='ocrx_word' id='word_1_476' title='bbox 3304 2334 3669 2406; x_wconf 75' lang='grc' dir='ltr'>ὑπεχώρησαν</span> <span class='ocrx_word' id='word_1_477' title='bbox 3688 2350 3701 2363; x_wconf 85' lang='grc'><strong>·</strong></span> <span class='ocrx_word' id='word_1_478' title='bbox 3737 2334 3925 2387; x_wconf 69' lang='grc' dir='ltr'>πολλοὶ</span> <span class='ocrx_word' id='word_1_479' title='bbox 3955 2332 4018 2386; x_wconf 81' lang='grc' dir='ltr'>δὲ</span> 
     </span>
    </p>
   </div>
   <div class='ocr_carea' id='block_1_64' title="bbox 2436 2424 4021 2499">
    <p class='ocr_par' dir='ltr' id='par_1_64' title="bbox 2436 2424 4021 2499">
     <span class='ocr_line' id='line_1_64' title="bbox 2436 2424 4021 2499; baseline -0.004 -16"><span class='ocrx_word' id='word_1_480' title='bbox 2436 2432 2657 2499; x_wconf 80' lang='grc' dir='ltr'>φεύγειν</span> <span class='ocrx_word' id='word_1_481' title='bbox 2686 2428 3112 2499; x_wconf 74' lang='grc' dir='ltr'>ἡναγκάσθησαν</span> <span class='ocrx_word' id='word_1_482' title='bbox 3141 2427 3421 2497; x_wconf 73' lang='grc' dir='ltr'>δαίμονεςο</span> <span class='ocrx_word' id='word_1_483' title='bbox 3452 2426 3629 2480; x_wconf 77' lang='grc' dir='ltr'>καὶτὸ</span> <span class='ocrx_word' id='word_1_484' title='bbox 3656 2424 3800 2495; x_wconf 79' lang='grc' dir='ltr'>ὕδωρ</span> <span class='ocrx_word' id='word_1_485' title='bbox 3820 2425 3883 2477; x_wconf 80' lang='grc' dir='ltr'>τὸ</span> <span class='ocrx_word' id='word_1_486' title='bbox 3912 2424 4021 2477; x_wconf 75' lang='grc' dir='ltr'>ὑπὸ</span> 
     </span>
    </p>
   </div>
   <div class='ocr_carea' id='block_1_65' title="bbox 2436 2514 4020 2594">
    <p class='ocr_par' dir='ltr' id='par_1_65' title="bbox 2436 2514 4020 2594">
     <span class='ocr_line' id='line_1_65' title="bbox 2436 2514 4020 2594; baseline -0.008 -18"><span class='ocrx_word' id='word_1_487' title='bbox 2436 2523 2531 2594; x_wconf 80' lang='grc' dir='ltr'>τῆς</span> <span class='ocrx_word' id='word_1_488' title='bbox 2553 2520 2757 2574; x_wconf 87' lang='grc' dir='ltr'>ἐκείνου</span> <span class='ocrx_word' id='word_1_489' title='bbox 2774 2517 2953 2583; x_wconf 83' lang='grc' dir='ltr'>δεξιᾶς</span> <span class='ocrx_word' id='word_1_490' title='bbox 2971 2516 3189 2584; x_wconf 74' lang='grc' dir='ltr'>εὐλογού</span> <span class='ocrx_word' id='word_1_491' title='bbox 3199 2532 3358 2587; x_wconf 82' lang='grc' dir='ltr'>μενον</span> <span class='ocrx_word' id='word_1_492' title='bbox 3384 2514 3703 2581; x_wconf 75' lang='grc' dir='ltr'>ἀλεξίκακον</span> <span class='ocrx_word' id='word_1_493' title='bbox 3717 2514 4020 2585; x_wconf 80' lang='grc' dir='ltr'>φάρμακον</span> 
     </span>
    </p>
   </div>
   <div class='ocr_carea' id='block_1_66' title="bbox 2435 2606 4024 2685">
    <p class='ocr_par' dir='ltr' id='par_1_66' title="bbox 2435 2606 4024 2685">
     <span class='ocr_line' id='line_1_66' title="bbox 2435 2606 4024 2685; baseline -0.006 -17"><span class='ocrx_word' id='word_1_494' title='bbox 2435 2617 2663 2685; x_wconf 88' lang='grc' dir='ltr'>γίνεται.</span> <span class='ocrx_word' id='word_1_495' title='bbox 2706 2614 2801 2675; x_wconf 90' lang='grc' dir='ltr'>Τίς</span> <span class='ocrx_word' id='word_1_496' title='bbox 2833 2613 3019 2681; x_wconf 86' lang='grc' dir='ltr'>ἀγνοεῖ</span> <span class='ocrx_word' id='word_1_497' title='bbox 3060 2610 3153 2664; x_wconf 80' lang='grc' dir='ltr'>τοῦ</span> <span class='ocrx_word' id='word_1_498' title='bbox 3186 2609 3511 2681; x_wconf 87' lang='grc' dir='ltr'>τεθνηκότος</span> <span class='ocrx_word' id='word_1_499' title='bbox 3546 2609 3760 2662; x_wconf 76' lang='grc' dir='ltr'>παιδίου</span> <span class='ocrx_word' id='word_1_500' title='bbox 3802 2609 3901 2677; x_wconf 75' lang='grc' dir='ltr'>τὴν</span> <span class='ocrx_word' id='word_1_501' title='bbox 3926 2606 4024 2660; x_wconf 77' lang='grc' dir='ltr'>δια</span> 
     </span>
    </p>
   </div>
   <div class='ocr_carea' id='block_1_67' title="bbox 2434 2698 4021 2779">
    <p class='ocr_par' dir='ltr' id='par_1_67' title="bbox 2434 2698 4021 2779">
     <span class='ocr_line' id='line_1_67' title="bbox 2434 2698 4021 2779; baseline -0.006 -18"><span class='ocrx_word' id='word_1_502' title='bbox 2434 2708 2533 2779; x_wconf 75' lang='grc' dir='ltr'>τῆς</span> <span class='ocrx_word' id='word_1_503' title='bbox 2586 2708 2777 2761; x_wconf 86' lang='grc' dir='ltr'>τούτου</span> <span class='ocrx_word' id='word_1_504' title='bbox 2832 2705 3139 2777; x_wconf 82' lang='grc' dir='ltr'>προσευχῆς</span> <span class='ocrx_word' id='word_1_505' title='bbox 3185 2702 3485 2773; x_wconf 80' lang='grc' dir='ltr'>γενομένην</span> <span class='ocrx_word' id='word_1_506' title='bbox 3541 2702 3881 2766; x_wconf 76' lang='grc' dir='ltr'>ἀνάστασινς</span> <span class='ocrx_word' id='word_1_507' title='bbox 3924 2698 4021 2754; x_wconf 82' lang='grc' dir='ltr'>Ἑν</span> 
     </span>
    </p>
   </div>
   <div class='ocr_carea' id='block_1_68' title="bbox 2435 2794 4019 2870">
    <p class='ocr_par' dir='ltr' id='par_1_68' title="bbox 2435 2794 4019 2870">
     <span class='ocr_line' id='line_1_68' title="bbox 2435 2794 4019 2870; baseline -0.006 -17"><span class='ocrx_word' id='word_1_508' title='bbox 2435 2802 2544 2870; x_wconf 84' lang='grc' dir='ltr'>γὰρ</span> <span class='ocrx_word' id='word_1_509' title='bbox 2567 2804 2678 2863; x_wconf 82' lang='grc' dir='ltr'>τοῖς</span> <span class='ocrx_word' id='word_1_510' title='bbox 2701 2801 2797 2869; x_wconf 85' lang='grc' dir='ltr'>τῆς</span> <span class='ocrx_word' id='word_1_511' title='bbox 2820 2801 3028 2860; x_wconf 82' lang='grc' dir='ltr'>πόλεως</span> <span class='ocrx_word' id='word_1_512' title='bbox 3066 2796 3415 2867; x_wconf 86' lang='grc' dir='ltr'>προαστείοις</span> <span class='ocrx_word' id='word_1_513' title='bbox 3446 2796 3495 2845; x_wconf 83' lang='grc' dir='ltr'><strong>οἱ</strong></span> <span class='ocrx_word' id='word_1_514' title='bbox 3522 2794 3716 2848; x_wconf 88' lang='grc' dir='ltr'>τούτου</span> <span class='ocrx_word' id='word_1_515' title='bbox 3748 2794 3858 2846; x_wconf 72' lang='grc' dir='ltr'>εἰσὶ</span> <span class='ocrx_word' id='word_1_516' title='bbox 3890 2804 4019 2859; x_wconf 87' lang='grc' dir='ltr'>γεν-</span> 
     </span>
    </p>
   </div>
   <div class='ocr_carea' id='block_1_69' title="bbox 2437 2886 4019 2964">
    <p class='ocr_par' dir='ltr' id='par_1_69' title="bbox 2437 2886 4019 2964">
     <span class='ocr_line' id='line_1_69' title="bbox 2437 2886 4019 2964; baseline -0.006 -18"><span class='ocrx_word' id='word_1_517' title='bbox 2437 2895 2681 2964; x_wconf 87' lang='grc' dir='ltr'>νήτορες,</span> <span class='ocrx_word' id='word_1_518' title='bbox 2723 2892 2772 2945; x_wconf 84' lang='grc' dir='ltr'><strong>οἳ</strong></span> <span class='ocrx_word' id='word_1_519' title='bbox 2808 2890 3019 2945; x_wconf 85' lang='grc' dir='ltr'>πολλῶν</span> <span class='ocrx_word' id='word_1_520' title='bbox 3066 2889 3165 2959; x_wconf 84' lang='grc' dir='ltr'>μὲν</span> <span class='ocrx_word' id='word_1_521' title='bbox 3216 2888 3418 2941; x_wconf 83' lang='grc' dir='ltr'>παιδῶν</span> <span class='ocrx_word' id='word_1_522' title='bbox 3463 2888 3708 2955; x_wconf 81' lang='grc' dir='ltr'>ἐγένοντο</span> <span class='ocrx_word' id='word_1_523' title='bbox 3757 2886 4019 2956; x_wconf 79' lang='grc' dir='ltr'>πατέρες,</span> 
     </span>
    </p>
   </div>
   <div class='ocr_carea' id='block_1_70' title="bbox 2438 2978 4023 3053">
    <p class='ocr_par' dir='ltr' id='par_1_70' title="bbox 2438 2978 4023 3053">
     <span class='ocr_line' id='line_1_70' title="bbox 2438 2978 4023 3053; baseline -0.007 -13"><span class='ocrx_word' id='word_1_524' title='bbox 2438 2986 2644 3047; x_wconf 76' lang='grc' dir='ltr'>πάντας</span> <span class='ocrx_word' id='word_1_525' title='bbox 2660 2984 2715 3038; x_wconf 86' lang='grc' dir='ltr'>δὲ</span> <span class='ocrx_word' id='word_1_526' title='bbox 2736 2983 2947 3050; x_wconf 82' lang='grc' dir='ltr'>ἀώρους</span> <span class='ocrx_word' id='word_1_527' title='bbox 2973 2983 3051 3053; x_wconf 83' lang='grc' dir='ltr'>τῷ</span> <span class='ocrx_word' id='word_1_528' title='bbox 3080 2984 3234 3052; x_wconf 73' lang='grc' dir='ltr'>τάερῳ</span> <span class='ocrx_word' id='word_1_529' title='bbox 3267 2980 3657 3053; x_wconf 77' lang='grc' dir='ltr'>παρέπεμψαν.</span> <span class='ocrx_word' id='word_1_530' title='bbox 3682 2980 3810 3032; x_wconf 85' lang='grc' dir='ltr'>Ὅτε</span> <span class='ocrx_word' id='word_1_531' title='bbox 3836 2978 4023 3031; x_wconf 79' lang='grc' dir='ltr'>τοίνυν</span> 
     </span>
    </p>
   </div>
   <div class='ocr_carea' id='block_1_71' title="bbox 2436 3071 4023 3143">
    <p class='ocr_par' dir='ltr' id='par_1_71' title="bbox 2436 3071 4023 3143">
     <span class='ocr_line' id='line_1_71' title="bbox 2436 3071 4023 3143; baseline -0.006 -12"><span class='ocrx_word' id='word_1_532' title='bbox 2436 3078 2592 3131; x_wconf 71' lang='grc' dir='ltr'>τοῦτο</span> <span class='ocrx_word' id='word_1_533' title='bbox 2650 3076 2710 3129; x_wconf 80' lang='grc' dir='ltr'>τὸ</span> <span class='ocrx_word' id='word_1_534' title='bbox 2783 3073 3089 3128; x_wconf 84' lang='grc' dir='ltr'>τελευταῖον</span> <span class='ocrx_word' id='word_1_535' title='bbox 3154 3073 3415 3143; x_wconf 78' lang='grc' dir='ltr'>ἐγεννήθη</span> <span class='ocrx_word' id='word_1_536' title='bbox 3468 3073 3677 3126; x_wconf 83' lang='grc' dir='ltr'>παιδίον</span> <span class='ocrx_word' id='word_1_537' title='bbox 3711 3112 3725 3135; x_wconf 93' lang='grc'>,</span> <span class='ocrx_word' id='word_1_538' title='bbox 3782 3071 4023 3140; x_wconf 76' lang='grc' dir='ltr'>ἔδραμεν</span> 
     </span>
    </p>
   </div>
   <div class='ocr_carea' id='block_1_72' title="bbox 2436 3164 4014 3237">
    <p class='ocr_par' dir='ltr' id='par_1_72' title="bbox 2436 3164 4014 3237">
     <span class='ocr_line' id='line_1_72' title="bbox 2436 3164 4014 3237; baseline -0.003 -17"><span class='ocrx_word' id='word_1_539' title='bbox 2436 3173 2461 3223; x_wconf 80' lang='grc' dir='ltr'><strong>ὁ</strong></span> <span class='ocrx_word' id='word_1_540' title='bbox 2512 3172 2693 3237; x_wconf 75' lang='grc' dir='ltr'>πατὴρ</span> <span class='ocrx_word' id='word_1_541' title='bbox 2757 3166 2891 3235; x_wconf 83' lang='grc' dir='ltr'>πρὸς</span> <span class='ocrx_word' id='word_1_542' title='bbox 2941 3165 3045 3218; x_wconf 76' lang='grc' dir='ltr'>,τὸν</span> <span class='ocrx_word' id='word_1_543' title='bbox 3089 3164 3183 3218; x_wconf 81' lang='grc' dir='ltr'>τοῦ</span> <span class='ocrx_word' id='word_1_544' title='bbox 3231 3164 3365 3217; x_wconf 82' lang='grc' dir='ltr'>Θεοῦ</span> <span class='ocrx_word' id='word_1_545' title='bbox 3418 3164 3733 3233; x_wconf 80' lang='grc' dir='ltr'>ἄνθρωπον,</span> <span class='ocrx_word' id='word_1_546' title='bbox 3791 3165 4014 3235; x_wconf 82' lang='grc' dir='ltr'>μακρᾶς</span> 
     </span>
    </p>
   </div>
   <div class='ocr_carea' id='block_1_73' title="bbox 2438 3255 4021 3328">
    <p class='ocr_par' dir='ltr' id='par_1_73' title="bbox 2438 3255 4021 3328">
     <span class='ocr_line' id='line_1_73' title="bbox 2438 3255 4021 3328; baseline -0.004 -15"><span class='ocrx_word' id='word_1_547' title='bbox 2438 3259 2584 3328; x_wconf 83' lang='grc' dir='ltr'>αύτῷ</span> <span class='ocrx_word' id='word_1_548' title='bbox 2599 3260 2739 3327; x_wconf 83' lang='grc' dir='ltr'>ζωῆς</span> <span class='ocrx_word' id='word_1_549' title='bbox 2758 3258 3076 3328; x_wconf 81' lang='grc' dir='ltr'>μεταλαχεῖν</span> <span class='ocrx_word' id='word_1_550' title='bbox 3092 3258 3372 3319; x_wconf 79' lang='grc' dir='ltr'>ἱκετεύων,</span> <span class='ocrx_word' id='word_1_551' title='bbox 3387 3257 3480 3309; x_wconf 73' lang='grc' dir='ltr'>καὶ</span> <span class='ocrx_word' id='word_1_552' title='bbox 3495 3255 3921 3326; x_wconf 79' lang='grc' dir='ltr'>ὑπισχνούμενος</span> <span class='ocrx_word' id='word_1_553' title='bbox 3942 3255 4021 3323; x_wconf 79' lang='grc' dir='ltr'>τῷ</span> 
     </span>
    </p>
   </div>
   <div class='ocr_carea' id='block_1_74' title="bbox 2440 3348 4023 3421">
    <p class='ocr_par' dir='ltr' id='par_1_74' title="bbox 2440 3348 4023 3421">
     <span class='ocr_line' id='line_1_74' title="bbox 2440 3348 4023 3421; baseline -0.002 -17"><span class='ocrx_word' id='word_1_554' title='bbox 2440 3350 2560 3421; x_wconf 82' lang='grc' dir='ltr'>Θεῷ</span> <span class='ocrx_word' id='word_1_555' title='bbox 2594 3351 2904 3421; x_wconf 84' lang='grc' dir='ltr'>ἀναθήσειν,</span> <span class='ocrx_word' id='word_1_556' title='bbox 2941 3352 2993 3403; x_wconf 84' lang='grc' dir='ltr'>εί</span> <span class='ocrx_word' id='word_1_557' title='bbox 3033 3350 3238 3419; x_wconf 79' lang='grc' dir='ltr'>ζήσειε.</span> <span class='ocrx_word' id='word_1_558' title='bbox 3265 3351 3520 3420; x_wconf 78' lang='grc' dir='ltr'>Τέσσαρα</span> <span class='ocrx_word' id='word_1_559' title='bbox 3574 3350 3754 3402; x_wconf 87' lang='grc' dir='ltr'>τοίνυν</span> <span class='ocrx_word' id='word_1_560' title='bbox 3780 3348 3872 3418; x_wconf 69' lang='grc' dir='ltr'>ἔτη</span> <span class='ocrx_word' id='word_1_561' title='bbox 3902 3349 4023 3401; x_wconf 56' lang='grc' dir='ltr'>διαί</span> 
     </span>
    </p>
   </div>
   <div class='ocr_carea' id='block_1_75' title="bbox 2442 3442 4019 3513">
    <p class='ocr_par' dir='ltr' id='par_1_75' title="bbox 2442 3442 4019 3513">
     <span class='ocr_line' id='line_1_75' title="bbox 2442 3442 4019 3513; baseline -0.003 -17"><span class='ocrx_word' id='word_1_562' title='bbox 2442 3444 2665 3509; x_wconf 80' lang='grc' dir='ltr'>ϐιῶσαν,</span> <span class='ocrx_word' id='word_1_563' title='bbox 2694 3443 2910 3507; x_wconf 81' lang='grc' dir='ltr'>ἐδέξατο</span> <span class='ocrx_word' id='word_1_564' title='bbox 2933 3442 3027 3496; x_wconf 73' lang='grc' dir='ltr'>τοῦ</span> <span class='ocrx_word' id='word_1_565' title='bbox 3061 3442 3175 3513; x_wconf 80' lang='grc' dir='ltr'>βίον</span> <span class='ocrx_word' id='word_1_566' title='bbox 3190 3443 3248 3495; x_wconf 84' lang='grc' dir='ltr'>τὸ</span> <span class='ocrx_word' id='word_1_567' title='bbox 3266 3443 3436 3506; x_wconf 80' lang='grc' dir='ltr'>τέλος.</span> <span class='ocrx_word' id='word_1_568' title='bbox 3467 3442 3639 3511; x_wconf 83' lang='grc' dir='ltr'>Ἀπῆν</span> <span class='ocrx_word' id='word_1_569' title='bbox 3662 3442 3719 3494; x_wconf 85' lang='grc' dir='ltr'>δέ</span> <span class='ocrx_word' id='word_1_570' title='bbox 3739 3443 3767 3494; x_wconf 85' lang='grc' dir='ltr'><strong>ὁ</strong></span> <span class='ocrx_word' id='word_1_571' title='bbox 3802 3443 3984 3511; x_wconf 71' lang='grc' dir='ltr'>πατὴρ</span> <span class='ocrx_word' id='word_1_572' title='bbox 4006 3458 4019 3473; x_wconf 88' lang='grc'><strong>·</strong></span> 
     </span>
    </p>
   </div>
   <div class='ocr_carea' id='block_1_76' title="bbox 2443 3533 4024 3606">
    <p class='ocr_par' dir='ltr' id='par_1_76' title="bbox 2443 3533 4024 3606">
     <span class='ocr_line' id='line_1_76' title="bbox 2443 3533 4024 3606; baseline -0.003 -16"><span class='ocrx_word' id='word_1_573' title='bbox 2443 3537 2771 3606; x_wconf 76' lang='grc' dir='ltr'>ἀφικόμενος</span> <span class='ocrx_word' id='word_1_574' title='bbox 2800 3535 2856 3588; x_wconf 72' lang='grc' dir='ltr'>δὲ</span> <span class='ocrx_word' id='word_1_575' title='bbox 2888 3536 3166 3604; x_wconf 66' lang='grc' dir='ltr'>ἐξαίφνης,</span> <span class='ocrx_word' id='word_1_576' title='bbox 3199 3536 3299 3606; x_wconf 76' lang='grc' dir='ltr'>ὁρᾷ</span> <span class='ocrx_word' id='word_1_577' title='bbox 3319 3533 3478 3588; x_wconf 79' lang='grc' dir='ltr'>τοῦτο</span> <span class='ocrx_word' id='word_1_578' title='bbox 3500 3533 3687 3587; x_wconf 71' lang='grc' dir='ltr'>λοιπὸν</span> <span class='ocrx_word' id='word_1_579' title='bbox 3716 3534 4024 3603; x_wconf 69' lang='grc' dir='ltr'>ἐκφερόμε-</span> 
     </span>
    </p>
   </div>
   <div class='ocr_carea' id='block_1_77' title="bbox 2443 3624 4019 3697">
    <p class='ocr_par' dir='ltr' id='par_1_77' title="bbox 2443 3624 4019 3697">
     <span class='ocr_line' id='line_1_77' title="bbox 2443 3624 4019 3697; baseline -0.003 -17"><span class='ocrx_word' id='word_1_580' title='bbox 2443 3645 2551 3693; x_wconf 90' lang='grc' dir='ltr'>νον,</span> <span class='ocrx_word' id='word_1_581' title='bbox 2586 3628 2679 3679; x_wconf 79' lang='grc' dir='ltr'>κα¹ι</span> <span class='ocrx_word' id='word_1_582' title='bbox 2724 3625 2979 3696; x_wconf 82' lang='grc' dir='ltr'>ἁρπάσας</span> <span class='ocrx_word' id='word_1_583' title='bbox 3005 3627 3113 3678; x_wconf 82' lang='grc' dir='ltr'>ἀπὸ</span> <span class='ocrx_word' id='word_1_584' title='bbox 3147 3626 3248 3695; x_wconf 78' lang='grc' dir='ltr'>τῆς</span> <span class='ocrx_word' id='word_1_585' title='bbox 3274 3624 3489 3697; x_wconf 85' lang='grc' dir='ltr'>κλίνης·</span> <span class='ocrx_word' id='word_1_586' title='bbox 3532 3645 3549 3675; x_wconf 87' lang='grc' dir='ltr'>ι</span> <span class='ocrx_word' id='word_1_587' title='bbox 3576 3626 3866 3695; x_wconf 59' lang='grc' dir='ltr'>Προσίῃιει,</span> <span class='ocrx_word' id='word_1_588' title='bbox 3893 3624 4019 3693; x_wconf 75' lang='grc' dir='ltr'>ἔφη,</span> 
     </span>
    </p>
   </div>
   <div class='ocr_carea' id='block_1_78' title="bbox 2444 3714 4025 3791">
    <p class='ocr_par' dir='ltr' id='par_1_78' title="bbox 2444 3714 4025 3791">
     <span class='ocr_line' id='line_1_78' title="bbox 2444 3714 4025 3791; baseline -0.004 -19"><span class='ocrx_word' id='word_1_589' title='bbox 2444 3719 2731 3791; x_wconf 82' lang='grc' dir='ltr'>πληρῶσαι</span> <span class='ocrx_word' id='word_1_590' title='bbox 2775 3737 2840 3787; x_wconf 81' lang='grc' dir='ltr'>με</span> <span class='ocrx_word' id='word_1_591' title='bbox 2885 3719 2983 3790; x_wconf 80' lang='grc' dir='ltr'>τὴν</span> <span class='ocrx_word' id='word_1_592' title='bbox 3030 3718 3345 3788; x_wconf 82' lang='grc' dir='ltr'>ὑπόσχεσιν,</span> <span class='ocrx_word' id='word_1_593' title='bbox 3379 3718 3475 3771; x_wconf 76' lang='grc' dir='ltr'>καὶ</span> <span class='ocrx_word' id='word_1_594' title='bbox 3500 3717 3577 3787; x_wconf 84' lang='grc' dir='ltr'>τῷ</span> <span class='ocrx_word' id='word_1_595' title='bbox 3622 3716 3714 3768; x_wconf 74' lang='grc' dir='ltr'>τοῦ</span> <span class='ocrx_word' id='word_1_596' title='bbox 3769 3714 3906 3767; x_wconf 77' lang='grc' dir='ltr'>Θεοῦ</span> <span class='ocrx_word' id='word_1_597' title='bbox 3934 3718 4025 3768; x_wconf 73' lang='grc' dir='ltr'>άν-</span> 
     </span>
    </p>
   </div>
   <div class='ocr_carea' id='block_1_79' title="bbox 2444 3810 4021 3885">
    <p class='ocr_par' dir='ltr' id='par_1_79' title="bbox 2444 3810 4021 3885">
     <span class='ocr_line' id='line_1_79' title="bbox 2444 3810 4021 3885; baseline -0.004 -19"><span class='ocrx_word' id='word_1_598' title='bbox 2444 3814 2647 3885; x_wconf 78' lang='grc' dir='ltr'>θρώπῳ</span> <span class='ocrx_word' id='word_1_599' title='bbox 2677 3815 2769 3866; x_wconf 73' lang='grc' dir='ltr'>καὶ</span> <span class='ocrx_word' id='word_1_600' title='bbox 2792 3812 3005 3874; x_wconf 80' lang='grc' dir='ltr'>τεθνεδς</span> <span class='ocrx_word' id='word_1_601' title='bbox 3037 3811 3348 3865; x_wconf 79' lang='grc' dir='ltr'>ἀποδοῦναι.</span> <span class='ocrx_word' id='word_1_602' title='bbox 3385 3830 3402 3861; x_wconf 84' lang='grc'><strong>›</strong></span> <span class='ocrx_word' id='word_1_603' title='bbox 3446 3811 3553 3863; x_wconf 74' lang='grc' dir='ltr'>Καὶ</span> <span class='ocrx_word' id='word_1_604' title='bbox 3577 3810 3918 3877; x_wconf 55' lang='grc' dir='ltr'>ἀπεκόμισεν</span> <span class='ocrx_word' id='word_1_605' title='bbox 3948 3810 4021 3871; x_wconf 82' lang='grc' dir='ltr'>ὡς</span> 
     </span>
    </p>
   </div>
   <div class='ocr_carea' id='block_1_80' title="bbox 2445 3898 4022 3975">
    <p class='ocr_par' dir='ltr' id='par_1_80' title="bbox 2445 3898 4022 3975">
     <span class='ocr_line' id='line_1_80' title="bbox 2445 3898 4022 3975; baseline -0.004 -19"><span class='ocrx_word' id='word_1_606' title='bbox 2445 3904 2764 3975; x_wconf 83' lang='grc' dir='ltr'>προείρηκε,</span> <span class='ocrx_word' id='word_1_607' title='bbox 2798 3904 2889 3955; x_wconf 72' lang='grc' dir='ltr'>καὶ</span> <span class='ocrx_word' id='word_1_608' title='bbox 2914 3902 3110 3973; x_wconf 81' lang='grc' dir='ltr'>τέθηκε</span> <span class='ocrx_word' id='word_1_609' title='bbox 3132 3902 3233 3971; x_wconf 76' lang='grc' dir='ltr'>πρὸ</span> <span class='ocrx_word' id='word_1_610' title='bbox 3248 3901 3356 3953; x_wconf 87' lang='grc' dir='ltr'>τῶν</span> <span class='ocrx_word' id='word_1_611' title='bbox 3384 3901 3552 3969; x_wconf 83' lang='grc' dir='ltr'>ἁγίων</span> <span class='ocrx_word' id='word_1_612' title='bbox 3574 3898 3795 3952; x_wconf 87' lang='grc' dir='ltr'>ἐκείνων</span> <span class='ocrx_word' id='word_1_613' title='bbox 3821 3899 4022 3957; x_wconf 66' lang='grc' dir='ltr'>ποδῶν,</span> 
     </span>
    </p>
   </div>
   <div class='ocr_carea' id='block_1_81' title="bbox 2443 3982 4023 4063">
    <p class='ocr_par' dir='ltr' id='par_1_81' title="bbox 2443 3982 4023 4063">
     <span class='ocr_line' id='line_1_81' title="bbox 2443 3982 4023 4063; baseline -0.004 -16"><span class='ocrx_word' id='word_1_614' title='bbox 2443 3995 2615 4063; x_wconf 84' lang='grc' dir='ltr'>λέγων</span> <span class='ocrx_word' id='word_1_615' title='bbox 2645 3996 2827 4047; x_wconf 81' lang='grc' dir='ltr'>ἐκεῖνα</span> <span class='ocrx_word' id='word_1_616' title='bbox 2859 3994 2894 4046; x_wconf 77' lang='grc' dir='ltr'>ἃ.</span> <span class='ocrx_word' id='word_1_617' title='bbox 2918 3994 3012 4046; x_wconf 74' lang='grc' dir='ltr'>καὶ</span> <span class='ocrx_word' id='word_1_618' title='bbox 3056 3996 3165 4057; x_wconf 88' lang='grc' dir='ltr'>τοῖς</span> <span class='ocrx_word' id='word_1_619' title='bbox 3190 3982 3411 4055; x_wconf 74' lang='grc' dir='ltr'>οἰκείοις</span> <span class='ocrx_word' id='word_1_620' title='bbox 3440 3993 3668 4063; x_wconf 77' lang='grc' dir='ltr'>εἰρήκει.</span> <span class='ocrx_word' id='word_1_621' title='bbox 3706 3991 3764 4042; x_wconf 85' lang='grc' dir='ltr'>ὐ</span> <span class='ocrx_word' id='word_1_622' title='bbox 3793 3990 3851 4042; x_wconf 81' lang='grc' dir='ltr'>δὲ</span> <span class='ocrx_word' id='word_1_623' title='bbox 3881 3989 4023 4052; x_wconf 79' lang='grc' dir='ltr'>θεῖος</span> 
     </span>
    </p>
   </div>
   <div class='ocr_carea' id='block_1_82' title="bbox 2443 4080 4025 4156">
    <p class='ocr_par' dir='ltr' id='par_1_82' title="bbox 2443 4080 4025 4156">
     <span class='ocr_line' id='line_1_82' title="bbox 2443 4080 4025 4156; baseline -0.003 -16"><span class='ocrx_word' id='word_1_624' title='bbox 2443 4085 2727 4156; x_wconf 79' lang='grc' dir='ltr'>ἄνθρωπος</span> <span class='ocrx_word' id='word_1_625' title='bbox 2778 4084 3147 4155; x_wconf 79' lang='grc' dir='ltr'>προτεθεικὼς</span> <span class='ocrx_word' id='word_1_626' title='bbox 3194 4084 3253 4137; x_wconf 80' lang='grc' dir='ltr'>τὸ</span> <span class='ocrx_word' id='word_1_627' title='bbox 3298 4083 3529 4147; x_wconf 84' lang='grc' dir='ltr'>παιδίον,</span> <span class='ocrx_word' id='word_1_628' title='bbox 3576 4083 3672 4136; x_wconf 71' lang='grc' dir='ltr'>καὶ</span> <span class='ocrx_word' id='word_1_629' title='bbox 3705 4080 3772 4134; x_wconf 75' lang='grc' dir='ltr'>τὰ</span> <span class='ocrx_word' id='word_1_630' title='bbox 3818 4082 4025 4149; x_wconf 79' lang='grc' dir='ltr'>γόνατα</span> 
     </span>
    </p>
   </div>
   <div class='ocr_carea' id='block_1_83' title="bbox 2444 4174 4023 4247">
    <p class='ocr_par' dir='ltr' id='par_1_83' title="bbox 2444 4174 4023 4247">
     <span class='ocr_line' id='line_1_83' title="bbox 2444 4174 4023 4247; baseline -0.004 -16"><span class='ocrx_word' id='word_1_631' title='bbox 2444 4177 2651 4240; x_wconf 83' lang='grc' dir='ltr'>κλίνας,</span> <span class='ocrx_word' id='word_1_632' title='bbox 2685 4176 2862 4230; x_wconf 77' lang='grc' dir='ltr'>ἔκειτο</span> <span class='ocrx_word' id='word_1_633' title='bbox 2886 4176 3117 4247; x_wconf 79' lang='grc' dir='ltr'>πρηνὴς,</span> <span class='ocrx_word' id='word_1_634' title='bbox 3153 4176 3244 4228; x_wconf 81' lang='grc' dir='ltr'>τὸν</span> <span class='ocrx_word' id='word_1_635' title='bbox 3272 4175 3418 4246; x_wconf 83' lang='grc' dir='ltr'>ζωῆς</span> <span class='ocrx_word' id='word_1_636' title='bbox 3442 4177 3536 4228; x_wconf 72' lang='grc' dir='ltr'>καὶ</span> <span class='ocrx_word' id='word_1_637' title='bbox 3557 4175 3790 4227; x_wconf 85' lang='grc' dir='ltr'>θανάτου</span> <span class='ocrx_word' id='word_1_638' title='bbox 3816 4174 4023 4225; x_wconf 81' lang='grc' dir='ltr'>Δεσπό-</span> 
     </span>
    </p>
   </div>
   <div class='ocr_carea' id='block_1_84' title="bbox 2444 4265 4023 4340">
    <p class='ocr_par' dir='ltr' id='par_1_84' title="bbox 2444 4265 4023 4340">
     <span class='ocr_line' id='line_1_84' title="bbox 2444 4265 4023 4340; baseline -0.003 -19"><span class='ocrx_word' id='word_1_639' title='bbox 2444 4286 2542 4340; x_wconf 86' lang='grc' dir='ltr'>την</span> <span class='ocrx_word' id='word_1_640' title='bbox 2581 4268 2933 4339; x_wconf 83' lang='grc' dir='ltr'>παρακαλῶν.</span> <span class='ocrx_word' id='word_1_641' title='bbox 2970 4267 3164 4337; x_wconf 88' lang='grc' dir='ltr'>Δείλης</span> <span class='ocrx_word' id='word_1_642' title='bbox 3196 4266 3253 4320; x_wconf 83' lang='grc' dir='ltr'>δὲ</span> <span class='ocrx_word' id='word_1_643' title='bbox 3298 4266 3460 4337; x_wconf 71' lang='grc' dir='ltr'>ὀψίας</span> <span class='ocrx_word' id='word_1_644' title='bbox 3498 4265 3677 4336; x_wconf 67' lang='grc' dir='ltr'>ἀφῆκε</span> <span class='ocrx_word' id='word_1_645' title='bbox 3700 4265 3759 4319; x_wconf 78' lang='grc' dir='ltr'>τὸ</span> <span class='ocrx_word' id='word_1_646' title='bbox 3810 4266 4023 4318; x_wconf 83' lang='grc' dir='ltr'>παιδίον</span> 
     </span>
    </p>
   </div>
   <div class='ocr_carea' id='block_1_85' title="bbox 2446 4357 4033 4432">
    <p class='ocr_par' dir='ltr' id='par_1_85' title="bbox 2446 4357 4033 4432">
     <span class='ocr_line' id='line_1_85' title="bbox 2446 4357 4033 4432; baseline -0.003 -19"><span class='ocrx_word' id='word_1_647' title='bbox 2446 4361 2646 4432; x_wconf 81' lang='grc' dir='ltr'>φωνὴν,</span> <span class='ocrx_word' id='word_1_648' title='bbox 2673 4360 2877 4414; x_wconf 78' lang='grc' dir='ltr'>καὶτὸν</span> <span class='ocrx_word' id='word_1_649' title='bbox 2908 4361 3120 4431; x_wconf 81' lang='grc' dir='ltr'>πατέρα</span> <span class='ocrx_word' id='word_1_650' title='bbox 3143 4359 3425 4413; x_wconf 75' lang='grc' dir='ltr'>ἐκάλεσεν.</span> <span class='ocrx_word' id='word_1_651' title='bbox 3480 4357 3666 4421; x_wconf 71' lang='grc' dir='ltr'>Οὕτως</span> <span class='ocrx_word' id='word_1_652' title='bbox 3698 4358 4033 4427; x_wconf 72' lang='grc' dir='ltr'>αἰσθόμενος</span> 
     </span>
    </p>
   </div>
   <div class='ocr_carea' id='block_1_86' title="bbox 2444 4449 4020 4521">
    <p class='ocr_par' dir='ltr' id='par_1_86' title="bbox 2444 4449 4020 4521">
     <span class='ocr_line' id='line_1_86' title="bbox 2444 4449 4020 4521; baseline -0.001 -16"><span class='ocrx_word' id='word_1_653' title='bbox 2444 4454 2473 4505; x_wconf 85' lang='grc' dir='ltr'>ὁ</span> <span class='ocrx_word' id='word_1_654' title='bbox 2498 4452 2781 4514; x_wconf 80' lang='grc' dir='ltr'>θεσπέσιος</span> <span class='ocrx_word' id='word_1_655' title='bbox 2828 4453 3033 4512; x_wconf 83' lang='grc' dir='ltr'>ἐκεῖνος</span> <span class='ocrx_word' id='word_1_656' title='bbox 3063 4452 3221 4521; x_wconf 83' lang='grc' dir='ltr'>ἀνὴρ,</span> <span class='ocrx_word' id='word_1_657' title='bbox 3251 4450 3325 4513; x_wconf 84' lang='grc' dir='ltr'>ὡς</span> <span class='ocrx_word' id='word_1_658' title='bbox 3359 4449 3456 4521; x_wconf 86' lang='grc' dir='ltr'>τὴν</span> <span class='ocrx_word' id='word_1_659' title='bbox 3491 4450 3726 4505; x_wconf 86' lang='grc' dir='ltr'>ἱκετείαν</span> <span class='ocrx_word' id='word_1_660' title='bbox 3748 4451 3777 4503; x_wconf 85' lang='grc' dir='ltr'>δ</span> <span class='ocrx_word' id='word_1_661' title='bbox 3812 4453 4020 4503; x_wconf 80' lang='grc' dir='ltr'>Δεσπό-</span> 
     </span>
    </p>
   </div>
   <div class='ocr_carea' id='block_1_87' title="bbox 2447 4542 4025 4614">
    <p class='ocr_par' dir='ltr' id='par_1_87' title="bbox 2447 4542 4025 4614">
     <span class='ocr_line' id='line_1_87' title="bbox 2447 4542 4025 4614; baseline -0.003 -17"><span class='ocrx_word' id='word_1_662' title='bbox 2447 4560 2543 4614; x_wconf 88' lang='grc' dir='ltr'>της</span> <span class='ocrx_word' id='word_1_663' title='bbox 2566 4544 2803 4609; x_wconf 82' lang='grc' dir='ltr'>ἐδέξατο,</span> <span class='ocrx_word' id='word_1_664' title='bbox 2836 4544 2928 4595; x_wconf 75' lang='grc' dir='ltr'>καὶ</span> <span class='ocrx_word' id='word_1_665' title='bbox 2952 4543 3051 4613; x_wconf 81' lang='grc' dir='ltr'>τὴν</span> <span class='ocrx_word' id='word_1_666' title='bbox 3082 4542 3224 4613; x_wconf 77' lang='grc' dir='ltr'>ζωὴν</span> <span class='ocrx_word' id='word_1_667' title='bbox 3267 4543 3624 4613; x_wconf 78' lang='grc' dir='ltr'>ἐχορήγησεν,</span> <span class='ocrx_word' id='word_1_668' title='bbox 3660 4542 3882 4611; x_wconf 83' lang='grc' dir='ltr'>ἀνέστη.</span> <span class='ocrx_word' id='word_1_669' title='bbox 3927 4544 4025 4595; x_wconf 75' lang='grc' dir='ltr'>καὶ</span> 
     </span>
    </p>
   </div>
   <div class='ocr_carea' id='block_1_88' title="bbox 761 4630 2339 4720">
    <p class='ocr_par' dir='ltr' id='par_1_88' title="bbox 761 4630 2339 4707">
     <span class='ocr_line' id='line_1_88' title="bbox 761 4630 2339 4707; baseline 0.01 -29"><span class='ocrx_word' id='word_1_670' title='bbox 761 4635 972 4696; x_wconf 88' lang='lat' dir='ltr'><strong>patrem</strong></span> <span class='ocrx_word' id='word_1_671' title='bbox 1006 4644 1131 4682; x_wconf 88' lang='lat' dir='ltr'>cum</span> <span class='ocrx_word' id='word_1_672' title='bbox 1167 4630 1499 4688; x_wconf 76' lang='lat' dir='ltr'><strong>miraculum</strong></span> <span class='ocrx_word' id='word_1_673' title='bbox 1535 4641 1791 4686; x_wconf 87' lang='lat' dir='ltr'><strong>narraret</strong></span> <span class='ocrx_word' id='word_1_674' title='bbox 1819 4633 2022 4700; x_wconf 88' lang='lat' dir='ltr'><strong>audivi,</strong></span> <span class='ocrx_word' id='word_1_675' title='bbox 2048 4638 2339 4707; x_wconf 90' lang='lat' dir='ltr'><strong>multisque</strong></span> 
     </span>
    </p>
   </div>
   <div class='ocr_carea' id='block_1_89' title="bbox 2435 4630 4025 4720">
    <p class='ocr_par' dir='ltr' id='par_1_89' title="bbox 2448 4633 4025 4707">
     <span class='ocr_line' id='line_1_89' title="bbox 2448 4633 4025 4707; baseline -0.002 -19"><span class='ocrx_word' id='word_1_676' title='bbox 2448 4636 2824 4707; x_wconf 76' lang='grc' dir='ltr'>προσκυνήσας</span> <span class='ocrx_word' id='word_1_677' title='bbox 2854 4634 2944 4687; x_wconf 66' lang='grc' dir='ltr'>τὸν</span> <span class='ocrx_word' id='word_1_678' title='bbox 2975 4634 3232 4687; x_wconf 80' lang='grc' dir='ltr'>ποιοῦντα</span> <span class='ocrx_word' id='word_1_679' title='bbox 3262 4633 3323 4687; x_wconf 80' lang='grc' dir='ltr'>τὸ</span> <span class='ocrx_word' id='word_1_680' title='bbox 3348 4633 3563 4703; x_wconf 82' lang='grc' dir='ltr'>θέλημα</span> <span class='ocrx_word' id='word_1_681' title='bbox 3598 4633 3707 4687; x_wconf 85' lang='grc' dir='ltr'>τῶν</span> <span class='ocrx_word' id='word_1_682' title='bbox 3750 4634 4025 4703; x_wconf 77' lang='grc' dir='ltr'>φούουμέ-</span> 
     </span>
    </p>
   </div>
   <div class='ocr_carea' id='block_1_90' title="bbox 763 4719 2339 4796">
    <p class='ocr_par' dir='ltr' id='par_1_90' title="bbox 763 4719 2339 4790">
     <span class='ocr_line' id='line_1_90' title="bbox 763 4719 2339 4790; baseline 0.01 -20"><span class='ocrx_word' id='word_1_683' title='bbox 763 4720 1127 4788; x_wconf 87' lang='lat' dir='ltr'><strong>apostolicum</strong></span> <span class='ocrx_word' id='word_1_684' title='bbox 1186 4719 1392 4775; x_wconf 86' lang='lat' dir='ltr'><strong>factum</strong></span> <span class='ocrx_word' id='word_1_685' title='bbox 1463 4725 1934 4790; x_wconf 84' lang='lat' dir='ltr'><strong>commemoravi,</strong></span> <span class='ocrx_word' id='word_1_686' title='bbox 1994 4719 2339 4785; x_wconf 82' lang='lat' dir='ltr'><strong>utilissimam</strong></span> 
     </span>
    </p>
   </div>
   <div class='ocr_carea' id='block_1_91' title="bbox 2435 4719 4031 4796">
    <p class='ocr_par' dir='ltr' id='par_1_91' title="bbox 2446 4724 4031 4796">
     <span class='ocr_line' id='line_1_91' title="bbox 2446 4724 4031 4796; baseline -0.003 -15"><span class='ocrx_word' id='word_1_687' title='bbox 2446 4745 2551 4781; x_wconf 91' lang='grc' dir='ltr'>νων</span> <span class='ocrx_word' id='word_1_688' title='bbox 2598 4726 2776 4788; x_wconf 80' lang='grc' dir='ltr'>αὐτὸν,</span> <span class='ocrx_word' id='word_1_689' title='bbox 2837 4725 2932 4779; x_wconf 75' lang='grc' dir='ltr'>καὶ</span> <span class='ocrx_word' id='word_1_690' title='bbox 2979 4725 3077 4795; x_wconf 83' lang='grc' dir='ltr'>τῆς</span> <span class='ocrx_word' id='word_1_691' title='bbox 3116 4725 3354 4794; x_wconf 86' lang='grc' dir='ltr'>δεήσεως</span> <span class='ocrx_word' id='word_1_692' title='bbox 3412 4724 3587 4778; x_wconf 80' lang='grc' dir='ltr'>αὐτῶν</span> <span class='ocrx_word' id='word_1_693' title='bbox 3640 4725 4031 4796; x_wconf 52' lang='grc' dir='ltr'>εβακούοντα,</span> 
     </span>
    </p>
   </div>
   <div class='ocr_carea' id='block_1_92' title="bbox 765 4810 2339 4893">
    <p class='ocr_par' dir='ltr' id='par_1_92' title="bbox 765 4810 2339 4887">
     <span class='ocr_line' id='line_1_92' title="bbox 765 4810 2339 4887; baseline 0.01 -26"><span class='ocrx_word' id='word_1_694' title='bbox 765 4810 1116 4866; x_wconf 85' lang='lat' dir='ltr'><strong>audientibus</strong></span> <span class='ocrx_word' id='word_1_695' title='bbox 1175 4814 1554 4869; x_wconf 90' lang='lat' dir='ltr'><strong>narrationem</strong></span> <span class='ocrx_word' id='word_1_696' title='bbox 1606 4814 1724 4871; x_wconf 88' lang='lat' dir='ltr'><strong>fore</strong></span> <span class='ocrx_word' id='word_1_697' title='bbox 1780 4832 1889 4870; x_wconf 90' lang='lat' dir='ltr'>non</span> <span class='ocrx_word' id='word_1_698' title='bbox 1941 4817 2228 4887; x_wconf 74' lang='lat' dir='ltr'><strong>ignorans.</strong></span> <span class='ocrx_word' id='word_1_699' title='bbox 2280 4821 2339 4876; x_wconf 84' lang='lat' dir='ltr'><strong>Et</strong></span> 
     </span>
    </p>
   </div>
   <div class='ocr_carea' id='block_1_93' title="bbox 2435 4810 4023 4893">
    <p class='ocr_par' dir='ltr' id='par_1_93' title="bbox 2444 4815 4023 4893">
     <span class='ocr_line' id='line_1_93' title="bbox 2444 4815 4023 4893; baseline -0.005 -20"><span class='ocrx_word' id='word_1_700' title='bbox 2444 4819 2773 4889; x_wconf 68' lang='grc' dir='ltr'>συνεπέρανε</span> <span class='ocrx_word' id='word_1_701' title='bbox 2799 4816 2902 4887; x_wconf 68' lang='grc' dir='ltr'>τὴν</span> <span class='ocrx_word' id='word_1_702' title='bbox 2925 4817 3182 4893; x_wconf 79' lang='grc' dir='ltr'>ἱκετείαν,</span> <span class='ocrx_word' id='word_1_703' title='bbox 3214 4818 3311 4869; x_wconf 67' lang='grc' dir='ltr'>καὶ</span> <span class='ocrx_word' id='word_1_704' title='bbox 3343 4815 3419 4885; x_wconf 86' lang='grc' dir='ltr'>τῷ</span> <span class='ocrx_word' id='word_1_705' title='bbox 3450 4815 3681 4885; x_wconf 82' lang='grc' dir='ltr'>φύσαντι</span> <span class='ocrx_word' id='word_1_706' title='bbox 3715 4816 3775 4869; x_wconf 72' lang='grc' dir='ltr'>τὸ</span> <span class='ocrx_word' id='word_1_707' title='bbox 3800 4815 4023 4868; x_wconf 76' lang='grc' dir='ltr'>παιδίον</span> 
     </span>
    </p>
   </div>
   <div class='ocr_carea' id='block_1_94' title="bbox 762 4902 2339 4978">
    <p class='ocr_par' dir='ltr' id='par_1_94' title="bbox 762 4902 2339 4976">
     <span class='ocr_line' id='line_1_94' title="bbox 762 4902 2339 4976; baseline 0.009 -23"><span class='ocrx_word' id='word_1_708' title='bbox 762 4902 993 4970; x_wconf 88' lang='lat' dir='ltr'><strong>ipsemet</strong></span> <span class='ocrx_word' id='word_1_709' title='bbox 1013 4903 1132 4971; x_wconf 84' lang='lat' dir='ltr'><strong>ejus</strong></span> <span class='ocrx_word' id='word_1_710' title='bbox 1166 4919 1309 4973; x_wconf 64' lang='lat' dir='ltr'><strong>saepe</strong></span> <span class='ocrx_word' id='word_1_711' title='bbox 1332 4906 1541 4960; x_wconf 82' lang='lat' dir='ltr'><strong>auxilio</strong></span> <span class='ocrx_word' id='word_1_712' title='bbox 1568 4906 1793 4976; x_wconf 85' lang='lat' dir='ltr'><strong>adjutus</strong></span> <span class='ocrx_word' id='word_1_713' title='bbox 1826 4907 1923 4965; x_wconf 91' lang='lat' dir='ltr'><strong>fui.</strong></span> <span class='ocrx_word' id='word_1_714' title='bbox 1955 4908 2135 4964; x_wconf 87' lang='lat' dir='ltr'><strong>Unum</strong></span> <span class='ocrx_word' id='word_1_715' title='bbox 2161 4920 2339 4967; x_wconf 86' lang='lat' dir='ltr'><strong>autem</strong></span> 
     </span>
    </p>
   </div>
   <div class='ocr_carea' id='block_1_95' title="bbox 2435 4902 4027 4978">
    <p class='ocr_par' dir='ltr' id='par_1_95' title="bbox 2443 4906 4027 4978">
     <span class='ocr_line' id='line_1_95' title="bbox 2443 4906 4027 4978; baseline -0.004 -14"><span class='ocrx_word' id='word_1_716' title='bbox 2443 4911 2713 4965; x_wconf 83' lang='grc' dir='ltr'>ἀπέδωκε.</span> <span class='ocrx_word' id='word_1_717' title='bbox 2773 4906 2943 4961; x_wconf 79' lang='grc' dir='ltr'>Τοῦτο</span> <span class='ocrx_word' id='word_1_718' title='bbox 2992 4907 3149 4976; x_wconf 83' lang='grc' dir='ltr'>κάγὼ</span> <span class='ocrx_word' id='word_1_719' title='bbox 3205 4907 3540 4978; x_wconf 81' lang='grc' dir='ltr'>ἐθεασάμην,</span> <span class='ocrx_word' id='word_1_720' title='bbox 3569 4906 3786 4961; x_wconf 77' lang='grc' dir='ltr'>καὶτοῦ</span> <span class='ocrx_word' id='word_1_721' title='bbox 3823 4908 4027 4976; x_wconf 77' lang='grc' dir='ltr'>πατρὸς</span> 
     </span>
    </p>
   </div>
   <div class='ocr_carea' id='block_1_96' title="bbox 764 4992 2339 5072">
    <p class='ocr_par' dir='ltr' id='par_1_96' title="bbox 764 4992 2339 5072">
     <span class='ocr_line' id='line_1_96' title="bbox 764 4992 2339 5072; baseline 0.007 -26"><span class='ocrx_word' id='word_1_722' title='bbox 764 5000 820 5046; x_wconf 91' lang='lat' dir='ltr'>et</span> <span class='ocrx_word' id='word_1_723' title='bbox 854 4992 1088 5046; x_wconf 84' lang='lat' dir='ltr'><strong>alterum</strong></span> <span class='ocrx_word' id='word_1_724' title='bbox 1122 4993 1380 5061; x_wconf 89' lang='lat' dir='ltr'><strong>referam,</strong></span> <span class='ocrx_word' id='word_1_725' title='bbox 1415 4995 1613 5065; x_wconf 82' lang='lat' dir='ltr'><strong>ingrati</strong></span> <span class='ocrx_word' id='word_1_726' title='bbox 1644 4996 1801 5052; x_wconf 90' lang='lat' dir='ltr'><strong>valde</strong></span> <span class='ocrx_word' id='word_1_727' title='bbox 1839 5000 2004 5054; x_wconf 89' lang='lat' dir='ltr'><strong>animi</strong></span> <span class='ocrx_word' id='word_1_728' title='bbox 2037 5016 2158 5056; x_wconf 84' lang='lat' dir='ltr'><strong>esse</strong></span> <span class='ocrx_word' id='word_1_729' title='bbox 2195 5002 2339 5072; x_wconf 88' lang='lat' dir='ltr'><strong>judi-</strong></span> 
     </span>
    </p>
   </div>
   <div class='ocr_carea' id='block_1_97' title="bbox 2435 4992 4030 5072">
    <p class='ocr_par' dir='ltr' id='par_1_97' title="bbox 2441 5000 4030 5072">
     <span class='ocr_line' id='line_1_97' title="bbox 2441 5000 4030 5072; baseline -0.004 -15"><span class='ocrx_word' id='word_1_730' title='bbox 2441 5005 2502 5057; x_wconf 85' lang='grc' dir='ltr'>τὸ</span> <span class='ocrx_word' id='word_1_731' title='bbox 2530 5003 2715 5072; x_wconf 81' lang='grc' dir='ltr'>θαῦμα</span> <span class='ocrx_word' id='word_1_732' title='bbox 2745 5001 3152 5071; x_wconf 75' lang='grc' dir='ltr'>διηγησαμένου</span> <span class='ocrx_word' id='word_1_733' title='bbox 3215 5002 3447 5069; x_wconf 85' lang='grc' dir='ltr'>ἀκήκοα,</span> <span class='ocrx_word' id='word_1_734' title='bbox 3480 5001 3575 5053; x_wconf 83' lang='grc' dir='ltr'>καὶ</span> <span class='ocrx_word' id='word_1_735' title='bbox 3615 5000 3831 5063; x_wconf 80' lang='grc' dir='ltr'>πολλοῖς</span> <span class='ocrx_word' id='word_1_736' title='bbox 3862 5016 4030 5070; x_wconf 82' lang='grc' dir='ltr'>προσ-</span> 
     </span>
    </p>
   </div>
   <div class='ocr_carea' id='block_1_98' title="bbox 762 5085 2339 5166">
    <p class='ocr_par' dir='ltr' id='par_1_98' title="bbox 762 5085 2339 5161">
     <span class='ocr_line' id='line_1_98' title="bbox 762 5085 2339 5161; baseline 0.009 -24"><span class='ocrx_word' id='word_1_737' title='bbox 762 5101 922 5149; x_wconf 86' lang='lat' dir='ltr'><strong>cans,</strong></span> <span class='ocrx_word' id='word_1_738' title='bbox 956 5085 1178 5141; x_wconf 88' lang='lat' dir='ltr'><strong>silentio</strong></span> <span class='ocrx_word' id='word_1_739' title='bbox 1221 5086 1507 5157; x_wconf 67' lang='lat' dir='ltr'><strong>praeterire</strong></span> <span class='ocrx_word' id='word_1_740' title='bbox 1550 5087 1802 5144; x_wconf 83' lang='lat' dir='ltr'><strong>beneﬁcii</strong></span> <span class='ocrx_word' id='word_1_741' title='bbox 1848 5105 2073 5161; x_wconf 70' lang='lat' dir='ltr'><strong>genera,</strong></span> <span class='ocrx_word' id='word_1_742' title='bbox 2108 5109 2209 5149; x_wconf 87' lang='lat' dir='ltr'>nec</span> <span class='ocrx_word' id='word_1_743' title='bbox 2242 5097 2339 5151; x_wconf 91' lang='lat' dir='ltr'><strong>do-</strong></span> 
     </span>
    </p>
   </div>
   <div class='ocr_carea' id='block_1_99' title="bbox 2435 5085 4029 5166">
    <p class='ocr_par' dir='ltr' id='par_1_99' title="bbox 2441 5086 4029 5166">
     <span class='ocr_line' id='line_1_99' title="bbox 2441 5086 4029 5166; baseline -0.003 -18"><span class='ocrx_word' id='word_1_744' title='bbox 2441 5086 2646 5166; x_wconf 78' lang='grc' dir='ltr'>ήνεγκα</span> <span class='ocrx_word' id='word_1_745' title='bbox 2672 5094 2731 5146; x_wconf 83' lang='grc' dir='ltr'>τὸ</span> <span class='ocrx_word' id='word_1_746' title='bbox 2749 5094 2993 5164; x_wconf 80' lang='grc' dir='ltr'>διήγημα</span> <span class='ocrx_word' id='word_1_747' title='bbox 3042 5094 3423 5159; x_wconf 81' lang='grc' dir='ltr'>ἀποστολικδν,</span> <span class='ocrx_word' id='word_1_748' title='bbox 3491 5091 3649 5155; x_wconf 84' lang='grc' dir='ltr'>εἰδὼς</span> <span class='ocrx_word' id='word_1_749' title='bbox 3694 5093 3791 5146; x_wconf 70' lang='grc' dir='ltr'>καὶ</span> <span class='ocrx_word' id='word_1_750' title='bbox 3828 5092 4029 5161; x_wconf 80' lang='grc' dir='ltr'>πολλῆς</span> 
     </span>
    </p>
   </div>
   <div class='ocr_carea' id='block_1_100' title="bbox 762 5172 4023 5254">
    <p class='ocr_par' dir='ltr' id='par_1_100' title="bbox 762 5172 4023 5254">
     <span class='ocr_line' id='line_1_100' title="bbox 762 5172 4023 5254; baseline 0.002 -25"><span class='ocrx_word' id='word_1_751' title='bbox 762 5192 904 5231; x_wconf 74' lang='lat' dir='ltr'><strong>rere.</strong></span> <span class='ocrx_word' id='word_1_752' title='bbox 1964 5172 1969 5179; x_wconf 67' lang='grc'><em>’</em></span> <span class='ocrx_word' id='word_1_753' title='bbox 2439 5184 2708 5253; x_wconf 69' lang='grc' dir='ltr'>ὠφελείας</span> <span class='ocrx_word' id='word_1_754' title='bbox 2771 5186 2891 5247; x_wconf 72' lang='grc' dir='ltr'>’τοϊς¹</span> <span class='ocrx_word' id='word_1_755' title='bbox 2954 5183 3341 5253; x_wconf 80' lang='grc' dir='ltr'>ἀκουσομένοις</span> <span class='ocrx_word' id='word_1_756' title='bbox 3411 5183 3670 5252; x_wconf 65' lang='grc' dir='ltr'>ἐσόμε-ων</span> <span class='ocrx_word' id='word_1_757' title='bbox 3738 5183 4023 5254; x_wconf 74' lang='grc' dir='ltr'>πρόξενον.</span> 
     </span>
    </p>
   </div>
   <div class='ocr_carea' id='block_1_101' title="bbox 764 5265 4035 5353">
    <p class='ocr_par' dir='ltr' id='par_1_101' title="bbox 764 5265 4035 5353">
     <span class='ocr_line' id='line_1_101' title="bbox 764 5265 4035 5353; baseline 0.003 -33"><span class='ocrx_word' id='word_1_758' title='bbox 764 5265 931 5335; x_wconf 74' lang='grc' dir='ltr'>Κάγὼ</span> <span class='ocrx_word' id='word_1_759' title='bbox 953 5267 1008 5320; x_wconf 81' lang='grc' dir='ltr'>δὲ</span> <span class='ocrx_word' id='word_1_760' title='bbox 1033 5266 1289 5333; x_wconf 80' lang='grc' dir='ltr'>πολλάκις</span> <span class='ocrx_word' id='word_1_761' title='bbox 1310 5269 1407 5339; x_wconf 86' lang='grc' dir='ltr'>τῆς</span> <span class='ocrx_word' id='word_1_762' title='bbox 1433 5268 1624 5323; x_wconf 87' lang='grc' dir='ltr'>τούτου</span> <span class='ocrx_word' id='word_1_763' title='bbox 1648 5271 1961 5353; x_wconf 72' lang='grc' dir='ltr'>ἐπικουρίας</span> <span class='ocrx_word' id='word_1_764' title='bbox 2001 5276 2290 5346; x_wconf 83' lang='grc' dir='ltr'>ἀπήλαυσα</span> <span class='ocrx_word' id='word_1_765' title='bbox 2309 5295 2324 5310; x_wconf 77' lang='grc' dir='ltr'><strong>ο</strong></span> <span class='ocrx_word' id='word_1_766' title='bbox 2368 5278 2496 5350; x_wconf 81' lang='grc' dir='ltr'>μιᾶς</span> <span class='ocrx_word' id='word_1_767' title='bbox 2527 5278 2604 5340; x_wconf 84' lang='grc' dir='ltr'>δέ,</span> <span class='ocrx_word' id='word_1_768' title='bbox 2631 5276 2663 5347; x_wconf 85' lang='grc' dir='ltr'><strong>ἢ</strong></span> <span class='ocrx_word' id='word_1_769' title='bbox 2686 5275 2780 5329; x_wconf 89' lang='grc' dir='ltr'>δύο</span> <span class='ocrx_word' id='word_1_770' title='bbox 2813 5276 3193 5348; x_wconf 79' lang='grc' dir='ltr'>μνησθήσομαι</span> <span class='ocrx_word' id='word_1_771' title='bbox 3220 5316 3236 5341; x_wconf 92' lang='grc'>,</span> <span class='ocrx_word' id='word_1_772' title='bbox 3294 5276 3415 5329; x_wconf 87' lang='grc' dir='ltr'>λίαν</span> <span class='ocrx_word' id='word_1_773' title='bbox 3476 5274 3779 5347; x_wconf 77' lang='grc' dir='ltr'>ἡγούμενος</span> <span class='ocrx_word' id='word_1_774' title='bbox 3854 5277 4035 5345; x_wconf 82' lang='grc' dir='ltr'>ἀγνω-</span> 
     </span>
    </p>
   </div>
   <div class='ocr_carea' id='block_1_102' title="bbox 767 5354 2927 5444">
    <p class='ocr_par' dir='ltr' id='par_1_102' title="bbox 767 5354 2927 5444">
     <span class='ocr_line' id='line_1_102' title="bbox 767 5354 2927 5444; baseline 0.008 -36"><span class='ocrx_word' id='word_1_775' title='bbox 767 5373 864 5425; x_wconf 89' lang='grc' dir='ltr'>μον</span> <span class='ocrx_word' id='word_1_776' title='bbox 925 5354 1084 5425; x_wconf 79' lang='grc' dir='ltr'>εἶναι,</span> <span class='ocrx_word' id='word_1_777' title='bbox 1140 5362 1262 5430; x_wconf 79' lang='grc' dir='ltr'>σιγῇ</span> <span class='ocrx_word' id='word_1_778' title='bbox 1321 5362 1655 5431; x_wconf 82' lang='grc' dir='ltr'>παραδοῦναι</span> <span class='ocrx_word' id='word_1_779' title='bbox 1715 5365 1807 5417; x_wconf 72' lang='grc' dir='ltr'>καὶ</span> <span class='ocrx_word' id='word_1_780' title='bbox 1876 5364 1949 5435; x_wconf 78' lang='grc' dir='ltr'>μὴ</span> <span class='ocrx_word' id='word_1_781' title='bbox 1981 5364 2187 5433; x_wconf 81' lang='grc' dir='ltr'>διδάξαι</span> <span class='ocrx_word' id='word_1_782' title='bbox 2227 5372 2326 5441; x_wconf 81' lang='grc' dir='ltr'>τῆς</span> <span class='ocrx_word' id='word_1_783' title='bbox 2360 5373 2675 5444; x_wconf 76' lang='grc' dir='ltr'>εὐεργεσίας</span> <span class='ocrx_word' id='word_1_784' title='bbox 2700 5371 2767 5423; x_wconf 81' lang='grc' dir='ltr'>τὰ</span> <span class='ocrx_word' id='word_1_785' title='bbox 2791 5372 2927 5441; x_wconf 70' lang='grc' dir='ltr'>εἴδη.</span> 
     </span>
    </p>
   </div>
   <div class='ocr_carea' id='block_1_103' title="bbox 836 5445 2342 5525">
    <p class='ocr_par' dir='ltr' id='par_1_103' title="bbox 836 5445 2342 5525">
     <span class='ocr_line' id='line_1_103' title="bbox 836 5445 2342 5525; baseline 0.012 -27"><span class='ocrx_word' id='word_1_786' title='bbox 836 5445 894 5499; x_wconf 92' lang='lat' dir='ltr'>ln</span> <span class='ocrx_word' id='word_1_787' title='bbox 920 5449 1151 5518; x_wconf 75' lang='lat' dir='ltr'><strong>Cyrensi</strong></span> <span class='ocrx_word' id='word_1_788' title='bbox 1186 5450 1405 5519; x_wconf 82' lang='lat' dir='ltr'><strong>regione</strong></span> <span class='ocrx_word' id='word_1_789' title='bbox 1425 5455 1724 5524; x_wconf 89' lang='lat' dir='ltr'><strong>impietatis</strong></span> <span class='ocrx_word' id='word_1_790' title='bbox 1752 5456 1943 5525; x_wconf 87' lang='lat' dir='ltr'><strong>spinas</strong></span> <span class='ocrx_word' id='word_1_791' title='bbox 1968 5464 2342 5516; x_wconf 82' lang='lat' dir='ltr'><strong>exsecrandus</strong></span> 
     </span>
    </p>
   </div>
   <div class='ocr_carea' id='block_1_104' title="bbox 771 5530 2343 5612">
    <p class='ocr_par' dir='ltr' id='par_1_104' title="bbox 771 5530 2343 5612">
     <span class='ocr_line' id='line_1_104' title="bbox 771 5530 2343 5612; baseline 0.012 -24"><span class='ocrx_word' id='word_1_792' title='bbox 771 5530 977 5591; x_wconf 70' lang='lat' dir='ltr'><strong>Marcio</strong></span> <span class='ocrx_word' id='word_1_793' title='bbox 1020 5540 1223 5598; x_wconf 86' lang='lat' dir='ltr'><strong>multas</strong></span> <span class='ocrx_word' id='word_1_794' title='bbox 1263 5543 1671 5601; x_wconf 82' lang='lat' dir='ltr'><strong>disseminarat.</strong></span> <span class='ocrx_word' id='word_1_795' title='bbox 1718 5546 1866 5612; x_wconf 86' lang='lat' dir='ltr'><strong>Quas</strong></span> <span class='ocrx_word' id='word_1_796' title='bbox 1908 5564 2031 5602; x_wconf 89' lang='lat' dir='ltr'>cum</span> <span class='ocrx_word' id='word_1_797' title='bbox 2075 5552 2343 5607; x_wconf 82' lang='lat' dir='ltr'><strong>radicitus</strong></span> 
     </span>
    </p>
   </div>
   <div class='ocr_carea' id='block_1_105' title="bbox 765 5629 2344 5713">
    <p class='ocr_par' dir='ltr' id='par_1_105' title="bbox 765 5629 2344 5713">
     <span class='ocr_line' id='line_1_105' title="bbox 765 5629 2344 5713; baseline 0.01 -31"><span class='ocrx_word' id='word_1_798' title='bbox 765 5629 995 5684; x_wconf 78' lang='lat' dir='ltr'><strong>evellere</strong></span> <span class='ocrx_word' id='word_1_799' title='bbox 1034 5647 1287 5697; x_wconf 86' lang='lat' dir='ltr'><strong>conarer,</strong></span> <span class='ocrx_word' id='word_1_800' title='bbox 1324 5634 1506 5691; x_wconf 90' lang='lat' dir='ltr'><strong>funem</strong></span> <span class='ocrx_word' id='word_1_801' title='bbox 1553 5654 1795 5701; x_wconf 84' lang='lat' dir='ltr'><strong>onmem,</strong></span> <span class='ocrx_word' id='word_1_802' title='bbox 1836 5643 1981 5713; x_wconf 86' lang='lat' dir='ltr'><strong>quod</strong></span> <span class='ocrx_word' id='word_1_803' title='bbox 2020 5642 2194 5706; x_wconf 83' lang='lat' dir='ltr'><strong>aiunt,</strong></span> <span class='ocrx_word' id='word_1_804' title='bbox 2228 5661 2344 5699; x_wconf 89' lang='lat' dir='ltr'><strong>mo-</strong></span> 
     </span>
    </p>
   </div>
   <div class='ocr_carea' id='block_1_106' title="bbox 776 5720 2343 5806">
    <p class='ocr_par' dir='ltr' id='par_1_106' title="bbox 776 5720 2343 5806">
     <span class='ocr_line' id='line_1_106' title="bbox 776 5720 2343 5806; baseline 0.012 -34"><span class='ocrx_word' id='word_1_805' title='bbox 776 5720 987 5784; x_wconf 79' lang='lat' dir='ltr'><strong>vebant,</strong></span> <span class='ocrx_word' id='word_1_806' title='bbox 1031 5734 1084 5777; x_wconf 91' lang='lat' dir='ltr'>et</span> <span class='ocrx_word' id='word_1_807' title='bbox 1122 5728 1393 5783; x_wconf 83' lang='lat' dir='ltr'><strong>machinis</strong></span> <span class='ocrx_word' id='word_1_808' title='bbox 1429 5729 1688 5786; x_wconf 88' lang='lat' dir='ltr'><strong>omnibus</strong></span> <span class='ocrx_word' id='word_1_809' title='bbox 1737 5734 2045 5788; x_wconf 83' lang='lat' dir='ltr'><strong>aduitcbar.</strong></span> <span class='ocrx_word' id='word_1_810' title='bbox 2094 5735 2159 5788; x_wconf 81' lang='lat' dir='ltr'><strong>At</strong></span> <span class='ocrx_word' id='word_1_811' title='bbox 2206 5753 2343 5806; x_wconf 90' lang='lat' dir='ltr'><strong>quo-</strong></span> 
     </span>
    </p>
   </div>
   <div class='ocr_carea' id='block_1_107' title="bbox 773 5817 2345 5896">
    <p class='ocr_par' dir='ltr' id='par_1_107' title="bbox 773 5817 2345 5896">
     <span class='ocr_line' id='line_1_107' title="bbox 773 5817 2345 5896; baseline 0.01 -30"><span class='ocrx_word' id='word_1_812' title='bbox 773 5828 890 5866; x_wconf 71' lang='lat' dir='ltr'><strong>ru&#39;n</strong></span> <span class='ocrx_word' id='word_1_813' title='bbox 944 5830 1042 5883; x_wconf 76' lang='lat' dir='ltr'><strong>ego</strong></span> <span class='ocrx_word' id='word_1_814' title='bbox 1098 5817 1259 5870; x_wconf 74' lang='lat' dir='ltr'><strong>saluti</strong></span> <span class='ocrx_word' id='word_1_815' title='bbox 1312 5834 1531 5888; x_wconf 83' lang='lat' dir='ltr'><strong>operam</strong></span> <span class='ocrx_word' id='word_1_816' title='bbox 1587 5823 1893 5888; x_wconf 79' lang='lat' dir='ltr'><strong>navubam,</strong></span> <span class='ocrx_word' id='word_1_817' title='bbox 1947 5846 1962 5870; x_wconf 76' lang='grc' dir='ltr'>ι</span> <span class='ocrx_word' id='word_1_818' title='bbox 2027 5844 2123 5896; x_wconf 84' lang='lat' dir='ltr'>pro</span> <span class='ocrx_word' id='word_1_819' title='bbox 2177 5844 2240 5884; x_wconf 92' lang='lat' dir='ltr'>co</span> <span class='ocrx_word' id='word_1_820' title='bbox 2288 5837 2345 5883; x_wconf 84' lang='grc' dir='ltr'>ιιι</span> 
     </span>
    </p>
   </div>
   <div class='ocr_carea' id='block_1_108' title="bbox 2521 5461 4033 5535">
    <p class='ocr_par' dir='ltr' id='par_1_108' title="bbox 2521 5461 4033 5535">
     <span class='ocr_line' id='line_1_108' title="bbox 2521 5461 4033 5535; baseline -0.001 -18"><span class='ocrx_word' id='word_1_821' title='bbox 2521 5464 2785 5533; x_wconf 76' lang='grc' dir='ltr'>Μαρκίων</span> <span class='ocrx_word' id='word_1_822' title='bbox 2808 5465 2834 5516; x_wconf 87' lang='grc' dir='ltr'>ὁ</span> <span class='ocrx_word' id='word_1_823' title='bbox 2862 5462 3119 5535; x_wconf 80' lang='grc' dir='ltr'>βδελυρὸς</span> <span class='ocrx_word' id='word_1_824' title='bbox 3149 5462 3345 5526; x_wconf 66' lang='grc' dir='ltr'>πολλὰς</span> <span class='ocrx_word' id='word_1_825' title='bbox 3391 5461 3645 5526; x_wconf 77' lang='grc' dir='ltr'>ἀσεϐείας</span> <span class='ocrx_word' id='word_1_826' title='bbox 3679 5463 3923 5528; x_wconf 82' lang='grc' dir='ltr'>ἀκάνθας</span> <span class='ocrx_word' id='word_1_827' title='bbox 3953 5465 4033 5527; x_wconf 81' lang='grc' dir='ltr'>εἰς</span> 
     </span>
    </p>
   </div>
   <div class='ocr_carea' id='block_1_109' title="bbox 2451 5554 4033 5627">
    <p class='ocr_par' dir='ltr' id='par_1_109' title="bbox 2451 5554 4033 5627">
     <span class='ocr_line' id='line_1_109' title="bbox 2451 5554 4033 5627; baseline 0.001 -19"><span class='ocrx_word' id='word_1_828' title='bbox 2451 5560 2549 5626; x_wconf 78' lang='grc' dir='ltr'>τὴν</span> <span class='ocrx_word' id='word_1_829' title='bbox 2584 5555 2767 5627; x_wconf 81' lang='grc' dir='ltr'>χώραν</span> <span class='ocrx_word' id='word_1_830' title='bbox 2798 5556 2896 5625; x_wconf 76' lang='grc' dir='ltr'>τῆς</span> <span class='ocrx_word' id='word_1_831' title='bbox 2925 5554 3146 5626; x_wconf 75' lang='grc' dir='ltr'>Κύρῥου</span> <span class='ocrx_word' id='word_1_832' title='bbox 3180 5555 3504 5626; x_wconf 82' lang='grc' dir='ltr'>κατέσπειρε</span> <span class='ocrx_word' id='word_1_833' title='bbox 3547 5555 3776 5618; x_wconf 78' lang='grc' dir='ltr'>πόλεως.</span> <span class='ocrx_word' id='word_1_834' title='bbox 3813 5554 4033 5618; x_wconf 78' lang='grc' dir='ltr'>Ταύτας</span> 
     </span>
    </p>
   </div>
   <div class='ocr_carea' id='block_1_110' title="bbox 2454 5646 4043 5717">
    <p class='ocr_par' dir='ltr' id='par_1_110' title="bbox 2454 5646 4043 5717">
     <span class='ocr_line' id='line_1_110' title="bbox 2454 5646 4043 5717; baseline 0.001 -18"><span class='ocrx_word' id='word_1_835' title='bbox 2454 5648 2697 5715; x_wconf 66' lang='grc' dir='ltr'>ἀνασπᾷ»</span> <span class='ocrx_word' id='word_1_836' title='bbox 2744 5647 3071 5717; x_wconf 60' lang='grc' dir='ltr'>προρρίζους</span> <span class='ocrx_word' id='word_1_837' title='bbox 3126 5646 3491 5715; x_wconf 75' lang='grc' dir='ltr'>πειρώμενος,</span> <span class='ocrx_word' id='word_1_838' title='bbox 3527 5648 3700 5700; x_wconf 74' lang='grc' dir='ltr'>πάντα</span> <span class='ocrx_word' id='word_1_839' title='bbox 3733 5647 3935 5707; x_wconf 80' lang='grc' dir='ltr'>κάλων,</span> <span class='ocrx_word' id='word_1_840' title='bbox 3974 5648 4043 5700; x_wconf 63' lang='grc' dir='ltr'>τὸ</span> 
     </span>
    </p>
   </div>
   <div class='ocr_carea' id='block_1_111' title="bbox 2454 5739 4040 5810">
    <p class='ocr_par' dir='ltr' id='par_1_111' title="bbox 2454 5739 4040 5810">
     <span class='ocr_line' id='line_1_111' title="bbox 2454 5739 4040 5810; baseline 0.001 -19"><span class='ocrx_word' id='word_1_841' title='bbox 2454 5740 2767 5809; x_wconf 78' lang='grc' dir='ltr'>λεγόμενον,</span> <span class='ocrx_word' id='word_1_842' title='bbox 2807 5740 3040 5802; x_wconf 82' lang='grc' dir='ltr'>ἐκίνουν,</span> <span class='ocrx_word' id='word_1_843' title='bbox 3085 5741 3177 5793; x_wconf 72' lang='grc' dir='ltr'>καὶ</span> <span class='ocrx_word' id='word_1_844' title='bbox 3208 5742 3354 5809; x_wconf 72' lang='grc' dir='ltr'>πάσῃ</span> <span class='ocrx_word' id='word_1_845' title='bbox 3389 5743 3603 5810; x_wconf 72' lang='grc' dir='ltr'>μηχανῇ</span> <span class='ocrx_word' id='word_1_846' title='bbox 3653 5739 3931 5809; x_wconf 76' lang='grc' dir='ltr'>χρώμενος</span> <span class='ocrx_word' id='word_1_847' title='bbox 3959 5740 4040 5793; x_wconf 84' lang='grc' dir='ltr'>δι-</span> 
     </span>
    </p>
   </div>
   <div class='ocr_carea' id='block_1_112' title="bbox 2451 5828 4037 5899">
    <p class='ocr_par' dir='ltr' id='par_1_112' title="bbox 2451 5828 4037 5899">
     <span class='ocr_line' id='line_1_112' title="bbox 2451 5828 4037 5899; baseline -0.004 -15"><span class='ocrx_word' id='word_1_848' title='bbox 2451 5831 2688 5886; x_wconf 77' lang='grc' dir='ltr'>ετέλουν,</span> <span class='ocrx_word' id='word_1_849' title='bbox 2719 5832 2780 5881; x_wconf 82' lang='lat' dir='ltr'><strong>(li</strong></span> <span class='ocrx_word' id='word_1_850' title='bbox 2809 5829 2863 5881; x_wconf 70' lang='lat' dir='ltr'>at</span> <span class='ocrx_word' id='word_1_851' title='bbox 2898 5832 2992 5899; x_wconf 74' lang='grc' dir='ltr'>τῆς</span> <span class='ocrx_word' id='word_1_852' title='bbox 3025 5831 3092 5882; x_wconf 82' lang='grc' dir='ltr'>δι’</span> <span class='ocrx_word' id='word_1_853' title='bbox 3116 5828 3248 5899; x_wconf 80' lang='grc' dir='ltr'>ἐμοῦ</span> <span class='ocrx_word' id='word_1_854' title='bbox 3280 5828 3571 5899; x_wconf 74' lang='grc' dir='ltr'>θεραπεῖας</span> <span class='ocrx_word' id='word_1_855' title='bbox 3618 5828 3990 5891; x_wconf 66' lang='grc' dir='ltr'>ἀπολαύοντες</span> <span class='ocrx_word' id='word_1_856' title='bbox 4017 5867 4037 5893; x_wconf 75' lang='grc'><strong><em>,</em></strong></span> 
     </span>
    </p>
   </div>
  </div>
