  <div class='ocr_page' id='page_1' title='image "/cluster/home/n/w/nwhite01/storage/ocr_20150623/82/nnc1.0046979700/766.png"; bbox 0 0 4216 6456; ppageno 0'>
   <div class='ocr_carea' id='block_1_1' title="bbox 171 381 298 445">
    <p class='ocr_par' dir='ltr' id='par_1_1' title="bbox 171 381 298 445">
     <span class='ocr_line' id='line_1_1' title="bbox 171 381 298 445; baseline -0.016 -1"><span class='ocrx_word' id='word_1_1' title='bbox 171 381 298 445; x_wconf 71' lang='grc'><strong>1441</strong></span> 
     </span>
    </p>
   </div>
   <div class='ocr_carea' id='block_1_2' title="bbox 1359 381 2221 445">
    <p class='ocr_par' dir='ltr' id='par_1_2' title="bbox 1359 381 2221 445">
     <span class='ocr_line' id='line_1_2' title="bbox 1359 381 2221 445; baseline 0.007 -6"><span class='ocrx_word' id='word_1_2' title='bbox 1359 381 1767 440; x_wconf 74' lang='lat' dir='ltr'><strong>RELIGIOSA</strong></span> <span class='ocrx_word' id='word_1_3' title='bbox 1836 385 2221 445; x_wconf 80' lang='lat' dir='ltr'><strong>HISTORIA.</strong></span> 
     </span>
    </p>
   </div>
   <div class='ocr_carea' id='block_1_3' title="bbox 3297 382 3427 443">
    <p class='ocr_par' dir='ltr' id='par_1_3' title="bbox 3297 382 3427 443">
     <span class='ocr_line' id='line_1_3' title="bbox 3297 382 3427 443; baseline 0.008 -1"><span class='ocrx_word' id='word_1_4' title='bbox 3297 382 3427 443; x_wconf 69' lang='grc' dir='ltr'><strong>14,ίέ</strong></span> 
     </span>
    </p>
   </div>
   <div class='ocr_carea' id='block_1_4' title="bbox 170 487 1753 562">
    <p class='ocr_par' dir='ltr' id='par_1_4' title="bbox 170 487 1748 560">
     <span class='ocr_line' id='line_1_4' title="bbox 170 487 1748 560; baseline -0.001 -17"><span class='ocrx_word' id='word_1_5' title='bbox 170 492 328 545; x_wconf 73' lang='grc' dir='ltr'>«ἀντὶ</span> <span class='ocrx_word' id='word_1_6' title='bbox 378 489 469 544; x_wconf 80' lang='grc' dir='ltr'>τοῦ</span> <span class='ocrx_word' id='word_1_7' title='bbox 524 490 745 560; x_wconf 76' lang='grc' dir='ltr'>ἀγαπᾷν</span> <span class='ocrx_word' id='word_1_8' title='bbox 786 506 854 558; x_wconf 86' lang='grc' dir='ltr'><strong>με</strong></span> <span class='ocrx_word' id='word_1_9' title='bbox 875 529 887 552; x_wconf 87' lang='grc'><strong>,</strong></span> <span class='ocrx_word' id='word_1_10' title='bbox 917 506 934 538; x_wconf 74' lang='grc' dir='ltr'>ι</span> <span class='ocrx_word' id='word_1_11' title='bbox 981 487 1330 559; x_wconf 73' lang='grc' dir='ltr'>προφητικῶς</span> <span class='ocrx_word' id='word_1_12' title='bbox 1362 491 1534 540; x_wconf 80' lang='grc' dir='ltr'>εἰπεῖν</span> <span class='ocrx_word' id='word_1_13' title='bbox 1559 531 1572 553; x_wconf 90' lang='grc'><strong>,</strong></span> <span class='ocrx_word' id='word_1_14' title='bbox 1621 509 1636 538; x_wconf 76' lang='grc' dir='ltr'>ι</span> <span class='ocrx_word' id='word_1_15' title='bbox 1668 490 1748 541; x_wconf 82' lang='grc' dir='ltr'>ἐν·</span> 
     </span>
    </p>
   </div>
   <div class='ocr_carea' id='block_1_5' title="bbox 1855 487 3425 562">
    <p class='ocr_par' dir='ltr' id='par_1_5' title="bbox 1860 493 3425 562">
     <span class='ocr_line' id='line_1_5' title="bbox 1860 493 3425 562; baseline 0.001 -16"><span class='ocrx_word' id='word_1_16' title='bbox 1860 494 2156 562; x_wconf 83' lang='lat' dir='ltr'><strong>diligerent</strong></span> <span class='ocrx_word' id='word_1_17' title='bbox 2187 510 2295 559; x_wconf 91' lang='lat' dir='ltr'><strong>me,</strong></span> <span class='ocrx_word' id='word_1_18' title='bbox 2348 513 2365 545; x_wconf 76' lang='grc' dir='ltr'>ι</span> <span class='ocrx_word' id='word_1_19' title='bbox 2400 494 2678 562; x_wconf 66' lang='lat' dir='ltr'><strong>Propheta:</strong></span> <span class='ocrx_word' id='word_1_20' title='bbox 2715 505 2772 547; x_wconf 91' lang='lat' dir='ltr'><strong>ut</strong></span> <span class='ocrx_word' id='word_1_21' title='bbox 2804 494 2987 548; x_wconf 80' lang='lat' dir='ltr'><strong>verbis</strong></span> <span class='ocrx_word' id='word_1_22' title='bbox 3023 493 3236 562; x_wconf 86' lang='lat' dir='ltr'><strong>loquar,</strong></span> <span class='ocrx_word' id='word_1_23' title='bbox 3279 515 3294 545; x_wconf 84' lang='grc' dir='ltr'>ι</span> <span class='ocrx_word' id='word_1_24' title='bbox 3329 496 3425 548; x_wconf 67' lang='grc' dir='ltr'><strong>ὀί·-</strong></span> 
     </span>
    </p>
   </div>
   <div class='ocr_carea' id='block_1_6' title="bbox 162 579 1749 651">
    <p class='ocr_par' dir='ltr' id='par_1_6' title="bbox 162 579 1749 651">
     <span class='ocr_line' id='line_1_6' title="bbox 162 579 1749 651; baseline -0.001 -16"><span class='ocrx_word' id='word_1_25' title='bbox 162 582 443 636; x_wconf 74' lang='grc' dir='ltr'>διεῦαλλόν</span> <span class='ocrx_word' id='word_1_26' title='bbox 481 599 568 651; x_wconf 88' lang='grc' dir='ltr'><strong>με,</strong></span> <span class='ocrx_word' id='word_1_27' title='bbox 608 583 703 634; x_wconf 77' lang='grc' dir='ltr'>καὶ</span> <span class='ocrx_word' id='word_1_28' title='bbox 733 581 917 633; x_wconf 69' lang='grc' dir='ltr'>ἔθεντο</span> <span class='ocrx_word' id='word_1_29' title='bbox 951 583 1070 633; x_wconf 80' lang='grc' dir='ltr'>κατ’</span> <span class='ocrx_word' id='word_1_30' title='bbox 1111 579 1244 650; x_wconf 69' lang='grc' dir='ltr'>ἐμοῦ</span> <span class='ocrx_word' id='word_1_31' title='bbox 1277 581 1424 633; x_wconf 67' lang='grc' dir='ltr'>κακά</span> <span class='ocrx_word' id='word_1_32' title='bbox 1465 583 1582 649; x_wconf 72' lang='grc' dir='ltr'>ἀντὶ</span> <span class='ocrx_word' id='word_1_33' title='bbox 1611 583 1749 647; x_wconf 74' lang='grc' dir='ltr'><strong>ἁγα-</strong></span> 
     </span>
    </p>
   </div>
   <div class='ocr_carea' id='block_1_7' title="bbox 165 667 1750 740">
    <p class='ocr_par' dir='ltr' id='par_1_7' title="bbox 165 667 1750 740">
     <span class='ocr_line' id='line_1_7' title="bbox 165 667 1750 740; baseline 0.001 -18"><span class='ocrx_word' id='word_1_34' title='bbox 165 669 294 736; x_wconf 85' lang='grc' dir='ltr'>θῶν,</span> <span class='ocrx_word' id='word_1_35' title='bbox 346 670 443 724; x_wconf 74' lang='grc' dir='ltr'>καὶ</span> <span class='ocrx_word' id='word_1_36' title='bbox 488 674 640 740; x_wconf 84' lang='grc' dir='ltr'>μῖσος</span> <span class='ocrx_word' id='word_1_37' title='bbox 673 670 810 722; x_wconf 76' lang='grc' dir='ltr'>’ἀντὶ</span> <span class='ocrx_word' id='word_1_38' title='bbox 855 669 952 738; x_wconf 78' lang='grc' dir='ltr'>τῆς</span> <span class='ocrx_word' id='word_1_39' title='bbox 1007 667 1340 739; x_wconf 83' lang='grc' dir='ltr'>ὰγαπήσεώς</span> <span class='ocrx_word' id='word_1_40' title='bbox 1389 686 1530 738; x_wconf 84' lang='grc' dir='ltr'>μου·</span> <span class='ocrx_word' id='word_1_41' title='bbox 1588 689 1604 719; x_wconf 73' lang='grc' dir='ltr'>ι</span> <span class='ocrx_word' id='word_1_42' title='bbox 1657 673 1750 723; x_wconf 77' lang='grc' dir='ltr'>καὶ</span> 
     </span>
    </p>
   </div>
   <div class='ocr_carea' id='block_1_8' title="bbox 165 759 1743 832">
    <p class='ocr_par' dir='ltr' id='par_1_8' title="bbox 165 759 1743 832">
     <span class='ocr_line' id='line_1_8' title="bbox 165 759 1743 832; baseline -0.001 -19"><span class='ocrx_word' id='word_1_43' title='bbox 165 764 452 831; x_wconf 89' lang='grc' dir='ltr'>γοητικαῖς</span> <span class='ocrx_word' id='word_1_44' title='bbox 475 759 746 831; x_wconf 84' lang='grc' dir='ltr'>χρώμενοι</span> <span class='ocrx_word' id='word_1_45' title='bbox 783 759 1177 830; x_wconf 72' lang='grc' dir='ltr'><strong>μαγγανείαις,</strong></span> <span class='ocrx_word' id='word_1_46' title='bbox 1207 761 1298 812; x_wconf 76' lang='grc' dir='ltr'><strong>καὶ</strong></span> <span class='ocrx_word' id='word_1_47' title='bbox 1320 759 1533 829; x_wconf 84' lang='grc' dir='ltr'>δαίμοσι</span> <span class='ocrx_word' id='word_1_48' title='bbox 1579 778 1743 832; x_wconf 85' lang='grc' dir='ltr'>πονη-</span> 
     </span>
    </p>
   </div>
   <div class='ocr_carea' id='block_1_9' title="bbox 165 851 1745 924">
    <p class='ocr_par' dir='ltr' id='par_1_9' title="bbox 165 851 1745 924">
     <span class='ocr_line' id='line_1_9' title="bbox 165 851 1745 924; baseline 0.001 -20"><span class='ocrx_word' id='word_1_49' title='bbox 165 855 276 924; x_wconf 82' lang='grc' dir='ltr'>ροῖς</span> <span class='ocrx_word' id='word_1_50' title='bbox 307 853 589 922; x_wconf 82' lang='grc' dir='ltr'><strong>συνεργοῖς</strong></span> <span class='ocrx_word' id='word_1_51' title='bbox 619 851 966 922; x_wconf 78' lang='grc' dir='ltr'><strong>κεχρημένοι,</strong></span> <span class='ocrx_word' id='word_1_52' title='bbox 1017 851 1272 922; x_wconf 79' lang='grc' dir='ltr'>ἀοράτως</span> <span class='ocrx_word' id='word_1_53' title='bbox 1317 852 1571 921; x_wconf 75' lang='grc' dir='ltr'><strong>πολεμεῖν</strong></span> <span class='ocrx_word' id='word_1_54' title='bbox 1601 856 1745 905; x_wconf 87' lang='grc' dir='ltr'>ἐπει-</span> 
     </span>
    </p>
   </div>
   <div class='ocr_carea' id='block_1_10' title="bbox 162 938 1750 1014">
    <p class='ocr_par' dir='ltr' id='par_1_10' title="bbox 162 938 1750 1014">
     <span class='ocr_line' id='line_1_10' title="bbox 162 938 1750 1014; baseline -0.001 -16"><span class='ocrx_word' id='word_1_55' title='bbox 162 947 355 1014; x_wconf 79' lang='grc' dir='ltr'>ρῶντο.</span> <span class='ocrx_word' id='word_1_56' title='bbox 401 945 524 998; x_wconf 79' lang='grc' dir='ltr'><strong>’Καί</strong></span> <span class='ocrx_word' id='word_1_57' title='bbox 564 961 693 996; x_wconf 87' lang='grc' dir='ltr'>ποτε</span> <span class='ocrx_word' id='word_1_58' title='bbox 738 944 954 1014; x_wconf 83' lang='grc' dir='ltr'>νύκτωρ</span> <span class='ocrx_word' id='word_1_59' title='bbox 990 938 1093 1014; x_wconf 75' lang='grc' dir='ltr'>ἧκέ</span> <span class='ocrx_word' id='word_1_60' title='bbox 1156 961 1238 1004; x_wconf 88' lang='grc' dir='ltr'><strong>τις</strong></span> <span class='ocrx_word' id='word_1_61' title='bbox 1285 944 1422 1013; x_wconf 70' lang='grc' dir='ltr'>βοῶι</span> <span class='ocrx_word' id='word_1_62' title='bbox 1474 945 1750 1014; x_wconf 82' lang='grc' dir='ltr'>ἀλιτήριος</span> 
     </span>
    </p>
   </div>
   <div class='ocr_carea' id='block_1_11' title="bbox 157 1036 1746 1114">
    <p class='ocr_par' dir='ltr' id='par_1_11' title="bbox 157 1036 1746 1114">
     <span class='ocr_line' id='line_1_11' title="bbox 157 1036 1746 1114; baseline -0.008 -16"><span class='ocrx_word' id='word_1_63' title='bbox 157 1046 392 1114; x_wconf 89' lang='grc' dir='ltr'>δαίμων,</span> <span class='ocrx_word' id='word_1_64' title='bbox 411 1044 503 1096; x_wconf 78' lang='grc' dir='ltr'><strong>καὶ</strong></span> <span class='ocrx_word' id='word_1_65' title='bbox 525 1046 590 1113; x_wconf 82' lang='grc' dir='ltr'>τῇ</span> <span class='ocrx_word' id='word_1_66' title='bbox 615 1043 684 1094; x_wconf 88' lang='grc' dir='ltr'>Σύ</span> <span class='ocrx_word' id='word_1_67' title='bbox 693 1059 762 1112; x_wconf 66' lang='lat' dir='ltr'><strong>pq.</strong></span> <span class='ocrx_word' id='word_1_68' title='bbox 782 1039 1119 1110; x_wconf 83' lang='grc' dir='ltr'>κεχρημένος</span> <span class='ocrx_word' id='word_1_69' title='bbox 1138 1039 1318 1108; x_wconf 77' lang='grc' dir='ltr'>φωνῇ·</span> <span class='ocrx_word' id='word_1_70' title='bbox 1349 1056 1366 1087; x_wconf 77' lang='grc' dir='ltr'>ι</span> <span class='ocrx_word' id='word_1_71' title='bbox 1389 1037 1451 1088; x_wconf 82' lang='grc' dir='ltr'><strong>Τί</strong></span> <span class='ocrx_word' id='word_1_72' title='bbox 1474 1036 1746 1104; x_wconf 83' lang='grc' dir='ltr'>πολεμεῖς,</span> 
     </span>
    </p>
   </div>
   <div class='ocr_carea' id='block_1_12' title="bbox 158 1128 1749 1206">
    <p class='ocr_par' dir='ltr' id='par_1_12' title="bbox 158 1128 1749 1206">
     <span class='ocr_line' id='line_1_12' title="bbox 158 1128 1749 1206; baseline -0.008 -16"><span class='ocrx_word' id='word_1_73' title='bbox 158 1138 376 1199; x_wconf 85' lang='grc' dir='ltr'>ὀδεῖνα,</span> <span class='ocrx_word' id='word_1_74' title='bbox 434 1136 759 1206; x_wconf 70' lang='grc' dir='ltr'>Μαρκίωνις</span> <span class='ocrx_word' id='word_1_75' title='bbox 808 1134 857 1186; x_wconf 89' lang='grc' dir='ltr'><strong>τί</strong></span> <span class='ocrx_word' id='word_1_76' title='bbox 886 1133 1085 1203; x_wconf 77' lang='grc' dir='ltr'>δήποτε</span> <span class='ocrx_word' id='word_1_77' title='bbox 1119 1130 1176 1184; x_wconf 83' lang='grc' dir='ltr'><strong>δὲ</strong></span> <span class='ocrx_word' id='word_1_78' title='bbox 1215 1131 1312 1199; x_wconf 82' lang='grc' dir='ltr'>τὴν</span> <span class='ocrx_word' id='word_1_79' title='bbox 1369 1129 1503 1199; x_wconf 82' lang='grc' dir='ltr'>πρὸς</span> <span class='ocrx_word' id='word_1_80' title='bbox 1563 1128 1749 1180; x_wconf 76' lang='grc' dir='ltr'>τοῦτον</span> 
     </span>
    </p>
   </div>
   <div class='ocr_carea' id='block_1_13' title="bbox 159 1220 1748 1297">
    <p class='ocr_par' dir='ltr' id='par_1_13' title="bbox 159 1220 1748 1297">
     <span class='ocr_line' id='line_1_13' title="bbox 159 1220 1748 1297; baseline -0.008 -15"><span class='ocrx_word' id='word_1_81' title='bbox 159 1229 473 1294; x_wconf 75' lang='grc' dir='ltr'>ἀναδέδεξαι</span> <span class='ocrx_word' id='word_1_82' title='bbox 499 1230 677 1297; x_wconf 79' lang='grc' dir='ltr'>μάχην</span> <span class='ocrx_word' id='word_1_83' title='bbox 703 1243 716 1291; x_wconf 91' lang='grc'><strong>;</strong></span> <span class='ocrx_word' id='word_1_84' title='bbox 743 1226 790 1278; x_wconf 87' lang='grc' dir='ltr'><strong>τί</strong></span> <span class='ocrx_word' id='word_1_85' title='bbox 814 1242 894 1280; x_wconf 83' lang='grc' dir='ltr'><strong>σοι</strong></span> <span class='ocrx_word' id='word_1_86' title='bbox 918 1223 1159 1294; x_wconf 73' lang='grc' dir='ltr'>λυπηρὸν</span> <span class='ocrx_word' id='word_1_87' title='bbox 1181 1221 1475 1293; x_wconf 75' lang='grc' dir='ltr'><strong>εἰργάσατο</strong></span> <span class='ocrx_word' id='word_1_88' title='bbox 1499 1220 1748 1284; x_wconf 83' lang='grc' dir='ltr'>πώποτε;</span> 
     </span>
    </p>
   </div>
   <div class='ocr_carea' id='block_1_14' title="bbox 161 1307 1748 1385">
    <p class='ocr_par' dir='ltr' id='par_1_14' title="bbox 161 1307 1748 1385">
     <span class='ocr_line' id='line_1_14' title="bbox 161 1307 1748 1385; baseline -0.005 -16"><span class='ocrx_word' id='word_1_89' title='bbox 161 1319 340 1369; x_wconf 75' lang='grc' dir='ltr'>Λῦσον</span> <span class='ocrx_word' id='word_1_90' title='bbox 382 1307 470 1370; x_wconf 63' lang='grc' dir='ltr'>τὶν</span> <span class='ocrx_word' id='word_1_91' title='bbox 512 1317 769 1385; x_wconf 80' lang='grc' dir='ltr'>πόλεμον,</span> <span class='ocrx_word' id='word_1_92' title='bbox 822 1315 1173 1368; x_wconf 84' lang='grc' dir='ltr'>κατάπαυσον</span> <span class='ocrx_word' id='word_1_93' title='bbox 1199 1314 1299 1382; x_wconf 84' lang='grc' dir='ltr'>τὴν</span> <span class='ocrx_word' id='word_1_94' title='bbox 1330 1311 1653 1380; x_wconf 86' lang='grc' dir='ltr'>δυσμένειαν</span> <span class='ocrx_word' id='word_1_95' title='bbox 1677 1327 1688 1338; x_wconf 92' lang='grc'><strong>·</strong></span> <span class='ocrx_word' id='word_1_96' title='bbox 1716 1311 1748 1381; x_wconf 81' lang='grc' dir='ltr'>ἢ</span> 
     </span>
    </p>
   </div>
   <div class='ocr_carea' id='block_1_15' title="bbox 160 1400 1750 1480">
    <p class='ocr_par' dir='ltr' id='par_1_15' title="bbox 160 1400 1750 1480">
     <span class='ocr_line' id='line_1_15' title="bbox 160 1400 1750 1480; baseline -0.009 -13"><span class='ocrx_word' id='word_1_97' title='bbox 160 1413 228 1480; x_wconf 71' lang='grc' dir='ltr'>τῇ</span> <span class='ocrx_word' id='word_1_98' title='bbox 259 1410 430 1480; x_wconf 71' lang='grc' dir='ltr'>πείρα</span> <span class='ocrx_word' id='word_1_99' title='bbox 462 1409 694 1479; x_wconf 76' lang='grc' dir='ltr'>μαθητει</span> <span class='ocrx_word' id='word_1_100' title='bbox 718 1410 839 1460; x_wconf 64' lang='grc' dir='ltr'>ὅσον</span> <span class='ocrx_word' id='word_1_101' title='bbox 875 1407 1036 1459; x_wconf 68' lang='grc' dir='ltr'>καλὸν</span> <span class='ocrx_word' id='word_1_102' title='bbox 1085 1406 1314 1474; x_wconf 64' lang='grc' dir='ltr'>ησδχία.</span> <span class='ocrx_word' id='word_1_103' title='bbox 1359 1400 1431 1456; x_wconf 78' lang='grc' dir='ltr'><strong>Εὖ</strong></span> <span class='ocrx_word' id='word_1_104' title='bbox 1464 1404 1572 1456; x_wconf 76' lang='grc' dir='ltr'>ἴσθι</span> <span class='ocrx_word' id='word_1_105' title='bbox 1619 1403 1750 1471; x_wconf 78' lang='grc' dir='ltr'>γὰρ,</span> 
     </span>
    </p>
   </div>
   <div class='ocr_carea' id='block_1_16' title="bbox 159 1495 1753 1569">
    <p class='ocr_par' dir='ltr' id='par_1_16' title="bbox 159 1495 1753 1569">
     <span class='ocr_line' id='line_1_16' title="bbox 159 1495 1753 1569; baseline -0.003 -17"><span class='ocrx_word' id='word_1_106' title='bbox 159 1502 234 1564; x_wconf 83' lang='grc' dir='ltr'>ὡς</span> <span class='ocrx_word' id='word_1_107' title='bbox 257 1501 428 1552; x_wconf 63' lang='grc' dir='ltr'>πάλαι</span> <span class='ocrx_word' id='word_1_108' title='bbox 459 1501 521 1554; x_wconf 76' lang='grc' dir='ltr'>ἄν</span> <span class='ocrx_word' id='word_1_109' title='bbox 551 1518 607 1552; x_wconf 89' lang='grc' dir='ltr'><strong>σε</strong></span> <span class='ocrx_word' id='word_1_110' title='bbox 637 1499 1026 1569; x_wconf 42' lang='grc' dir='ltr'>καττικὸντισα,</span> <span class='ocrx_word' id='word_1_111' title='bbox 1057 1501 1104 1549; x_wconf 81' lang='grc' dir='ltr'>εἰ</span> <span class='ocrx_word' id='word_1_112' title='bbox 1139 1497 1213 1568; x_wconf 79' lang='grc' dir='ltr'><strong>μὴ</strong></span> <span class='ocrx_word' id='word_1_113' title='bbox 1257 1496 1348 1548; x_wconf 77' lang='grc' dir='ltr'><strong>τὸν</strong></span> <span class='ocrx_word' id='word_1_114' title='bbox 1380 1495 1487 1548; x_wconf 89' lang='grc' dir='ltr'><strong>τῶν</strong></span> <span class='ocrx_word' id='word_1_115' title='bbox 1547 1495 1753 1565; x_wconf 89' lang='grc' dir='ltr'>μαρτύ-</span> 
     </span>
    </p>
   </div>
   <div class='ocr_carea' id='block_1_17' title="bbox 161 1587 1745 1662">
    <p class='ocr_par' dir='ltr' id='par_1_17' title="bbox 161 1587 1745 1662">
     <span class='ocr_line' id='line_1_17' title="bbox 161 1587 1745 1662; baseline -0.004 -18"><span class='ocrx_word' id='word_1_116' title='bbox 161 1609 273 1662; x_wconf 86' lang='grc' dir='ltr'><strong>ρων</strong></span> <span class='ocrx_word' id='word_1_117' title='bbox 331 1592 493 1661; x_wconf 78' lang='grc' dir='ltr'>χορὸν</span> <span class='ocrx_word' id='word_1_118' title='bbox 549 1593 646 1644; x_wconf 77' lang='grc' dir='ltr'><strong>σὺν</strong></span> <span class='ocrx_word' id='word_1_119' title='bbox 687 1589 930 1658; x_wconf 80' lang='grc' dir='ltr'><strong>Ἰακὼὅῳ</strong></span> <span class='ocrx_word' id='word_1_120' title='bbox 997 1589 1343 1660; x_wconf 77' lang='grc' dir='ltr'>φρουροῦντα</span> <span class='ocrx_word' id='word_1_121' title='bbox 1379 1605 1436 1640; x_wconf 91' lang='grc' dir='ltr'><strong>σε</strong></span> <span class='ocrx_word' id='word_1_122' title='bbox 1488 1587 1697 1656; x_wconf 80' lang='grc' dir='ltr'>ἐώρων.</span> <span class='ocrx_word' id='word_1_123' title='bbox 1728 1607 1745 1638; x_wconf 76' lang='grc' dir='ltr'>ι</span> 
     </span>
    </p>
   </div>
   <div class='ocr_carea' id='block_1_18' title="bbox 162 1682 1754 1751">
    <p class='ocr_par' dir='ltr' id='par_1_18' title="bbox 162 1682 1754 1751">
     <span class='ocr_line' id='line_1_18' title="bbox 162 1682 1754 1751; baseline -0.003 -15"><span class='ocrx_word' id='word_1_124' title='bbox 162 1687 414 1751; x_wconf 70' lang='grc' dir='ltr'>Ἤκουσα</span> <span class='ocrx_word' id='word_1_125' title='bbox 452 1683 655 1736; x_wconf 88' lang='grc' dir='ltr'>τούτων</span> <span class='ocrx_word' id='word_1_126' title='bbox 687 1683 816 1751; x_wconf 82' lang='grc' dir='ltr'>ἐγὼ,</span> <span class='ocrx_word' id='word_1_127' title='bbox 857 1683 952 1735; x_wconf 86' lang='grc' dir='ltr'><strong>καί</strong></span> <span class='ocrx_word' id='word_1_128' title='bbox 983 1700 1090 1734; x_wconf 89' lang='grc' dir='ltr'>τινι</span> <span class='ocrx_word' id='word_1_129' title='bbox 1115 1683 1222 1734; x_wconf 89' lang='grc' dir='ltr'><strong>τῶν</strong></span> <span class='ocrx_word' id='word_1_130' title='bbox 1261 1682 1559 1751; x_wconf 81' lang='grc' dir='ltr'>γνωρίμων</span> <span class='ocrx_word' id='word_1_131' title='bbox 1615 1682 1754 1750; x_wconf 87' lang='grc' dir='ltr'>πλη-</span> 
     </span>
    </p>
   </div>
   <div class='ocr_carea' id='block_1_19' title="bbox 161 1769 1754 1844">
    <p class='ocr_par' dir='ltr' id='par_1_19' title="bbox 161 1769 1754 1844">
     <span class='ocr_line' id='line_1_19' title="bbox 161 1769 1754 1844; baseline -0.002 -15"><span class='ocrx_word' id='word_1_132' title='bbox 161 1778 276 1830; x_wconf 77' lang='grc' dir='ltr'>σίον</span> <span class='ocrx_word' id='word_1_133' title='bbox 308 1777 620 1830; x_wconf 76' lang='grc' dir='ltr'>καθεύδοντι</span> <span class='ocrx_word' id='word_1_134' title='bbox 651 1794 663 1807; x_wconf 86' lang='grc'><strong>·</strong></span> <span class='ocrx_word' id='word_1_135' title='bbox 705 1795 722 1828; x_wconf 78' lang='grc' dir='ltr'>ι</span> <span class='ocrx_word' id='word_1_136' title='bbox 764 1775 1028 1841; x_wconf 80' lang='grc' dir='ltr'>Ἀκούεις,</span> <span class='ocrx_word' id='word_1_137' title='bbox 1071 1775 1228 1844; x_wconf 81' lang='grc' dir='ltr'>ἔφην,</span> <span class='ocrx_word' id='word_1_138' title='bbox 1254 1777 1281 1828; x_wconf 84' lang='grc' dir='ltr'>ὁ</span> <span class='ocrx_word' id='word_1_139' title='bbox 1307 1775 1474 1836; x_wconf 82' lang='grc' dir='ltr'>δεῖνα,</span> <span class='ocrx_word' id='word_1_140' title='bbox 1525 1769 1638 1827; x_wconf 83' lang='grc' dir='ltr'><strong>τῶν</strong></span> <span class='ocrx_word' id='word_1_141' title='bbox 1664 1775 1754 1826; x_wconf 77' lang='grc' dir='ltr'>λε-</span> 
     </span>
    </p>
   </div>
   <div class='ocr_carea' id='block_1_20' title="bbox 1853 580 3427 656">
    <p class='ocr_par' dir='ltr' id='par_1_20' title="bbox 1853 580 3427 656">
     <span class='ocr_line' id='line_1_20' title="bbox 1853 580 3427 656; baseline 0.002 -18"><span class='ocrx_word' id='word_1_142' title='bbox 1853 587 2144 640; x_wconf 88' lang='lat' dir='ltr'><strong>trahebant</strong></span> <span class='ocrx_word' id='word_1_143' title='bbox 2187 587 2339 647; x_wconf 89' lang='lat' dir='ltr'><strong>mihi,</strong></span> <span class='ocrx_word' id='word_1_144' title='bbox 2381 595 2436 639; x_wconf 88' lang='lat' dir='ltr'><strong>et</strong></span> <span class='ocrx_word' id='word_1_145' title='bbox 2471 597 2772 656; x_wconf 89' lang='lat' dir='ltr'><strong>posuerunt</strong></span> <span class='ocrx_word' id='word_1_146' title='bbox 2813 587 3109 642; x_wconf 83' lang='lat' dir='ltr'><strong>adversum</strong></span> <span class='ocrx_word' id='word_1_147' title='bbox 3153 580 3239 640; x_wconf 76' lang='lat' dir='ltr'><strong>me</strong></span> <span class='ocrx_word' id='word_1_148' title='bbox 3287 588 3427 641; x_wconf 90' lang='lat' dir='ltr'><strong>mala</strong></span> 
     </span>
    </p>
   </div>
   <div class='ocr_carea' id='block_1_21' title="bbox 1857 677 3430 748">
    <p class='ocr_par' dir='ltr' id='par_1_21' title="bbox 1857 677 3430 748">
     <span class='ocr_line' id='line_1_21' title="bbox 1857 677 3430 748; baseline 0.007 -20"><span class='ocrx_word' id='word_1_149' title='bbox 1857 692 1954 744; x_wconf 92' lang='lat' dir='ltr'><strong>pro</strong></span> <span class='ocrx_word' id='word_1_150' title='bbox 1988 677 2167 740; x_wconf 88' lang='lat' dir='ltr'><strong>bonis,</strong></span> <span class='ocrx_word' id='word_1_151' title='bbox 2196 678 2458 732; x_wconf 91' lang='lat' dir='ltr'><strong>etodium</strong></span> <span class='ocrx_word' id='word_1_152' title='bbox 2492 693 2591 748; x_wconf 90' lang='lat' dir='ltr'><strong>pro</strong></span> <span class='ocrx_word' id='word_1_153' title='bbox 2619 678 2913 732; x_wconf 76' lang='lat' dir='ltr'><strong>dilectione</strong></span> <span class='ocrx_word' id='word_1_154' title='bbox 2967 693 3087 733; x_wconf 89' lang='lat' dir='ltr'><strong>mea</strong></span> <span class='ocrx_word' id='word_1_155' title='bbox 3109 688 3164 736; x_wconf 73' lang='grc' dir='ltr'>ις</span> <span class='ocrx_word' id='word_1_156' title='bbox 3203 696 3220 728; x_wconf 73' lang='grc' dir='ltr'>ι</span> <span class='ocrx_word' id='word_1_157' title='bbox 3261 681 3430 747; x_wconf 73' lang='lat' dir='ltr'><strong>magi°</strong></span> 
     </span>
    </p>
   </div>
   <div class='ocr_carea' id='block_1_22' title="bbox 1852 767 3429 838">
    <p class='ocr_par' dir='ltr' id='par_1_22' title="bbox 1852 767 3429 838">
     <span class='ocr_line' id='line_1_22' title="bbox 1852 767 3429 838; baseline 0.001 -18"><span class='ocrx_word' id='word_1_158' title='bbox 1852 767 2041 836; x_wconf 91' lang='lat' dir='ltr'><strong>cisque</strong></span> <span class='ocrx_word' id='word_1_159' title='bbox 2103 769 2396 837; x_wconf 60' lang='lat' dir='ltr'><strong>praestigiis</strong></span> <span class='ocrx_word' id='word_1_160' title='bbox 2451 770 2557 833; x_wconf 47' lang='lat' dir='ltr'><strong>usis</strong></span> <span class='ocrx_word' id='word_1_161' title='bbox 2605 779 2659 823; x_wconf 92' lang='lat' dir='ltr'><strong>et</strong></span> <span class='ocrx_word' id='word_1_162' title='bbox 2704 770 3067 838; x_wconf 88' lang='lat' dir='ltr'><strong>pessimorum</strong></span> <span class='ocrx_word' id='word_1_163' title='bbox 3118 770 3429 829; x_wconf 57' lang='lat' dir='ltr'><strong>daemonum</strong></span> 
     </span>
    </p>
   </div>
   <div class='ocr_carea' id='block_1_23' title="bbox 1853 861 3429 925">
    <p class='ocr_par' dir='ltr' id='par_1_23' title="bbox 1853 861 3429 925">
     <span class='ocr_line' id='line_1_23' title="bbox 1853 861 3429 925; baseline 0.001 -12"><span class='ocrx_word' id='word_1_164' title='bbox 1853 861 2116 914; x_wconf 80' lang='lat' dir='ltr'><strong>auxilium</strong></span> <span class='ocrx_word' id='word_1_165' title='bbox 2144 862 2504 925; x_wconf 87' lang='lat' dir='ltr'><strong>asciscentes,</strong></span> <span class='ocrx_word' id='word_1_166' title='bbox 2536 862 2814 916; x_wconf 83' lang='lat' dir='ltr'><strong>invisibile</strong></span> <span class='ocrx_word' id='word_1_167' title='bbox 2836 861 3037 914; x_wconf 91' lang='lat' dir='ltr'><strong>bellum</strong></span> <span class='ocrx_word' id='word_1_168' title='bbox 3067 861 3268 916; x_wconf 83' lang='lat' dir='ltr'><strong>inferre</strong></span> <span class='ocrx_word' id='word_1_169' title='bbox 3293 876 3429 916; x_wconf 83' lang='lat' dir='ltr'><strong>con—</strong></span> 
     </span>
    </p>
   </div>
   <div class='ocr_carea' id='block_1_24' title="bbox 1855 949 3430 1020">
    <p class='ocr_par' dir='ltr' id='par_1_24' title="bbox 1855 949 3430 1020">
     <span class='ocr_line' id='line_1_24' title="bbox 1855 949 3430 1020; baseline 0.002 -19"><span class='ocrx_word' id='word_1_170' title='bbox 1855 950 2174 1004; x_wconf 88' lang='lat' dir='ltr'><strong>tendebant.</strong></span> <span class='ocrx_word' id='word_1_171' title='bbox 2210 949 2482 1019; x_wconf 87' lang='lat' dir='ltr'><strong>Venitque</strong></span> <span class='ocrx_word' id='word_1_172' title='bbox 2521 951 2822 1020; x_wconf 80' lang='lat' dir='ltr'><strong>aliquando</strong></span> <span class='ocrx_word' id='word_1_173' title='bbox 2851 954 2867 971; x_wconf 83' lang='grc'>⁶</span> <span class='ocrx_word' id='word_1_174' title='bbox 2896 950 2964 1004; x_wconf 90' lang='lat' dir='ltr'><strong>de</strong></span> <span class='ocrx_word' id='word_1_175' title='bbox 2996 960 3155 1004; x_wconf 90' lang='lat' dir='ltr'><strong>nocte</strong></span> <span class='ocrx_word' id='word_1_176' title='bbox 3195 951 3430 1005; x_wconf 72' lang='lat' dir='ltr'><strong>exitialis</strong></span> 
     </span>
    </p>
   </div>
   <div class='ocr_carea' id='block_1_25' title="bbox 1850 1041 3426 1114">
    <p class='ocr_par' dir='ltr' id='par_1_25' title="bbox 1850 1041 3426 1114">
     <span class='ocr_line' id='line_1_25' title="bbox 1850 1041 3426 1114; baseline -0.001 -18"><span class='ocrx_word' id='word_1_177' title='bbox 1850 1043 2074 1111; x_wconf 90' lang='lat' dir='ltr'><strong>quidam</strong></span> <span class='ocrx_word' id='word_1_178' title='bbox 2119 1041 2336 1097; x_wconf 69' lang='lat' dir='ltr'><strong>daemon</strong></span> <span class='ocrx_word' id='word_1_179' title='bbox 2385 1044 2657 1105; x_wconf 85' lang='lat' dir='ltr'><strong>clamans,</strong></span> <span class='ocrx_word' id='word_1_180' title='bbox 2688 1052 2746 1098; x_wconf 82' lang='lat' dir='ltr'><strong>et</strong></span> <span class='ocrx_word' id='word_1_181' title='bbox 2785 1043 2921 1114; x_wconf 88' lang='lat' dir='ltr'><strong>Syra</strong></span> <span class='ocrx_word' id='word_1_182' title='bbox 2974 1043 3204 1112; x_wconf 89' lang='lat' dir='ltr'><strong>loquens</strong></span> <span class='ocrx_word' id='word_1_183' title='bbox 3255 1056 3426 1096; x_wconf 84' lang='lat' dir='ltr'><strong>voce:</strong></span> 
     </span>
    </p>
   </div>
   <div class='ocr_carea' id='block_1_26' title="bbox 1859 1131 3515 1204">
    <p class='ocr_par' dir='ltr' id='par_1_26' title="bbox 1859 1131 3515 1204">
     <span class='ocr_line' id='line_1_26' title="bbox 1859 1131 3515 1204; baseline 0.004 -22"><span class='ocrx_word' id='word_1_184' title='bbox 1859 1150 1876 1182; x_wconf 84' lang='grc' dir='ltr'>ι</span> <span class='ocrx_word' id='word_1_185' title='bbox 1918 1131 2061 1197; x_wconf 87' lang='lat' dir='ltr'><strong>Quid</strong></span> <span class='ocrx_word' id='word_1_186' title='bbox 2110 1137 2245 1188; x_wconf 88' lang='lat' dir='ltr'><strong>heus</strong></span> <span class='ocrx_word' id='word_1_187' title='bbox 2293 1145 2348 1187; x_wconf 94' lang='lat' dir='ltr'><strong>tu</strong></span> <span class='ocrx_word' id='word_1_188' title='bbox 2399 1134 2604 1188; x_wconf 87' lang='lat' dir='ltr'><strong>bellum</strong></span> <span class='ocrx_word' id='word_1_189' title='bbox 2644 1135 2787 1204; x_wconf 82' lang='lat' dir='ltr'><strong>geris</strong></span> <span class='ocrx_word' id='word_1_190' title='bbox 2821 1150 2944 1188; x_wconf 82' lang='lat' dir='ltr'><strong>cum</strong></span> <span class='ocrx_word' id='word_1_191' title='bbox 2983 1133 3300 1187; x_wconf 79' lang='lat' dir='ltr'><strong>Marcioue?</strong></span> <span class='ocrx_word' id='word_1_192' title='bbox 3333 1148 3433 1186; x_wconf 83' lang='lat' dir='ltr'><strong>cur</strong></span> <span class='ocrx_word' id='word_1_193' title='bbox 3508 1180 3515 1189; x_wconf 96' lang='lat'><strong>.</strong></span> 
     </span>
    </p>
   </div>
   <div class='ocr_carea' id='block_1_27' title="bbox 1855 1223 3434 1296">
    <p class='ocr_par' dir='ltr' id='par_1_27' title="bbox 1855 1223 3434 1296">
     <span class='ocr_line' id='line_1_27' title="bbox 1855 1223 3434 1296; baseline -0.001 -19"><span class='ocrx_word' id='word_1_194' title='bbox 1855 1224 2074 1278; x_wconf 90' lang='lat' dir='ltr'><strong>tandem</strong></span> <span class='ocrx_word' id='word_1_195' title='bbox 2106 1241 2230 1280; x_wconf 90' lang='lat' dir='ltr'><strong>cum</strong></span> <span class='ocrx_word' id='word_1_196' title='bbox 2257 1227 2349 1280; x_wconf 90' lang='lat' dir='ltr'><strong>illo</strong></span> <span class='ocrx_word' id='word_1_197' title='bbox 2378 1228 2521 1282; x_wconf 90' lang='lat' dir='ltr'><strong>hanc</strong></span> <span class='ocrx_word' id='word_1_198' title='bbox 2557 1241 2793 1296; x_wconf 81' lang='lat' dir='ltr'><strong>pugnam</strong></span> <span class='ocrx_word' id='word_1_199' title='bbox 2823 1227 3158 1295; x_wconf 81' lang='lat' dir='ltr'><strong>suscepisti?</strong></span> <span class='ocrx_word' id='word_1_200' title='bbox 3184 1225 3314 1295; x_wconf 93' lang='lat' dir='ltr'><strong>quid</strong></span> <span class='ocrx_word' id='word_1_201' title='bbox 3343 1223 3434 1279; x_wconf 91' lang='lat' dir='ltr'><strong>ille</strong></span> 
     </span>
    </p>
   </div>
   <div class='ocr_carea' id='block_1_28' title="bbox 1855 1317 3434 1388">
    <p class='ocr_par' dir='ltr' id='par_1_28' title="bbox 1855 1317 3434 1388">
     <span class='ocr_line' id='line_1_28' title="bbox 1855 1317 3434 1388; baseline -0.001 -18"><span class='ocrx_word' id='word_1_202' title='bbox 1855 1318 1953 1370; x_wconf 93' lang='lat' dir='ltr'><strong>tibi</strong></span> <span class='ocrx_word' id='word_1_203' title='bbox 1988 1318 2254 1372; x_wconf 60' lang='lat' dir='ltr'><strong>molestias</strong></span> <span class='ocrx_word' id='word_1_204' title='bbox 2284 1331 2511 1380; x_wconf 70' lang='lat' dir='ltr'><strong>creavnt,</strong></span> <span class='ocrx_word' id='word_1_205' title='bbox 2554 1321 2778 1388; x_wconf 86' lang='lat' dir='ltr'><strong>inquam</strong></span> <span class='ocrx_word' id='word_1_206' title='bbox 2804 1319 2824 1371; x_wconf 78' lang='lat'><strong>?</strong></span> <span class='ocrx_word' id='word_1_207' title='bbox 2852 1317 3298 1379; x_wconf 82' lang='lat' dir='ltr'><strong>Bellare&#39;desine,</strong></span> <span class='ocrx_word' id='word_1_208' title='bbox 3330 1318 3434 1370; x_wconf 88' lang='lat' dir='ltr'><strong>ini-</strong></span> 
     </span>
    </p>
   </div>
   <div class='ocr_carea' id='block_1_29' title="bbox 1856 1405 3432 1476">
    <p class='ocr_par' dir='ltr' id='par_1_29' title="bbox 1856 1405 3432 1476">
     <span class='ocr_line' id='line_1_29' title="bbox 1856 1405 3432 1476; baseline -0.001 -20"><span class='ocrx_word' id='word_1_209' title='bbox 1856 1405 2091 1460; x_wconf 78' lang='lat' dir='ltr'><strong>micitias</strong></span> <span class='ocrx_word' id='word_1_210' title='bbox 2123 1405 2358 1476; x_wconf 88' lang='lat' dir='ltr'><strong>depone,</strong></span> <span class='ocrx_word' id='word_1_211' title='bbox 2406 1416 2501 1459; x_wconf 88' lang='lat' dir='ltr'><strong>aut</strong></span> <span class='ocrx_word' id='word_1_212' title='bbox 2551 1407 2886 1472; x_wconf 76' lang='lat' dir='ltr'><strong>experientia</strong></span> <span class='ocrx_word' id='word_1_213' title='bbox 2937 1406 3122 1459; x_wconf 77' lang='lat' dir='ltr'><strong>disces</strong></span> <span class='ocrx_word' id='word_1_214' title='bbox 3166 1413 3432 1474; x_wconf 88' lang='lat' dir='ltr'><strong>quantmn</strong></span> 
     </span>
    </p>
   </div>
   <div class='ocr_carea' id='block_1_30' title="bbox 1855 1495 3432 1566">
    <p class='ocr_par' dir='ltr' id='par_1_30' title="bbox 1855 1495 3432 1566">
     <span class='ocr_line' id='line_1_30' title="bbox 1855 1495 3432 1566; baseline -0.002 -17"><span class='ocrx_word' id='word_1_215' title='bbox 1855 1495 2059 1550; x_wconf 91' lang='lat' dir='ltr'><strong>bonum</strong></span> <span class='ocrx_word' id='word_1_216' title='bbox 2093 1498 2168 1551; x_wconf 85' lang='lat' dir='ltr'><strong>sit</strong></span> <span class='ocrx_word' id='word_1_217' title='bbox 2197 1497 2379 1566; x_wconf 82' lang='lat' dir='ltr'><strong>quies.</strong></span> <span class='ocrx_word' id='word_1_218' title='bbox 2421 1497 2574 1552; x_wconf 89' lang='lat' dir='ltr'><strong>Scito</strong></span> <span class='ocrx_word' id='word_1_219' title='bbox 2613 1499 2758 1552; x_wconf 90' lang='lat' dir='ltr'><strong>enim</strong></span> <span class='ocrx_word' id='word_1_220' title='bbox 2792 1497 2938 1566; x_wconf 92' lang='lat' dir='ltr'><strong>quod</strong></span> <span class='ocrx_word' id='word_1_221' title='bbox 2989 1509 3040 1550; x_wconf 83' lang='lat' dir='ltr'><strong>te</strong></span> <span class='ocrx_word' id='word_1_222' title='bbox 3071 1497 3183 1565; x_wconf 87' lang='lat' dir='ltr'><strong>jam</strong></span> <span class='ocrx_word' id='word_1_223' title='bbox 3220 1495 3432 1566; x_wconf 91' lang='lat' dir='ltr'><strong>pridem</strong></span> 
     </span>
    </p>
   </div>
   <div class='ocr_carea' id='block_1_31' title="bbox 1855 1585 3435 1658">
    <p class='ocr_par' dir='ltr' id='par_1_31' title="bbox 1855 1585 3435 1658">
     <span class='ocr_line' id='line_1_31' title="bbox 1855 1585 3435 1658; baseline -0.002 -18"><span class='ocrx_word' id='word_1_224' title='bbox 1855 1586 2253 1653; x_wconf 80' lang='lat' dir='ltr'><strong>confodissem,</strong></span> <span class='ocrx_word' id='word_1_225' title='bbox 2279 1588 2384 1641; x_wconf 82' lang='lat' dir='ltr'><strong>nisi</strong></span> <span class='ocrx_word' id='word_1_226' title='bbox 2414 1597 2711 1658; x_wconf 79' lang='lat' dir='ltr'><strong>martyrum</strong></span> <span class='ocrx_word' id='word_1_227' title='bbox 2743 1587 2970 1639; x_wconf 82' lang='lat' dir='ltr'><strong>chorum</strong></span> <span class='ocrx_word' id='word_1_228' title='bbox 3005 1602 3127 1639; x_wconf 86' lang='lat' dir='ltr'><strong>cum</strong></span> <span class='ocrx_word' id='word_1_229' title='bbox 3152 1585 3358 1640; x_wconf 81' lang='lat' dir='ltr'><strong>Jacobo</strong></span> <span class='ocrx_word' id='word_1_230' title='bbox 3383 1595 3435 1637; x_wconf 86' lang='lat' dir='ltr'><strong>te</strong></span> 
     </span>
    </p>
   </div>
   <div class='ocr_carea' id='block_1_32' title="bbox 1855 1678 3437 1751">
    <p class='ocr_par' dir='ltr' id='par_1_32' title="bbox 1855 1678 3437 1751">
     <span class='ocr_line' id='line_1_32' title="bbox 1855 1678 3437 1751; baseline -0.005 -13"><span class='ocrx_word' id='word_1_231' title='bbox 1855 1682 2234 1738; x_wconf 89' lang='lat' dir='ltr'><strong>custodientes</strong></span> <span class='ocrx_word' id='word_1_232' title='bbox 2270 1683 2558 1738; x_wconf 84' lang='lat' dir='ltr'><strong>vidissem.</strong></span> <span class='ocrx_word' id='word_1_233' title='bbox 2605 1701 2622 1732; x_wconf 83' lang='grc'>›</span> <span class='ocrx_word' id='word_1_234' title='bbox 2662 1681 2784 1736; x_wconf 62' lang='lat' dir='ltr'><strong>liae</strong></span> <span class='ocrx_word' id='word_1_235' title='bbox 2833 1695 2934 1751; x_wconf 84' lang='lat' dir='ltr'><strong>ego</strong></span> <span class='ocrx_word' id='word_1_236' title='bbox 2973 1680 3180 1741; x_wconf 84' lang='lat' dir='ltr'><strong>audivi,</strong></span> <span class='ocrx_word' id='word_1_237' title='bbox 3223 1678 3437 1742; x_wconf 76' lang='lat' dir='ltr'><strong>eteni-</strong></span> 
     </span>
    </p>
   </div>
   <div class='ocr_carea' id='block_1_33' title="bbox 1857 1769 3438 1842">
    <p class='ocr_par' dir='ltr' id='par_1_33' title="bbox 1857 1769 3438 1842">
     <span class='ocr_line' id='line_1_33' title="bbox 1857 1769 3438 1842; baseline -0.006 -13"><span class='ocrx_word' id='word_1_238' title='bbox 1857 1776 1980 1830; x_wconf 89' lang='lat' dir='ltr'><strong>dam</strong></span> <span class='ocrx_word' id='word_1_239' title='bbox 2020 1792 2050 1830; x_wconf 92' lang='lat' dir='ltr'><strong>e</strong></span> <span class='ocrx_word' id='word_1_240' title='bbox 2093 1775 2483 1835; x_wconf 75' lang='lat' dir='ltr'><strong>familiaribus,</strong></span> <span class='ocrx_word' id='word_1_241' title='bbox 2530 1774 2622 1842; x_wconf 89' lang='lat' dir='ltr'><strong>qui</strong></span> <span class='ocrx_word' id='word_1_242' title='bbox 2675 1774 2832 1839; x_wconf 78' lang='lat' dir='ltr'><strong>juxta</strong></span> <span class='ocrx_word' id='word_1_243' title='bbox 2881 1771 3191 1825; x_wconf 81' lang='lat' dir='ltr'><strong>dormiebat</strong></span> <span class='ocrx_word' id='word_1_244' title='bbox 3219 1786 3232 1822; x_wconf 89' lang='lat'><strong>:</strong></span> <span class='ocrx_word' id='word_1_245' title='bbox 3260 1785 3279 1818; x_wconf 80' lang='grc' dir='ltr'>ι</span> <span class='ocrx_word' id='word_1_246' title='bbox 3325 1769 3438 1821; x_wconf 82' lang='lat' dir='ltr'><strong>An-</strong></span> 
     </span>
    </p>
   </div>
   <div class='ocr_carea' id='block_1_34' title="bbox 156 1849 1753 1939">
    <p class='ocr_par' dir='ltr' id='par_1_34' title="bbox 156 1863 1750 1939">
     <span class='ocr_line' id='line_1_34' title="bbox 156 1863 1750 1939; baseline -0.004 -17"><span class='ocrx_word' id='word_1_247' title='bbox 156 1869 408 1939; x_wconf 85' lang='grc' dir='ltr'>γομένων</span> <span class='ocrx_word' id='word_1_248' title='bbox 443 1885 456 1932; x_wconf 91' lang='grc'><strong>;</strong></span> <span class='ocrx_word' id='word_1_249' title='bbox 488 1888 504 1918; x_wconf 74' lang='grc' dir='ltr'>ι</span> <span class='ocrx_word' id='word_1_250' title='bbox 543 1868 598 1919; x_wconf 84' lang='grc' dir='ltr'><strong>Ὀ</strong></span> <span class='ocrx_word' id='word_1_251' title='bbox 625 1867 680 1919; x_wconf 86' lang='grc' dir='ltr'><strong>δέ</strong></span> <span class='ocrx_word' id='word_1_252' title='bbox 708 1889 718 1897; x_wconf 89' lang='grc'><strong>·</strong></span> <span class='ocrx_word' id='word_1_253' title='bbox 757 1886 774 1918; x_wconf 81' lang='grc' dir='ltr'>ι</span> <span class='ocrx_word' id='word_1_254' title='bbox 806 1868 1050 1929; x_wconf 82' lang='grc' dir='ltr'>Πάντων,</span> <span class='ocrx_word' id='word_1_255' title='bbox 1104 1863 1279 1932; x_wconf 77' lang='grc' dir='ltr'>εἶπεν,</span> <span class='ocrx_word' id='word_1_256' title='bbox 1315 1867 1599 1935; x_wconf 80' lang='grc' dir='ltr'>ἐπήκουσα</span> <span class='ocrx_word' id='word_1_257' title='bbox 1625 1881 1636 1894; x_wconf 73' lang='grc' dir='ltr'><strong>ο</strong></span> <span class='ocrx_word' id='word_1_258' title='bbox 1659 1866 1750 1917; x_wconf 75' lang='grc' dir='ltr'><strong>καὶ</strong></span> 
     </span>
    </p>
   </div>
   <div class='ocr_carea' id='block_1_35' title="bbox 1855 1849 3432 1939">
    <p class='ocr_par' dir='ltr' id='par_1_35' title="bbox 1856 1860 3432 1938">
     <span class='ocr_line' id='line_1_35' title="bbox 1856 1860 3432 1938; baseline -0.008 -15"><span class='ocrx_word' id='word_1_259' title='bbox 1856 1871 2033 1930; x_wconf 91' lang='lat' dir='ltr'><strong>disne,</strong></span> <span class='ocrx_word' id='word_1_260' title='bbox 2063 1870 2308 1938; x_wconf 90' lang='lat' dir='ltr'><strong>inquam,</strong></span> <span class='ocrx_word' id='word_1_261' title='bbox 2341 1883 2464 1933; x_wconf 65' lang='lat' dir='ltr'><strong>quae</strong></span> <span class='ocrx_word' id='word_1_262' title='bbox 2506 1866 2806 1921; x_wconf 88' lang='lat' dir='ltr'><strong>dicuntur?</strong></span> <span class='ocrx_word' id='word_1_263' title='bbox 2845 1885 2862 1916; x_wconf 76' lang='grc' dir='ltr'>ι</span> <span class='ocrx_word' id='word_1_264' title='bbox 2895 1873 2948 1918; x_wconf 91' lang='lat' dir='ltr'><strong>et</strong></span> <span class='ocrx_word' id='word_1_265' title='bbox 2977 1865 3069 1918; x_wconf 89' lang='lat' dir='ltr'><strong>ille</strong></span> <span class='ocrx_word' id='word_1_266' title='bbox 3109 1882 3120 1917; x_wconf 93' lang='lat'>:</span> <span class='ocrx_word' id='word_1_267' title='bbox 3157 1882 3175 1914; x_wconf 79' lang='grc' dir='ltr'>ι</span> <span class='ocrx_word' id='word_1_268' title='bbox 3213 1860 3432 1922; x_wconf 87' lang='lat' dir='ltr'><strong>Omnia,</strong></span> 
     </span>
    </p>
   </div>
   <div class='ocr_carea' id='block_1_36' title="bbox 157 1957 1750 2030">
    <p class='ocr_par' dir='ltr' id='par_1_36' title="bbox 157 1957 1750 2030">
     <span class='ocr_line' id='line_1_36' title="bbox 157 1957 1750 2030; baseline -0.003 -17"><span class='ocrx_word' id='word_1_269' title='bbox 157 1962 509 2030; x_wconf 69' lang='grc' dir='ltr'>διαναστῆναι</span> <span class='ocrx_word' id='word_1_270' title='bbox 567 1959 912 2029; x_wconf 74' lang='grc' dir='ltr'>βουλόμενος,</span> <span class='ocrx_word' id='word_1_271' title='bbox 951 1959 1046 2011; x_wconf 72' lang='grc' dir='ltr'>καὶ</span> <span class='ocrx_word' id='word_1_272' title='bbox 1082 1959 1365 2028; x_wconf 56' lang='grc' dir='ltr'>διακύψαι,</span> <span class='ocrx_word' id='word_1_273' title='bbox 1422 1960 1513 2010; x_wconf 68' lang='grc' dir='ltr'><strong>καὶ</strong></span> <span class='ocrx_word' id='word_1_274' title='bbox 1545 1957 1750 2025; x_wconf 77' lang='grc' dir='ltr'>γνῶναι</span> 
     </span>
    </p>
   </div>
   <div class='ocr_carea' id='block_1_37' title="bbox 155 2033 1755 2131">
    <p class='ocr_par' dir='ltr' id='par_1_37' title="bbox 155 2033 1755 2131">
     <span class='ocr_line' id='line_1_37' title="bbox 155 2033 1755 2131; baseline -0.003 -23"><span class='ocrx_word' id='word_1_275' title='bbox 155 2056 236 2119; x_wconf 89' lang='grc' dir='ltr'><strong>τίς</strong></span> <span class='ocrx_word' id='word_1_276' title='bbox 259 2058 288 2108; x_wconf 81' lang='grc' dir='ltr'>ὁ</span> <span class='ocrx_word' id='word_1_277' title='bbox 323 2055 712 2124; x_wconf 74' lang='grc' dir='ltr'>φθεγγόμενος,</span> <span class='ocrx_word' id='word_1_278' title='bbox 747 2053 843 2106; x_wconf 81' lang='grc' dir='ltr'>σοῦ</span> <span class='ocrx_word' id='word_1_279' title='bbox 895 2033 1056 2124; x_wconf 61' lang='grc' dir='ltr'>χάριν</span> <span class='ocrx_word' id='word_1_280' title='bbox 1089 2051 1324 2131; x_wconf 68' lang='grc' dir='ltr'>ῂσυχίαν</span> <span class='ocrx_word' id='word_1_281' title='bbox 1353 2047 1486 2122; x_wconf 82' lang='grc' dir='ltr'>ἦγον</span> <span class='ocrx_word' id='word_1_282' title='bbox 1509 2091 1523 2114; x_wconf 88' lang='grc'><strong>,</strong></span> <span class='ocrx_word' id='word_1_283' title='bbox 1560 2050 1755 2104; x_wconf 86' lang='grc' dir='ltr'>καθεύ-</span> 
     </span>
    </p>
   </div>
   <div class='ocr_carea' id='block_1_38' title="bbox 157 2144 1750 2214">
    <p class='ocr_par' dir='ltr' id='par_1_38' title="bbox 157 2144 1750 2214">
     <span class='ocr_line' id='line_1_38' title="bbox 157 2144 1750 2214; baseline -0.003 -13"><span class='ocrx_word' id='word_1_284' title='bbox 157 2149 270 2202; x_wconf 73' lang='grc' dir='ltr'>δειν</span> <span class='ocrx_word' id='word_1_285' title='bbox 338 2166 398 2202; x_wconf 89' lang='grc' dir='ltr'><strong>σε</strong></span> <span class='ocrx_word' id='word_1_286' title='bbox 439 2150 702 2210; x_wconf 82' lang='grc' dir='ltr'>τοπάσας.</span> <span class='ocrx_word' id='word_1_287' title='bbox 733 2167 751 2199; x_wconf 76' lang='grc' dir='ltr'>ι</span> <span class='ocrx_word' id='word_1_288' title='bbox 792 2146 1148 2208; x_wconf 82' lang='grc' dir='ltr'>Ἀναστάντες</span> <span class='ocrx_word' id='word_1_289' title='bbox 1199 2145 1415 2208; x_wconf 77' lang='grc' dir='ltr'>τοίνυν,</span> <span class='ocrx_word' id='word_1_290' title='bbox 1477 2144 1643 2214; x_wconf 80' lang='grc' dir='ltr'>ἄμφω</span> <span class='ocrx_word' id='word_1_291' title='bbox 1691 2162 1750 2197; x_wconf 93' lang='grc' dir='ltr'><strong>τε</strong></span> 
     </span>
    </p>
   </div>
   <div class='ocr_carea' id='block_1_39' title="bbox 155 2234 1749 2308">
    <p class='ocr_par' dir='ltr' id='par_1_39' title="bbox 155 2234 1749 2308">
     <span class='ocr_line' id='line_1_39' title="bbox 155 2234 1749 2308; baseline -0.006 -16"><span class='ocrx_word' id='word_1_292' title='bbox 155 2239 543 2308; x_wconf 69' lang='grc' dir='ltr'>διεκύπτομεν,</span> <span class='ocrx_word' id='word_1_293' title='bbox 576 2240 668 2292; x_wconf 76' lang='grc' dir='ltr'><strong>καὶ</strong></span> <span class='ocrx_word' id='word_1_294' title='bbox 701 2237 892 2291; x_wconf 82' lang='grc' dir='ltr'>ούδένα</span> <span class='ocrx_word' id='word_1_295' title='bbox 913 2236 1034 2290; x_wconf 74' lang='grc' dir='ltr'>οὕτε</span> <span class='ocrx_word' id='word_1_296' title='bbox 1063 2235 1404 2307; x_wconf 87' lang='grc' dir='ltr'>κινούμενον,</span> <span class='ocrx_word' id='word_1_297' title='bbox 1435 2234 1557 2287; x_wconf 73' lang='grc' dir='ltr'>οὕτε</span> <span class='ocrx_word' id='word_1_298' title='bbox 1589 2235 1749 2303; x_wconf 64' lang='grc' dir='ltr'>φῦεγ-</span> 
     </span>
    </p>
   </div>
   <div class='ocr_carea' id='block_1_40' title="bbox 156 2325 1751 2398">
    <p class='ocr_par' dir='ltr' id='par_1_40' title="bbox 156 2325 1751 2398">
     <span class='ocr_line' id='line_1_40' title="bbox 156 2325 1751 2398; baseline -0.004 -16"><span class='ocrx_word' id='word_1_299' title='bbox 156 2331 392 2398; x_wconf 76' lang='grc' dir='ltr'>γόμενον</span> <span class='ocrx_word' id='word_1_300' title='bbox 422 2329 695 2398; x_wconf 69' lang='grc' dir='ltr'>ἠκούομεν</span> <span class='ocrx_word' id='word_1_301' title='bbox 718 2346 729 2359; x_wconf 88' lang='grc'><strong>·</strong></span> <span class='ocrx_word' id='word_1_302' title='bbox 767 2328 874 2381; x_wconf 86' lang='grc' dir='ltr'><strong>τῶν</strong></span> <span class='ocrx_word' id='word_1_303' title='bbox 908 2328 965 2381; x_wconf 79' lang='grc' dir='ltr'><strong>δὲ</strong></span> <span class='ocrx_word' id='word_1_304' title='bbox 999 2327 1259 2398; x_wconf 75' lang='grc' dir='ltr'>ῥημάτων</span> <span class='ocrx_word' id='word_1_305' title='bbox 1312 2325 1536 2379; x_wconf 77' lang='grc' dir='ltr'>ἐκείνων</span> <span class='ocrx_word' id='word_1_306' title='bbox 1581 2325 1674 2378; x_wconf 70' lang='grc' dir='ltr'><strong>καὶ</strong></span> <span class='ocrx_word' id='word_1_307' title='bbox 1703 2325 1751 2377; x_wconf 89' lang='grc' dir='ltr'>οἱ</span> 
     </span>
    </p>
   </div>
   <div class='ocr_carea' id='block_1_41' title="bbox 155 2401 1752 2502">
    <p class='ocr_par' dir='ltr' id='par_1_41' title="bbox 155 2417 1752 2502">
     <span class='ocr_line' id='line_1_41' title="bbox 155 2417 1752 2502; baseline -0.006 -26"><span class='ocrx_word' id='word_1_308' title='bbox 155 2422 310 2476; x_wconf 75' lang='grc' dir='ltr'>ἄλλοι</span> <span class='ocrx_word' id='word_1_309' title='bbox 341 2421 497 2492; x_wconf 76' lang='grc' dir='ltr'>ἡμῶν</span> <span class='ocrx_word' id='word_1_310' title='bbox 534 2422 846 2502; x_wconf 75' lang='grc' dir='ltr'>ἐπήκουσαν</span> <span class='ocrx_word' id='word_1_311' title='bbox 889 2419 1142 2472; x_wconf 81' lang='grc' dir='ltr'>σύνοικοι.</span> <span class='ocrx_word' id='word_1_312' title='bbox 1181 2419 1398 2486; x_wconf 80' lang='grc' dir='ltr'>Σύνῆκα</span> <span class='ocrx_word' id='word_1_313' title='bbox 1429 2418 1623 2476; x_wconf 77' lang='grc' dir='ltr'>τοίνυν,</span> <span class='ocrx_word' id='word_1_314' title='bbox 1676 2417 1752 2478; x_wconf 83' lang='grc' dir='ltr'>ὡς</span> 
     </span>
    </p>
   </div>
   <div class='ocr_carea' id='block_1_42' title="bbox 156 2509 1745 2585">
    <p class='ocr_par' dir='ltr' id='par_1_42' title="bbox 156 2509 1745 2585">
     <span class='ocr_line' id='line_1_42' title="bbox 156 2509 1745 2585; baseline -0.004 -18"><span class='ocrx_word' id='word_1_315' title='bbox 156 2515 321 2585; x_wconf 81' lang='grc' dir='ltr'>χορὸν</span> <span class='ocrx_word' id='word_1_316' title='bbox 351 2515 447 2584; x_wconf 81' lang='grc' dir='ltr'><strong>μὲν</strong></span> <span class='ocrx_word' id='word_1_317' title='bbox 479 2513 770 2585; x_wconf 87' lang='grc' dir='ltr'>μαρτύρων</span> <span class='ocrx_word' id='word_1_318' title='bbox 797 2513 949 2580; x_wconf 79' lang='grc' dir='ltr'>ἔλεγε</span> <span class='ocrx_word' id='word_1_319' title='bbox 972 2513 1032 2564; x_wconf 79' lang='grc' dir='ltr'><strong>τὸ</strong></span> <span class='ocrx_word' id='word_1_320' title='bbox 1065 2511 1156 2564; x_wconf 78' lang='grc' dir='ltr'><strong>τού</strong></span> <span class='ocrx_word' id='word_1_321' title='bbox 1187 2510 1505 2579; x_wconf 63' lang='grc' dir='ltr'>ἐλαίουτῶν</span> <span class='ocrx_word' id='word_1_322' title='bbox 1540 2509 1745 2579; x_wconf 84' lang='grc' dir='ltr'>μαρτύ-</span> 
     </span>
    </p>
   </div>
   <div class='ocr_carea' id='block_1_43' title="bbox 161 2601 1755 2676">
    <p class='ocr_par' dir='ltr' id='par_1_43' title="bbox 161 2601 1755 2676">
     <span class='ocr_line' id='line_1_43' title="bbox 161 2601 1755 2676; baseline -0.003 -18"><span class='ocrx_word' id='word_1_323' title='bbox 161 2623 270 2675; x_wconf 86' lang='grc' dir='ltr'><strong>ρων</strong></span> <span class='ocrx_word' id='word_1_324' title='bbox 289 2605 570 2674; x_wconf 82' lang='grc' dir='ltr'>ληκύθιον,</span> <span class='ocrx_word' id='word_1_325' title='bbox 598 2604 625 2657; x_wconf 84' lang='grc' dir='ltr'><strong>ὃ</strong></span> <span class='ocrx_word' id='word_1_326' title='bbox 659 2605 809 2676; x_wconf 80' lang='grc' dir='ltr'>παρά</span> <span class='ocrx_word' id='word_1_327' title='bbox 846 2603 1055 2656; x_wconf 84' lang='grc' dir='ltr'>πολλῶν</span> <span class='ocrx_word' id='word_1_328' title='bbox 1088 2603 1377 2675; x_wconf 86' lang='grc' dir='ltr'>μαρτύρων</span> <span class='ocrx_word' id='word_1_329' title='bbox 1412 2601 1755 2670; x_wconf 84' lang='grc' dir='ltr'>συνειλεγμέ-</span> 
     </span>
    </p>
   </div>
   <div class='ocr_carea' id='block_1_44' title="bbox 157 2693 1751 2767">
    <p class='ocr_par' dir='ltr' id='par_1_44' title="bbox 157 2693 1751 2767">
     <span class='ocr_line' id='line_1_44' title="bbox 157 2693 1751 2767; baseline -0.003 -19"><span class='ocrx_word' id='word_1_330' title='bbox 157 2713 258 2767; x_wconf 87' lang='grc' dir='ltr'><strong>νην</strong></span> <span class='ocrx_word' id='word_1_331' title='bbox 279 2696 402 2766; x_wconf 67' lang='grc' dir='ltr'>ἕχον</span> <span class='ocrx_word' id='word_1_332' title='bbox 426 2696 520 2766; x_wconf 81' lang='grc' dir='ltr'>τὴν</span> <span class='ocrx_word' id='word_1_333' title='bbox 540 2695 809 2762; x_wconf 77' lang='grc' dir='ltr'>εὐλογίαν,</span> <span class='ocrx_word' id='word_1_334' title='bbox 833 2695 982 2765; x_wconf 74' lang='grc' dir='ltr'>παρά</span> <span class='ocrx_word' id='word_1_335' title='bbox 992 2697 1090 2766; x_wconf 84' lang='grc' dir='ltr'>τὴν</span> <span class='ocrx_word' id='word_1_336' title='bbox 1108 2697 1245 2765; x_wconf 78' lang='grc' dir='ltr'>ἐμὴν</span> <span class='ocrx_word' id='word_1_337' title='bbox 1264 2695 1528 2764; x_wconf 73' lang='grc' dir='ltr'>ἐξήρτητο</span> <span class='ocrx_word' id='word_1_338' title='bbox 1543 2693 1751 2762; x_wconf 77' lang='grc' dir='ltr'>κλίνην·</span> 
     </span>
    </p>
   </div>
   <div class='ocr_carea' id='block_1_45' title="bbox 159 2783 1752 2859">
    <p class='ocr_par' dir='ltr' id='par_1_45' title="bbox 159 2783 1752 2859">
     <span class='ocr_line' id='line_1_45' title="bbox 159 2783 1752 2859; baseline -0.004 -17"><span class='ocrx_word' id='word_1_339' title='bbox 159 2790 257 2843; x_wconf 74' lang='grc' dir='ltr'>καὶ</span> <span class='ocrx_word' id='word_1_340' title='bbox 282 2791 348 2859; x_wconf 82' lang='grc' dir='ltr'>τῇ</span> <span class='ocrx_word' id='word_1_341' title='bbox 381 2789 590 2858; x_wconf 79' lang='grc' dir='ltr'>κεφαλῇ</span> <span class='ocrx_word' id='word_1_342' title='bbox 609 2787 666 2839; x_wconf 76' lang='grc' dir='ltr'><strong>δέ</strong></span> <span class='ocrx_word' id='word_1_343' title='bbox 701 2804 802 2858; x_wconf 87' lang='grc' dir='ltr'><strong>μου</strong></span> <span class='ocrx_word' id='word_1_344' title='bbox 841 2787 1096 2840; x_wconf 81' lang='grc' dir='ltr'>ὑπέκειτο</span> <span class='ocrx_word' id='word_1_345' title='bbox 1124 2785 1218 2838; x_wconf 75' lang='grc' dir='ltr'><strong>τοῦ</strong></span> <span class='ocrx_word' id='word_1_346' title='bbox 1282 2785 1521 2855; x_wconf 86' lang='grc' dir='ltr'>μεγάλου</span> <span class='ocrx_word' id='word_1_347' title='bbox 1565 2783 1752 2838; x_wconf 82' lang='grc' dir='ltr'>Ἰακώ-</span> 
     </span>
    </p>
   </div>
   <div class='ocr_carea' id='block_1_46' title="bbox 161 2877 1782 2950">
    <p class='ocr_par' dir='ltr' id='par_1_46' title="bbox 161 2877 1782 2950">
     <span class='ocr_line' id='line_1_46' title="bbox 161 2877 1782 2950; baseline -0.005 -14"><span class='ocrx_word' id='word_1_348' title='bbox 161 2881 257 2936; x_wconf 76' lang='grc' dir='ltr'>ϐου</span> <span class='ocrx_word' id='word_1_349' title='bbox 290 2883 352 2934; x_wconf 78' lang='grc' dir='ltr'>τὸ</span> <span class='ocrx_word' id='word_1_350' title='bbox 383 2881 607 2934; x_wconf 84' lang='grc' dir='ltr'>παλαιὸν</span> <span class='ocrx_word' id='word_1_351' title='bbox 650 2880 1018 2950; x_wconf 74' lang='grc' dir='ltr'>περιϐόλαιον,</span> <span class='ocrx_word' id='word_1_352' title='bbox 1048 2879 1245 2942; x_wconf 79' lang='grc' dir='ltr'>παντὸς</span> <span class='ocrx_word' id='word_1_353' title='bbox 1275 2879 1471 2948; x_wconf 72' lang='grc' dir='ltr'>ἕρκους</span> <span class='ocrx_word' id='word_1_354' title='bbox 1507 2877 1754 2946; x_wconf 84' lang='grc' dir='ltr'>ἁδαμαν·</span> <span class='ocrx_word' id='word_1_355' title='bbox 1780 2948 1782 2950; x_wconf 14' lang='grc' dir='ltr'><strong><em>τ</em></strong></span> 
     </span>
    </p>
   </div>
   <div class='ocr_carea' id='block_1_47' title="bbox 158 2969 1751 3043">
    <p class='ocr_par' dir='ltr' id='par_1_47' title="bbox 158 2969 1751 3043">
     <span class='ocr_line' id='line_1_47' title="bbox 158 2969 1751 3043; baseline -0.004 -17"><span class='ocrx_word' id='word_1_356' title='bbox 158 2974 309 3027; x_wconf 81' lang='grc' dir='ltr'>τίνου</span> <span class='ocrx_word' id='word_1_357' title='bbox 343 2973 694 3043; x_wconf 72' lang='grc' dir='ltr'>ἰσχυρότερον</span> <span class='ocrx_word' id='word_1_358' title='bbox 731 2990 820 3042; x_wconf 89' lang='grc' dir='ltr'><strong>μοι</strong></span> <span class='ocrx_word' id='word_1_359' title='bbox 851 2971 1241 3040; x_wconf 79' lang='grc' dir='ltr'>γεγενημένον.</span> <span class='ocrx_word' id='word_1_360' title='bbox 1275 2971 1384 3022; x_wconf 73' lang='grc' dir='ltr'>Καὶ</span> <span class='ocrx_word' id='word_1_361' title='bbox 1421 2969 1582 3038; x_wconf 79' lang='grc' dir='ltr'>ἡνίκα</span> <span class='ocrx_word' id='word_1_362' title='bbox 1609 2969 1665 3022; x_wconf 75' lang='grc' dir='ltr'>δὲ</span> <span class='ocrx_word' id='word_1_363' title='bbox 1686 2971 1751 3039; x_wconf 76' lang='grc' dir='ltr'>τῇ</span> 
     </span>
    </p>
   </div>
   <div class='ocr_carea' id='block_1_48' title="bbox 163 3057 1759 3136">
    <p class='ocr_par' dir='ltr' id='par_1_48' title="bbox 163 3057 1759 3136">
     <span class='ocr_line' id='line_1_48' title="bbox 163 3057 1759 3136; baseline -0.004 -18"><span class='ocrx_word' id='word_1_364' title='bbox 163 3066 401 3136; x_wconf 84' lang='grc' dir='ltr'>μεγίστῃ</span> <span class='ocrx_word' id='word_1_365' title='bbox 462 3064 666 3118; x_wconf 85' lang='grc' dir='ltr'>τούτων</span> <span class='ocrx_word' id='word_1_366' title='bbox 715 3063 877 3136; x_wconf 82' lang='grc' dir='ltr'>κώμῃ</span> <span class='ocrx_word' id='word_1_367' title='bbox 923 3062 1281 3134; x_wconf 74' lang='grc' dir='ltr'>προσϐάλλειν</span> <span class='ocrx_word' id='word_1_368' title='bbox 1331 3062 1586 3130; x_wconf 78' lang='grc' dir='ltr'>ἔμελλον,</span> <span class='ocrx_word' id='word_1_369' title='bbox 1636 3057 1759 3135; x_wconf 79' lang='grc' dir='ltr'>εἶτα</span> 
     </span>
    </p>
   </div>
   <div class='ocr_carea' id='block_1_49' title="bbox 167 3151 1751 3226">
    <p class='ocr_par' dir='ltr' id='par_1_49' title="bbox 167 3151 1751 3226">
     <span class='ocr_line' id='line_1_49' title="bbox 167 3151 1751 3226; baseline -0.005 -16"><span class='ocrx_word' id='word_1_370' title='bbox 167 3158 346 3210; x_wconf 83' lang='grc' dir='ltr'>πολλά</span> <span class='ocrx_word' id='word_1_371' title='bbox 378 3174 501 3209; x_wconf 86' lang='grc' dir='ltr'>τινα</span> <span class='ocrx_word' id='word_1_372' title='bbox 534 3160 590 3210; x_wconf 83' lang='grc' dir='ltr'><strong>ἐν</strong></span> <span class='ocrx_word' id='word_1_373' title='bbox 626 3156 780 3226; x_wconf 85' lang='grc' dir='ltr'>μέσῳ</span> <span class='ocrx_word' id='word_1_374' title='bbox 817 3156 1076 3225; x_wconf 80' lang='grc' dir='ltr'>γινόμενα</span> <span class='ocrx_word' id='word_1_375' title='bbox 1109 3154 1203 3224; x_wconf 77' lang='grc' dir='ltr'><strong>τὴν</strong></span> <span class='ocrx_word' id='word_1_376' title='bbox 1235 3153 1410 3220; x_wconf 80' lang='grc' dir='ltr'>ἔξοδον</span> <span class='ocrx_word' id='word_1_377' title='bbox 1444 3151 1751 3216; x_wconf 75' lang='grc' dir='ltr'>διεκώλυεν,</span> 
     </span>
    </p>
   </div>
   <div class='ocr_carea' id='block_1_50' title="bbox 162 3244 1750 3320">
    <p class='ocr_par' dir='ltr' id='par_1_50' title="bbox 162 3244 1750 3320">
     <span class='ocr_line' id='line_1_50' title="bbox 162 3244 1750 3320; baseline -0.004 -17"><span class='ocrx_word' id='word_1_378' title='bbox 162 3250 387 3320; x_wconf 63' lang='grc' dir='ltr'>ἔπεμψα</span> <span class='ocrx_word' id='word_1_379' title='bbox 410 3250 558 3320; x_wconf 76' lang='grc' dir='ltr'>παρὰ</span> <span class='ocrx_word' id='word_1_380' title='bbox 576 3249 664 3302; x_wconf 80' lang='grc' dir='ltr'><strong>τὸν</strong></span> <span class='ocrx_word' id='word_1_381' title='bbox 689 3249 818 3318; x_wconf 82' lang='grc' dir='ltr'>ἐμὸν</span> <span class='ocrx_word' id='word_1_382' title='bbox 851 3247 1101 3310; x_wconf 79' lang='grc' dir='ltr'>Ἡσαΐαν,</span> <span class='ocrx_word' id='word_1_383' title='bbox 1129 3247 1224 3316; x_wconf 77' lang='grc' dir='ltr'>τῆς</span> <span class='ocrx_word' id='word_1_384' title='bbox 1252 3245 1401 3307; x_wconf 78' lang='grc' dir='ltr'>θείας</span> <span class='ocrx_word' id='word_1_385' title='bbox 1431 3244 1750 3315; x_wconf 77' lang='grc' dir='ltr'>συμμαχίας</span> 
     </span>
    </p>
   </div>
   <div class='ocr_carea' id='block_1_51' title="bbox 160 3336 1755 3409">
    <p class='ocr_par' dir='ltr' id='par_1_51' title="bbox 160 3336 1755 3409">
     <span class='ocr_line' id='line_1_51' title="bbox 160 3336 1755 3409; baseline -0.003 -14"><span class='ocrx_word' id='word_1_386' title='bbox 160 3341 460 3395; x_wconf 75' lang='grc' dir='ltr'>ἀντιϐολῶν</span> <span class='ocrx_word' id='word_1_387' title='bbox 493 3336 911 3393; x_wconf 78' lang='grc' dir='ltr'>ἁπολαῦσαι.’⁹0</span> <span class='ocrx_word' id='word_1_388' title='bbox 937 3340 992 3392; x_wconf 73' lang='grc' dir='ltr'>δὲ</span> <span class='ocrx_word' id='word_1_389' title='bbox 1015 3357 1028 3371; x_wconf 89' lang='grc'><strong>·</strong></span> <span class='ocrx_word' id='word_1_390' title='bbox 1061 3359 1077 3389; x_wconf 83' lang='grc' dir='ltr'>ι</span> <span class='ocrx_word' id='word_1_391' title='bbox 1105 3339 1329 3409; x_wconf 62' lang='grc' dir='ltr'>Θάρρει,</span> <span class='ocrx_word' id='word_1_392' title='bbox 1360 3339 1543 3404; x_wconf 76' lang='grc' dir='ltr'>ἔλεγε·</span> <span class='ocrx_word' id='word_1_393' title='bbox 1578 3338 1755 3390; x_wconf 85' lang='grc' dir='ltr'>πάντα</span> 
     </span>
    </p>
   </div>
   <div class='ocr_carea' id='block_1_52' title="bbox 160 3427 1749 3501">
    <p class='ocr_par' dir='ltr' id='par_1_52' title="bbox 160 3427 1749 3501">
     <span class='ocr_line' id='line_1_52' title="bbox 160 3427 1749 3501; baseline -0.003 -17"><span class='ocrx_word' id='word_1_394' title='bbox 160 3434 272 3501; x_wconf 69' lang='grc' dir='ltr'><strong>γάρ</strong></span> <span class='ocrx_word' id='word_1_395' title='bbox 294 3429 480 3483; x_wconf 85' lang='grc' dir='ltr'>ἐκεῖνα</span> <span class='ocrx_word' id='word_1_396' title='bbox 505 3429 659 3500; x_wconf 83' lang='grc' dir='ltr'>δίκην</span> <span class='ocrx_word' id='word_1_397' title='bbox 683 3429 934 3498; x_wconf 81' lang='grc' dir='ltr'>ἀραχνῶν</span> <span class='ocrx_word' id='word_1_398' title='bbox 955 3428 1264 3482; x_wconf 79' lang='grc' dir='ltr'>διαλέλυται</span> <span class='ocrx_word' id='word_1_399' title='bbox 1310 3429 1378 3480; x_wconf 79' lang='grc' dir='ltr'><strong>τά</strong></span> <span class='ocrx_word' id='word_1_400' title='bbox 1424 3427 1749 3496; x_wconf 87' lang='grc' dir='ltr'>κωλύματα·</span> 
     </span>
    </p>
   </div>
   <div class='ocr_carea' id='block_1_53' title="bbox 163 3518 1755 3591">
    <p class='ocr_par' dir='ltr' id='par_1_53' title="bbox 163 3518 1755 3591">
     <span class='ocr_line' id='line_1_53' title="bbox 163 3518 1755 3591; baseline -0.004 -15"><span class='ocrx_word' id='word_1_401' title='bbox 163 3525 261 3576; x_wconf 80' lang='grc' dir='ltr'>καὶ</span> <span class='ocrx_word' id='word_1_402' title='bbox 316 3523 472 3576; x_wconf 69' lang='grc' dir='ltr'>τοῦτό</span> <span class='ocrx_word' id='word_1_403' title='bbox 524 3538 592 3591; x_wconf 90' lang='grc' dir='ltr'><strong>με</strong></span> <span class='ocrx_word' id='word_1_404' title='bbox 655 3521 869 3590; x_wconf 83' lang='grc' dir='ltr'>νύκτωρ</span> <span class='ocrx_word' id='word_1_405' title='bbox 917 3520 1150 3584; x_wconf 80' lang='grc' dir='ltr'>ἐδίδαξεν</span> <span class='ocrx_word' id='word_1_406' title='bbox 1192 3523 1219 3571; x_wconf 88' lang='grc' dir='ltr'>ὁ</span> <span class='ocrx_word' id='word_1_407' title='bbox 1257 3518 1410 3582; x_wconf 70' lang='grc' dir='ltr'>Θεὸς,</span> <span class='ocrx_word' id='word_1_408' title='bbox 1471 3519 1571 3571; x_wconf 70' lang='grc' dir='ltr'>οὐκ</span> <span class='ocrx_word' id='word_1_409' title='bbox 1624 3519 1755 3586; x_wconf 70' lang='grc' dir='ltr'>ὄναρ</span> 
     </span>
    </p>
   </div>
   <div class='ocr_carea' id='block_1_54' title="bbox 165 3606 1753 3685">
    <p class='ocr_par' dir='ltr' id='par_1_54' title="bbox 165 3606 1753 3685">
     <span class='ocr_line' id='line_1_54' title="bbox 165 3606 1753 3685; baseline -0.003 -17"><span class='ocrx_word' id='word_1_410' title='bbox 165 3606 616 3685; x_wconf 78' lang='grc' dir='ltr'>σκιαγραφήσας,</span> <span class='ocrx_word' id='word_1_411' title='bbox 669 3613 784 3666; x_wconf 81' lang='grc' dir='ltr'>ἀλλ’</span> <span class='ocrx_word' id='word_1_412' title='bbox 844 3611 992 3682; x_wconf 79' lang='grc' dir='ltr'>ῦπαρ</span> <span class='ocrx_word' id='word_1_413' title='bbox 1035 3611 1330 3676; x_wconf 76' lang='grc' dir='ltr'>ἐπιδείξας.</span> <span class='ocrx_word' id='word_1_414' title='bbox 1377 3609 1595 3681; x_wconf 80' lang='grc' dir='ltr'>Ἐώρων</span> <span class='ocrx_word' id='word_1_415' title='bbox 1627 3611 1753 3682; x_wconf 80' lang='grc' dir='ltr'>γάρ,</span> 
     </span>
    </p>
   </div>
   <div class='ocr_carea' id='block_1_55' title="bbox 166 3703 1752 3775">
    <p class='ocr_par' dir='ltr' id='par_1_55' title="bbox 166 3703 1752 3775">
     <span class='ocr_line' id='line_1_55' title="bbox 166 3703 1752 3775; baseline -0.003 -17"><span class='ocrx_word' id='word_1_416' title='bbox 166 3707 344 3774; x_wconf 76' lang='grc' dir='ltr'>ἔλεγε,</span> <span class='ocrx_word' id='word_1_417' title='bbox 367 3706 464 3775; x_wconf 84' lang='grc' dir='ltr'><strong>τῆς</strong></span> <span class='ocrx_word' id='word_1_418' title='bbox 491 3705 763 3774; x_wconf 82' lang='grc' dir='ltr'>ὑμνῳδίας</span> <span class='ocrx_word' id='word_1_419' title='bbox 784 3705 1112 3774; x_wconf 77' lang='grc' dir='ltr'>ἀρξάμενος,</span> <span class='ocrx_word' id='word_1_420' title='bbox 1147 3704 1263 3755; x_wconf 68' lang='grc' dir='ltr'>κατ’</span> <span class='ocrx_word' id='word_1_421' title='bbox 1285 3705 1458 3755; x_wconf 82' lang='grc' dir='ltr'>ἐκεῖνο</span> <span class='ocrx_word' id='word_1_422' title='bbox 1481 3703 1540 3754; x_wconf 82' lang='grc' dir='ltr'><strong>τὸ</strong></span> <span class='ocrx_word' id='word_1_423' title='bbox 1569 3703 1752 3772; x_wconf 84' lang='grc' dir='ltr'>μέρος,</span> 
     </span>
    </p>
   </div>
   <div class='ocr_carea' id='block_1_56' title="bbox 168 3792 1752 3865">
    <p class='ocr_par' dir='ltr' id='par_1_56' title="bbox 168 3792 1752 3865">
     <span class='ocr_line' id='line_1_56' title="bbox 168 3792 1752 3865; baseline -0.002 -17"><span class='ocrx_word' id='word_1_424' title='bbox 168 3800 228 3848; x_wconf 90' lang='grc' dir='ltr'><strong>ἐν</strong></span> <span class='ocrx_word' id='word_1_425' title='bbox 255 3792 300 3864; x_wconf 77' lang='grc' dir='ltr'><strong>ᾧ</strong></span> <span class='ocrx_word' id='word_1_426' title='bbox 327 3796 395 3848; x_wconf 77' lang='grc' dir='ltr'><strong>τά</strong></span> <span class='ocrx_word' id='word_1_427' title='bbox 425 3795 597 3865; x_wconf 82' lang='grc' dir='ltr'>χωρία</span> <span class='ocrx_word' id='word_1_428' title='bbox 627 3796 808 3847; x_wconf 85' lang='grc' dir='ltr'>ἐκεῖνα</span> <span class='ocrx_word' id='word_1_429' title='bbox 837 3795 1122 3856; x_wconf 82' lang='grc' dir='ltr'>διάκειται,</span> <span class='ocrx_word' id='word_1_430' title='bbox 1166 3793 1286 3860; x_wconf 77' lang='grc' dir='ltr'>ὅφιν</span> <span class='ocrx_word' id='word_1_431' title='bbox 1318 3794 1438 3845; x_wconf 70' lang='grc' dir='ltr'>τινα</span> <span class='ocrx_word' id='word_1_432' title='bbox 1476 3793 1752 3863; x_wconf 77' lang='grc' dir='ltr'>πυροειδῆ,</span> 
     </span>
    </p>
   </div>
   <div class='ocr_carea' id='block_1_57' title="bbox 166 3884 1753 3958">
    <p class='ocr_par' dir='ltr' id='par_1_57' title="bbox 166 3884 1753 3958">
     <span class='ocr_line' id='line_1_57' title="bbox 166 3884 1753 3958; baseline -0.004 -17"><span class='ocrx_word' id='word_1_433' title='bbox 166 3889 279 3941; x_wconf 80' lang='grc' dir='ltr'>ἀπὸ</span> <span class='ocrx_word' id='word_1_434' title='bbox 306 3890 399 3958; x_wconf 72' lang='grc' dir='ltr'>τῆς</span> <span class='ocrx_word' id='word_1_435' title='bbox 428 3887 664 3956; x_wconf 79' lang='grc' dir='ltr'>ἑσπέρας</span> <span class='ocrx_word' id='word_1_436' title='bbox 694 3888 785 3940; x_wconf 75' lang='grc' dir='ltr'>ἐπὶ</span> <span class='ocrx_word' id='word_1_437' title='bbox 820 3886 915 3956; x_wconf 79' lang='grc' dir='ltr'><strong>τὴν</strong></span> <span class='ocrx_word' id='word_1_438' title='bbox 941 3885 1015 3938; x_wconf 76' lang='grc' dir='ltr'>ἓω</span> <span class='ocrx_word' id='word_1_439' title='bbox 1050 3884 1376 3954; x_wconf 77' lang='grc' dir='ltr'>ὲρπύζοντα,</span> <span class='ocrx_word' id='word_1_440' title='bbox 1403 3886 1496 3936; x_wconf 79' lang='grc' dir='ltr'><strong>καὶ</strong></span> <span class='ocrx_word' id='word_1_441' title='bbox 1535 3885 1622 3936; x_wconf 69' lang='grc' dir='ltr'><strong>διὰ</strong></span> <span class='ocrx_word' id='word_1_442' title='bbox 1655 3886 1753 3953; x_wconf 81' lang='grc' dir='ltr'>μέ-</span> 
     </span>
    </p>
   </div>
   <div class='ocr_carea' id='block_1_58' title="bbox 169 3975 1754 4048">
    <p class='ocr_par' dir='ltr' id='par_1_58' title="bbox 169 3975 1754 4048">
     <span class='ocr_line' id='line_1_58' title="bbox 169 3975 1754 4048; baseline -0.002 -16"><span class='ocrx_word' id='word_1_443' title='bbox 169 3997 265 4032; x_wconf 86' lang='grc' dir='ltr'><strong>σου</strong></span> <span class='ocrx_word' id='word_1_444' title='bbox 298 3977 392 4031; x_wconf 76' lang='grc' dir='ltr'>τοῦ</span> <span class='ocrx_word' id='word_1_445' title='bbox 434 3978 592 4048; x_wconf 84' lang='grc' dir='ltr'>ἀέρος</span> <span class='ocrx_word' id='word_1_446' title='bbox 639 3978 954 4048; x_wconf 76' lang='grc' dir='ltr'>φερόμενον.</span> <span class='ocrx_word' id='word_1_447' title='bbox 987 3976 1147 4045; x_wconf 84' lang='grc' dir='ltr'>Τρεῖς</span> <span class='ocrx_word' id='word_1_448' title='bbox 1181 3976 1234 4028; x_wconf 85' lang='grc' dir='ltr'><strong>δέ</strong></span> <span class='ocrx_word' id='word_1_449' title='bbox 1262 3976 1424 4044; x_wconf 79' lang='grc' dir='ltr'>εὐχάς</span> <span class='ocrx_word' id='word_1_450' title='bbox 1471 3975 1754 4039; x_wconf 78' lang='grc' dir='ltr'>ἐξανύσας,</span> 
     </span>
    </p>
   </div>
   <div class='ocr_carea' id='block_1_59' title="bbox 167 4068 1755 4140">
    <p class='ocr_par' dir='ltr' id='par_1_59' title="bbox 167 4068 1755 4140">
     <span class='ocr_line' id='line_1_59' title="bbox 167 4068 1755 4140; baseline -0.003 -16"><span class='ocrx_word' id='word_1_451' title='bbox 167 4074 336 4126; x_wconf 85' lang='grc' dir='ltr'>πάλιν</span> <span class='ocrx_word' id='word_1_452' title='bbox 374 4072 687 4140; x_wconf 74' lang='grc' dir='ltr'>ἐθεασάμην</span> <span class='ocrx_word' id='word_1_453' title='bbox 737 4069 1154 4139; x_wconf 83' lang='grc' dir='ltr'>ἐπικαμφθέντα</span> <span class='ocrx_word' id='word_1_454' title='bbox 1174 4110 1188 4133; x_wconf 95' lang='grc'><strong>,</strong></span> <span class='ocrx_word' id='word_1_455' title='bbox 1221 4070 1316 4122; x_wconf 75' lang='grc' dir='ltr'>καὶ</span> <span class='ocrx_word' id='word_1_456' title='bbox 1347 4070 1406 4120; x_wconf 80' lang='grc' dir='ltr'>τὸ</span> <span class='ocrx_word' id='word_1_457' title='bbox 1430 4068 1755 4138; x_wconf 72' lang='grc' dir='ltr'>κυκλοτερὲς</span> 
     </span>
    </p>
   </div>
   <div class='ocr_carea' id='block_1_60' title="bbox 168 4161 1755 4234">
    <p class='ocr_par' dir='ltr' id='par_1_60' title="bbox 168 4161 1755 4234">
     <span class='ocr_line' id='line_1_60' title="bbox 168 4161 1755 4234; baseline -0.004 -16"><span class='ocrx_word' id='word_1_458' title='bbox 168 4167 512 4231; x_wconf 70' lang='grc' dir='ltr'>ἐπιδείξαντα</span> <span class='ocrx_word' id='word_1_459' title='bbox 543 4165 748 4233; x_wconf 78' lang='grc' dir='ltr'>σχῆμα,</span> <span class='ocrx_word' id='word_1_460' title='bbox 787 4165 882 4216; x_wconf 69' lang='grc' dir='ltr'>καὶ</span> <span class='ocrx_word' id='word_1_461' title='bbox 904 4165 969 4234; x_wconf 82' lang='grc' dir='ltr'>τῇ</span> <span class='ocrx_word' id='word_1_462' title='bbox 997 4163 1208 4232; x_wconf 78' lang='grc' dir='ltr'>κεφαλῇ</span> <span class='ocrx_word' id='word_1_463' title='bbox 1265 4161 1634 4230; x_wconf 72' lang='grc' dir='ltr'>σ·.›ναφθεῖσαν</span> <span class='ocrx_word' id='word_1_464' title='bbox 1660 4162 1755 4231; x_wconf 80' lang='grc' dir='ltr'>τὴν</span> 
     </span>
    </p>
   </div>
   <div class='ocr_carea' id='block_1_61' title="bbox 169 4255 1751 4326">
    <p class='ocr_par' dir='ltr' id='par_1_61' title="bbox 169 4255 1751 4326">
     <span class='ocr_line' id='line_1_61' title="bbox 169 4255 1751 4326; baseline -0.003 -16"><span class='ocrx_word' id='word_1_465' title='bbox 169 4258 391 4326; x_wconf 80' lang='grc' dir='ltr'>κέρκον.</span> <span class='ocrx_word' id='word_1_466' title='bbox 439 4255 611 4308; x_wconf 83' lang='grc' dir='ltr'>Ὀκτὼ</span> <span class='ocrx_word' id='word_1_467' title='bbox 662 4256 717 4307; x_wconf 80' lang='grc' dir='ltr'>δὲ</span> <span class='ocrx_word' id='word_1_468' title='bbox 772 4255 933 4307; x_wconf 86' lang='grc' dir='ltr'>πάλιν</span> <span class='ocrx_word' id='word_1_469' title='bbox 997 4255 1308 4325; x_wconf 78' lang='grc' dir='ltr'>προσευχάς</span> <span class='ocrx_word' id='word_1_470' title='bbox 1367 4257 1751 4325; x_wconf 74' lang='grc' dir='ltr'>συμπεράνας,</span> 
     </span>
    </p>
   </div>
   <div class='ocr_carea' id='block_1_62' title="bbox 167 4347 1753 4418">
    <p class='ocr_par' dir='ltr' id='par_1_62' title="bbox 167 4347 1753 4418">
     <span class='ocr_line' id='line_1_62' title="bbox 167 4347 1753 4418; baseline -0.003 -16"><span class='ocrx_word' id='word_1_471' title='bbox 167 4348 483 4418; x_wconf 70' lang='grc' dir='ltr'>ἐθεασάμην</span> <span class='ocrx_word' id='word_1_472' title='bbox 541 4347 663 4417; x_wconf 79' lang='grc' dir='ltr'>διχῇ</span> <span class='ocrx_word' id='word_1_473' title='bbox 719 4347 1015 4417; x_wconf 73' lang='grc' dir='ltr'>τμηθέντα,</span> <span class='ocrx_word' id='word_1_474' title='bbox 1050 4347 1142 4400; x_wconf 75' lang='grc' dir='ltr'><strong>καὶ</strong></span> <span class='ocrx_word' id='word_1_475' title='bbox 1187 4349 1264 4408; x_wconf 86' lang='grc' dir='ltr'><strong>είς</strong></span> <span class='ocrx_word' id='word_1_476' title='bbox 1313 4347 1516 4400; x_wconf 71' lang='grc' dir='ltr'>καπνὸν</span> <span class='ocrx_word' id='word_1_477' title='bbox 1571 4347 1753 4400; x_wconf 82' lang='grc' dir='ltr'>διαλυ-</span> 
     </span>
    </p>
   </div>
   <div class='ocr_carea' id='block_1_63' title="bbox 170 4428 1754 4508">
    <p class='ocr_par' dir='ltr' id='par_1_63' title="bbox 170 4428 1754 4508">
     <span class='ocr_line' id='line_1_63' title="bbox 170 4428 1754 4508; baseline -0.002 -14"><span class='ocrx_word' id='word_1_478' title='bbox 170 4442 355 4494; x_wconf 85' lang='grc' dir='ltr'>θέντα.</span> <span class='ocrx_word' id='word_1_479' title='bbox 385 4460 402 4491; x_wconf 71' lang='grc' dir='ltr'>ι</span> <span class='ocrx_word' id='word_1_480' title='bbox 439 4428 622 4492; x_wconf 73' lang='grc' dir='ltr'>Ταῦτα</span> <span class='ocrx_word' id='word_1_481' title='bbox 679 4439 840 4501; x_wconf 72' lang='grc' dir='ltr'>αὐτὸς</span> <span class='ocrx_word' id='word_1_482' title='bbox 881 4439 978 4508; x_wconf 82' lang='grc' dir='ltr'>μὲν</span> <span class='ocrx_word' id='word_1_483' title='bbox 1005 4437 1147 4491; x_wconf 71' lang='grc' dir='ltr'>οὕτω</span> <span class='ocrx_word' id='word_1_484' title='bbox 1205 4439 1479 4508; x_wconf 87' lang='grc' dir='ltr'>προεῖδεν·</span> <span class='ocrx_word' id='word_1_485' title='bbox 1518 4439 1673 4507; x_wconf 72' lang='grc' dir='ltr'>ἡμεῖς</span> <span class='ocrx_word' id='word_1_486' title='bbox 1699 4439 1754 4491; x_wconf 85' lang='grc' dir='ltr'>δὲ</span> 
     </span>
    </p>
   </div>
   <div class='ocr_carea' id='block_1_64' title="bbox 1857 1953 3437 2031">
    <p class='ocr_par' dir='ltr' id='par_1_64' title="bbox 1857 1953 3437 2031">
     <span class='ocr_line' id='line_1_64' title="bbox 1857 1953 3437 2031; baseline -0.006 -16"><span class='ocrx_word' id='word_1_487' title='bbox 1857 1962 2062 2031; x_wconf 87' lang='lat' dir='ltr'><strong>inquit,</strong></span> <span class='ocrx_word' id='word_1_488' title='bbox 2097 1960 2304 2023; x_wconf 79' lang='lat' dir='ltr'><strong>audivi,</strong></span> <span class='ocrx_word' id='word_1_489' title='bbox 2345 1967 2398 2014; x_wconf 93' lang='lat' dir='ltr'><strong>et</strong></span> <span class='ocrx_word' id='word_1_490' title='bbox 2427 1974 2554 2012; x_wconf 86' lang='lat' dir='ltr'><strong>cum</strong></span> <span class='ocrx_word' id='word_1_491' title='bbox 2589 1972 2814 2027; x_wconf 79' lang='lat' dir='ltr'><strong>surgere</strong></span> <span class='ocrx_word' id='word_1_492' title='bbox 2846 1958 3057 2015; x_wconf 87' lang='lat' dir='ltr'><strong>liberet.</strong></span> <span class='ocrx_word' id='word_1_493' title='bbox 3101 1963 3158 2008; x_wconf 92' lang='lat' dir='ltr'><strong>ut</strong></span> <span class='ocrx_word' id='word_1_494' title='bbox 3194 1953 3437 2023; x_wconf 74' lang='lat' dir='ltr'><strong>dispice—</strong></span> 
     </span>
    </p>
   </div>
   <div class='ocr_carea' id='block_1_65' title="bbox 1857 2051 3434 2123">
    <p class='ocr_par' dir='ltr' id='par_1_65' title="bbox 1857 2051 3434 2123">
     <span class='ocr_line' id='line_1_65' title="bbox 1857 2051 3434 2123; baseline -0.004 -16"><span class='ocrx_word' id='word_1_495' title='bbox 1857 2069 1970 2108; x_wconf 89' lang='lat' dir='ltr'><strong>rem</strong></span> <span class='ocrx_word' id='word_1_496' title='bbox 2015 2062 2069 2108; x_wconf 85' lang='lat' dir='ltr'><strong>et</strong></span> <span class='ocrx_word' id='word_1_497' title='bbox 2117 2067 2504 2123; x_wconf 77' lang='lat' dir='ltr'><strong>cognoscerem</strong></span> <span class='ocrx_word' id='word_1_498' title='bbox 2560 2052 2686 2121; x_wconf 89' lang='lat' dir='ltr'><strong>quis</strong></span> <span class='ocrx_word' id='word_1_499' title='bbox 2733 2051 3073 2118; x_wconf 82' lang='lat' dir='ltr'><strong>loqueretur,</strong></span> <span class='ocrx_word' id='word_1_500' title='bbox 3126 2057 3216 2102; x_wconf 90' lang='lat' dir='ltr'><strong>tua</strong></span> <span class='ocrx_word' id='word_1_501' title='bbox 3267 2063 3434 2102; x_wconf 86' lang='lat' dir='ltr'><strong>causa</strong></span> 
     </span>
    </p>
   </div>
   <div class='ocr_carea' id='block_1_66' title="bbox 1854 2138 3432 2212">
    <p class='ocr_par' dir='ltr' id='par_1_66' title="bbox 1854 2138 3432 2212">
     <span class='ocr_line' id='line_1_66' title="bbox 1854 2138 3432 2212; baseline -0.003 -13"><span class='ocrx_word' id='word_1_502' title='bbox 1854 2145 2060 2208; x_wconf 87' lang='lat' dir='ltr'><strong>destiti,</strong></span> <span class='ocrx_word' id='word_1_503' title='bbox 2099 2145 2244 2212; x_wconf 84' lang='lat' dir='ltr'><strong>quod</strong></span> <span class='ocrx_word' id='word_1_504' title='bbox 2294 2150 2345 2196; x_wconf 89' lang='lat' dir='ltr'><strong>te</strong></span> <span class='ocrx_word' id='word_1_505' title='bbox 2391 2138 2630 2195; x_wconf 86' lang='lat' dir='ltr'><strong>dormire</strong></span> <span class='ocrx_word' id='word_1_506' title='bbox 2677 2142 3013 2194; x_wconf 79' lang='lat' dir='ltr'><strong>arbitrabar.</strong></span> <span class='ocrx_word' id='word_1_507' title='bbox 3061 2159 3079 2190; x_wconf 78' lang='grc' dir='ltr'>ι</span> <span class='ocrx_word' id='word_1_508' title='bbox 3119 2141 3432 2210; x_wconf 86' lang='lat' dir='ltr'><strong>Surgentes</strong></span> 
     </span>
    </p>
   </div>
   <div class='ocr_carea' id='block_1_67' title="bbox 1856 2233 3436 2306">
    <p class='ocr_par' dir='ltr' id='par_1_67' title="bbox 1856 2233 3436 2306">
     <span class='ocr_line' id='line_1_67' title="bbox 1856 2233 3436 2306; baseline -0.004 -15"><span class='ocrx_word' id='word_1_509' title='bbox 1856 2239 2023 2306; x_wconf 83' lang='lat' dir='ltr'><strong>igitur</strong></span> <span class='ocrx_word' id='word_1_510' title='bbox 2047 2236 2230 2301; x_wconf 87' lang='lat' dir='ltr'><strong>ambo,</strong></span> <span class='ocrx_word' id='word_1_511' title='bbox 2255 2244 2310 2291; x_wconf 90' lang='lat' dir='ltr'><strong>et</strong></span> <span class='ocrx_word' id='word_1_512' title='bbox 2341 2233 2878 2303; x_wconf 88' lang='lat' dir='ltr'><strong>circumspicientes,</strong></span> <span class='ocrx_word' id='word_1_513' title='bbox 2909 2249 3006 2288; x_wconf 91' lang='lat' dir='ltr'><strong>nec</strong></span> <span class='ocrx_word' id='word_1_514' title='bbox 3037 2242 3245 2287; x_wconf 92' lang='lat' dir='ltr'><strong>motum</strong></span> <span class='ocrx_word' id='word_1_515' title='bbox 3272 2233 3436 2286; x_wconf 85' lang='lat' dir='ltr'><strong>ullius</strong></span> 
     </span>
    </p>
   </div>
   <div class='ocr_carea' id='block_1_68' title="bbox 1858 2325 3436 2396">
    <p class='ocr_par' dir='ltr' id='par_1_68' title="bbox 1858 2325 3436 2396">
     <span class='ocr_line' id='line_1_68' title="bbox 1858 2325 3436 2396; baseline -0.003 -14"><span class='ocrx_word' id='word_1_516' title='bbox 1858 2345 1959 2382; x_wconf 90' lang='lat' dir='ltr'><strong>nec</strong></span> <span class='ocrx_word' id='word_1_517' title='bbox 1994 2344 2180 2383; x_wconf 89' lang='lat' dir='ltr'><strong>vocem</strong></span> <span class='ocrx_word' id='word_1_518' title='bbox 2215 2328 2547 2382; x_wconf 85' lang='lat' dir='ltr'><strong>audivimus.</strong></span> <span class='ocrx_word' id='word_1_519' title='bbox 2593 2325 2769 2382; x_wconf 81' lang='lat' dir='ltr'><strong>Verba</strong></span> <span class='ocrx_word' id='word_1_520' title='bbox 2805 2342 2969 2396; x_wconf 85' lang='lat' dir='ltr'><strong>porro</strong></span> <span class='ocrx_word' id='word_1_521' title='bbox 3013 2326 3103 2378; x_wconf 83' lang='lat' dir='ltr'><strong>illa</strong></span> <span class='ocrx_word' id='word_1_522' title='bbox 3142 2327 3436 2380; x_wconf 87' lang='lat' dir='ltr'><strong>nobiscum’</strong></span> 
     </span>
    </p>
   </div>
   <div class='ocr_carea' id='block_1_69' title="bbox 1862 2419 3433 2494">
    <p class='ocr_par' dir='ltr' id='par_1_69' title="bbox 1862 2419 3433 2494">
     <span class='ocr_line' id='line_1_69' title="bbox 1862 2419 3433 2494; baseline -0.004 -16"><span class='ocrx_word' id='word_1_523' title='bbox 1862 2421 2076 2494; x_wconf 65' lang='grc'><strong>1244</strong></span> <span class='ocrx_word' id='word_1_524' title='bbox 2111 2423 2403 2477; x_wconf 78' lang='lat' dir='ltr'><strong>audierant</strong></span> <span class='ocrx_word' id='word_1_525' title='bbox 2443 2422 2536 2475; x_wconf 87' lang='lat' dir='ltr'><strong>alii</strong></span> <span class='ocrx_word' id='word_1_526' title='bbox 2577 2436 2799 2491; x_wconf 85' lang='lat' dir='ltr'><strong>quoque</strong></span> <span class='ocrx_word' id='word_1_527' title='bbox 2839 2419 3146 2474; x_wconf 86' lang='lat' dir='ltr'><strong>domestici.</strong></span> <span class='ocrx_word' id='word_1_528' title='bbox 3186 2419 3433 2477; x_wconf 77' lang='lat' dir='ltr'><strong>Intellexi</strong></span> 
     </span>
    </p>
   </div>
   <div class='ocr_carea' id='block_1_70' title="bbox 1858 2511 3436 2584">
    <p class='ocr_par' dir='ltr' id='par_1_70' title="bbox 1858 2511 3436 2584">
     <span class='ocr_line' id='line_1_70' title="bbox 1858 2511 3436 2584; baseline -0.003 -15"><span class='ocrx_word' id='word_1_529' title='bbox 1858 2529 2012 2584; x_wconf 87' lang='lat' dir='ltr'><strong>ergo,</strong></span> <span class='ocrx_word' id='word_1_530' title='bbox 2047 2524 2350 2584; x_wconf 88' lang='lat' dir='ltr'><strong>martyrum</strong></span> <span class='ocrx_word' id='word_1_531' title='bbox 2385 2514 2616 2568; x_wconf 91' lang='lat' dir='ltr'><strong>chorum</strong></span> <span class='ocrx_word' id='word_1_532' title='bbox 2657 2513 2725 2568; x_wconf 90' lang='lat' dir='ltr'><strong>ab</strong></span> <span class='ocrx_word' id='word_1_533' title='bbox 2752 2528 2818 2568; x_wconf 86' lang='lat' dir='ltr'><strong>eo</strong></span> <span class='ocrx_word' id='word_1_534' title='bbox 2862 2513 2968 2567; x_wconf 89' lang='lat' dir='ltr'><strong>dici</strong></span> <span class='ocrx_word' id='word_1_535' title='bbox 3020 2512 3296 2582; x_wconf 80' lang='lat' dir='ltr'><strong>lecytbum</strong></span> <span class='ocrx_word' id='word_1_536' title='bbox 3329 2511 3436 2566; x_wconf 89' lang='lat' dir='ltr'><strong>olei</strong></span> 
     </span>
    </p>
   </div>
   <div class='ocr_carea' id='block_1_71' title="bbox 1862 2604 3435 2676">
    <p class='ocr_par' dir='ltr' id='par_1_71' title="bbox 1862 2604 3435 2676">
     <span class='ocr_line' id='line_1_71' title="bbox 1862 2604 3435 2676; baseline -0.001 -16"><span class='ocrx_word' id='word_1_537' title='bbox 1862 2617 2190 2676; x_wconf 87' lang='lat' dir='ltr'><strong>martyrum,</strong></span> <span class='ocrx_word' id='word_1_538' title='bbox 2223 2604 2317 2676; x_wconf 88' lang='lat' dir='ltr'><strong>qui</strong></span> <span class='ocrx_word' id='word_1_539' title='bbox 2349 2607 2632 2660; x_wconf 83' lang='lat' dir='ltr'><strong>collectam</strong></span> <span class='ocrx_word' id='word_1_540' title='bbox 2679 2622 2706 2659; x_wconf 75' lang='grc' dir='ltr'>τι</span> <span class='ocrx_word' id='word_1_541' title='bbox 2749 2606 2936 2660; x_wconf 89' lang='lat' dir='ltr'><strong>multis</strong></span> <span class='ocrx_word' id='word_1_542' title='bbox 2972 2605 3305 2674; x_wconf 83' lang='lat' dir='ltr'><strong>martyribus</strong></span> <span class='ocrx_word' id='word_1_543' title='bbox 3350 2604 3435 2658; x_wconf 80' lang='lat' dir='ltr'><strong>bo-</strong></span> 
     </span>
    </p>
   </div>
   <div class='ocr_carea' id='block_1_72' title="bbox 1858 2699 3436 2764">
    <p class='ocr_par' dir='ltr' id='par_1_72' title="bbox 1858 2699 3436 2764">
     <span class='ocr_line' id='line_1_72' title="bbox 1858 2699 3436 2764; baseline -0.003 -10"><span class='ocrx_word' id='word_1_544' title='bbox 1858 2699 2230 2754; x_wconf 90' lang='lat' dir='ltr'><strong>nedictionem</strong></span> <span class='ocrx_word' id='word_1_545' title='bbox 2251 2699 2550 2753; x_wconf 88' lang='lat' dir='ltr'><strong>continens</strong></span> <span class='ocrx_word' id='word_1_546' title='bbox 2575 2701 2640 2752; x_wconf 85' lang='lat' dir='ltr'><strong>ad</strong></span> <span class='ocrx_word' id='word_1_547' title='bbox 2675 2699 2874 2752; x_wconf 85' lang='lat' dir='ltr'><strong>lectum</strong></span> <span class='ocrx_word' id='word_1_548' title='bbox 2919 2712 3096 2750; x_wconf 88' lang='lat' dir='ltr'><strong>meum</strong></span> <span class='ocrx_word' id='word_1_549' title='bbox 3130 2711 3436 2764; x_wconf 79' lang='lat' dir='ltr'><strong>suspensus</strong></span> 
     </span>
    </p>
   </div>
   <div class='ocr_carea' id='block_1_73' title="bbox 1856 2774 3434 2860">
    <p class='ocr_par' dir='ltr' id='par_1_73' title="bbox 1856 2774 3434 2860">
     <span class='ocr_line' id='line_1_73' title="bbox 1856 2774 3434 2860; baseline -0.003 -13"><span class='ocrx_word' id='word_1_550' title='bbox 1856 2800 1974 2847; x_wconf 89' lang='lat' dir='ltr'><strong>erat</strong></span> <span class='ocrx_word' id='word_1_551' title='bbox 2010 2811 2022 2846; x_wconf 92' lang='lat'><strong>:</strong></span> <span class='ocrx_word' id='word_1_552' title='bbox 2059 2791 2160 2845; x_wconf 91' lang='lat' dir='ltr'><strong>sub</strong></span> <span class='ocrx_word' id='word_1_553' title='bbox 2211 2791 2390 2860; x_wconf 88' lang='lat' dir='ltr'><strong>capite</strong></span> <span class='ocrx_word' id='word_1_554' title='bbox 2435 2774 2613 2844; x_wconf 85' lang='lat' dir='ltr'><strong>autem</strong></span> <span class='ocrx_word' id='word_1_555' title='bbox 2657 2807 2777 2844; x_wconf 89' lang='lat' dir='ltr'><strong>meo</strong></span> <span class='ocrx_word' id='word_1_556' title='bbox 2820 2790 2999 2859; x_wconf 83' lang='lat' dir='ltr'><strong>magni</strong></span> <span class='ocrx_word' id='word_1_557' title='bbox 3046 2787 3234 2842; x_wconf 80' lang='lat' dir='ltr'><strong>Jacobi</strong></span> <span class='ocrx_word' id='word_1_558' title='bbox 3281 2797 3434 2842; x_wconf 88' lang='lat' dir='ltr'><strong>vetns</strong></span> 
     </span>
    </p>
   </div>
   <div class='ocr_carea' id='block_1_74' title="bbox 1851 2881 3433 2954">
    <p class='ocr_par' dir='ltr' id='par_1_74' title="bbox 1851 2881 3433 2954">
     <span class='ocr_line' id='line_1_74' title="bbox 1851 2881 3433 2954; baseline -0.004 -14"><span class='ocrx_word' id='word_1_559' title='bbox 1851 2887 1961 2940; x_wconf 82' lang='lat' dir='ltr'><strong>.fuit</strong></span> <span class='ocrx_word' id='word_1_560' title='bbox 1995 2886 2244 2954; x_wconf 88' lang='lat' dir='ltr'><strong>pallium,</strong></span> <span class='ocrx_word' id='word_1_561' title='bbox 2276 2884 2421 2954; x_wconf 91' lang='lat' dir='ltr'><strong>quod</strong></span> <span class='ocrx_word' id='word_1_562' title='bbox 2465 2884 2598 2937; x_wconf 91' lang='lat' dir='ltr'><strong>mihi</strong></span> <span class='ocrx_word' id='word_1_563' title='bbox 2640 2884 2874 2938; x_wconf 89' lang='lat' dir='ltr'><strong>validius</strong></span> <span class='ocrx_word' id='word_1_564' title='bbox 2901 2891 3020 2937; x_wconf 83' lang='lat' dir='ltr'><strong>erat</strong></span> <span class='ocrx_word' id='word_1_565' title='bbox 3056 2883 3200 2935; x_wconf 89' lang='lat' dir='ltr'><strong>vallo</strong></span> <span class='ocrx_word' id='word_1_566' title='bbox 3237 2881 3433 2951; x_wconf 72' lang='lat' dir='ltr'><strong>Quovis</strong></span> 
     </span>
    </p>
   </div>
   <div class='ocr_carea' id='block_1_75' title="bbox 1857 2974 3437 3032">
    <p class='ocr_par' dir='ltr' id='par_1_75' title="bbox 1857 2974 3437 3032">
     <span class='ocr_line' id='line_1_75' title="bbox 1857 2974 3437 3032; baseline -0.003 -1"><span class='ocrx_word' id='word_1_567' title='bbox 1857 2978 2232 3032; x_wconf 89' lang='lat' dir='ltr'><strong>adamantino.</strong></span> <span class='ocrx_word' id='word_1_568' title='bbox 2282 2976 2420 3030; x_wconf 88' lang='lat' dir='ltr'><strong>Cum</strong></span> <span class='ocrx_word' id='word_1_569' title='bbox 2464 2984 2646 3031; x_wconf 87' lang='lat' dir='ltr'><strong>autem</strong></span> <span class='ocrx_word' id='word_1_570' title='bbox 2694 2977 2938 3029; x_wconf 81' lang='lat' dir='ltr'><strong>vicorum</strong></span> <span class='ocrx_word' id='word_1_571' title='bbox 2981 2977 3213 3028; x_wconf 81' lang='lat' dir='ltr'><strong>istorum</strong></span> <span class='ocrx_word' id='word_1_572' title='bbox 3264 2974 3437 3028; x_wconf 75' lang='lat' dir='ltr'><strong>maxi-</strong></span> 
     </span>
    </p>
   </div>
   <div class='ocr_carea' id='block_1_76' title="bbox 1857 3065 3436 3139">
    <p class='ocr_par' dir='ltr' id='par_1_76' title="bbox 1857 3065 3436 3139">
     <span class='ocr_line' id='line_1_76' title="bbox 1857 3065 3436 3139; baseline -0.003 -16"><span class='ocrx_word' id='word_1_573' title='bbox 1857 3087 2006 3124; x_wconf 90' lang='lat' dir='ltr'><strong>mum</strong></span> <span class='ocrx_word' id='word_1_574' title='bbox 2039 3084 2405 3139; x_wconf 74' lang='lat' dir='ltr'><strong>aggressurus</strong></span> <span class='ocrx_word' id='word_1_575' title='bbox 2433 3083 2637 3130; x_wconf 90' lang='lat' dir='ltr'><strong>essem,</strong></span> <span class='ocrx_word' id='word_1_576' title='bbox 2673 3083 2738 3121; x_wconf 89' lang='lat' dir='ltr'><strong>ac</strong></span> <span class='ocrx_word' id='word_1_577' title='bbox 2781 3069 2950 3121; x_wconf 89' lang='lat' dir='ltr'><strong>multa</strong></span> <span class='ocrx_word' id='word_1_578' title='bbox 2983 3066 3183 3120; x_wconf 89' lang='lat' dir='ltr'><strong>deinde</strong></span> <span class='ocrx_word' id='word_1_579' title='bbox 3213 3065 3436 3120; x_wconf 84' lang='lat' dir='ltr'><strong>incidis-</strong></span> 
     </span>
    </p>
   </div>
   <div class='ocr_carea' id='block_1_77' title="bbox 1859 3157 3433 3231">
    <p class='ocr_par' dir='ltr' id='par_1_77' title="bbox 1859 3157 3433 3231">
     <span class='ocr_line' id='line_1_77' title="bbox 1859 3157 3433 3231; baseline -0.006 -13"><span class='ocrx_word' id='word_1_580' title='bbox 1859 3173 1984 3218; x_wconf 88' lang='lat' dir='ltr'><strong>sent</strong></span> <span class='ocrx_word' id='word_1_581' title='bbox 2006 3178 2128 3230; x_wconf 76' lang='lat' dir='ltr'><strong>quae</strong></span> <span class='ocrx_word' id='word_1_582' title='bbox 2153 3164 2360 3218; x_wconf 77' lang='lat' dir='ltr'><strong>exitum</strong></span> <span class='ocrx_word' id='word_1_583' title='bbox 2385 3161 2768 3231; x_wconf 82' lang='lat' dir='ltr'><strong>prohibebant,</strong></span> <span class='ocrx_word' id='word_1_584' title='bbox 2798 3161 2919 3214; x_wconf 83' lang='lat' dir='ltr'><strong>misi</strong></span> <span class='ocrx_word' id='word_1_585' title='bbox 2950 3160 3015 3214; x_wconf 91' lang='lat' dir='ltr'><strong>ad</strong></span> <span class='ocrx_word' id='word_1_586' title='bbox 3040 3157 3234 3221; x_wconf 83' lang='lat' dir='ltr'><strong>Isaiam</strong></span> <span class='ocrx_word' id='word_1_587' title='bbox 3257 3173 3433 3213; x_wconf 90' lang='lat' dir='ltr'><strong>meum</strong></span> 
     </span>
    </p>
   </div>
   <div class='ocr_carea' id='block_1_78' title="bbox 1855 3249 3432 3325">
    <p class='ocr_par' dir='ltr' id='par_1_78' title="bbox 1855 3249 3432 3325">
     <span class='ocr_line' id='line_1_78' title="bbox 1855 3249 3432 3325; baseline -0.006 -14"><span class='ocrx_word' id='word_1_588' title='bbox 1855 3258 2094 3311; x_wconf 88' lang='lat' dir='ltr'><strong>divinam</strong></span> <span class='ocrx_word' id='word_1_589' title='bbox 2139 3271 2297 3325; x_wconf 75' lang='lat' dir='ltr'><strong>opem</strong></span> <span class='ocrx_word' id='word_1_590' title='bbox 2336 3253 2658 3324; x_wconf 84' lang='lat' dir='ltr'><strong>implorans.</strong></span> <span class='ocrx_word' id='word_1_591' title='bbox 2690 3253 2827 3306; x_wconf 82' lang='lat' dir='ltr'><strong>Tum</strong></span> <span class='ocrx_word' id='word_1_592' title='bbox 2877 3253 2988 3316; x_wconf 91' lang='lat' dir='ltr'><strong>ille,</strong></span> <span class='ocrx_word' id='word_1_593' title='bbox 3044 3269 3062 3302; x_wconf 85' lang='grc' dir='ltr'>ι</span> <span class='ocrx_word' id='word_1_594' title='bbox 3117 3250 3289 3314; x_wconf 83' lang='lat' dir='ltr'><strong>Bono,</strong></span> <span class='ocrx_word' id='word_1_595' title='bbox 3334 3249 3432 3309; x_wconf 87' lang='lat' dir='ltr'><strong>ait,</strong></span> 
     </span>
    </p>
   </div>
   <div class='ocr_carea' id='block_1_79' title="bbox 1855 3346 3434 3416">
    <p class='ocr_par' dir='ltr' id='par_1_79' title="bbox 1855 3346 3434 3416">
     <span class='ocr_line' id='line_1_79' title="bbox 1855 3346 3434 3416; baseline -0.006 -13"><span class='ocrx_word' id='word_1_596' title='bbox 1855 3349 1932 3404; x_wconf 88' lang='lat' dir='ltr'><strong>sis</strong></span> <span class='ocrx_word' id='word_1_597' title='bbox 1955 3350 2162 3402; x_wconf 92' lang='lat' dir='ltr'><strong>animo.</strong></span> <span class='ocrx_word' id='word_1_598' title='bbox 2195 3346 2584 3416; x_wconf 85' lang='lat' dir='ltr'><strong>Impedimenta</strong></span> <span class='ocrx_word' id='word_1_599' title='bbox 2609 3348 2755 3400; x_wconf 90' lang='lat' dir='ltr'><strong>enim</strong></span> <span class='ocrx_word' id='word_1_600' title='bbox 2783 3347 2871 3399; x_wconf 90' lang='lat' dir='ltr'><strong>illa</strong></span> <span class='ocrx_word' id='word_1_601' title='bbox 2896 3347 3080 3399; x_wconf 81' lang='lat' dir='ltr'><strong>omnia</strong></span> <span class='ocrx_word' id='word_1_602' title='bbox 3113 3358 3434 3398; x_wconf 84' lang='lat' dir='ltr'><strong>aranearum</strong></span> 
     </span>
    </p>
   </div>
   <div class='ocr_carea' id='block_1_80' title="bbox 1856 3433 3435 3509">
    <p class='ocr_par' dir='ltr' id='par_1_80' title="bbox 1856 3433 3435 3509">
     <span class='ocr_line' id='line_1_80' title="bbox 1856 3433 3435 3509; baseline -0.003 -15"><span class='ocrx_word' id='word_1_603' title='bbox 1856 3442 2029 3495; x_wconf 90' lang='lat' dir='ltr'><strong>instar</strong></span> <span class='ocrx_word' id='word_1_604' title='bbox 2059 3440 2322 3509; x_wconf 88' lang='lat' dir='ltr'><strong>dissipata</strong></span> <span class='ocrx_word' id='word_1_605' title='bbox 2367 3447 2518 3502; x_wconf 90' lang='lat' dir='ltr'><strong>sunt,</strong></span> <span class='ocrx_word' id='word_1_606' title='bbox 2567 3439 2730 3508; x_wconf 89' lang='lat' dir='ltr'><strong>idque</strong></span> <span class='ocrx_word' id='word_1_607' title='bbox 2781 3453 2866 3491; x_wconf 92' lang='lat' dir='ltr'><strong>me</strong></span> <span class='ocrx_word' id='word_1_608' title='bbox 2909 3453 3005 3506; x_wconf 89' lang='lat' dir='ltr'><strong>per</strong></span> <span class='ocrx_word' id='word_1_609' title='bbox 3042 3445 3256 3490; x_wconf 89' lang='lat' dir='ltr'><strong>noctem</strong></span> <span class='ocrx_word' id='word_1_610' title='bbox 3291 3433 3435 3489; x_wconf 87' lang='lat' dir='ltr'><strong>Deus</strong></span> 
     </span>
    </p>
   </div>
   <div class='ocr_carea' id='block_1_81' title="bbox 1857 3528 3438 3591">
    <p class='ocr_par' dir='ltr' id='par_1_81' title="bbox 1857 3528 3438 3591">
     <span class='ocr_line' id='line_1_81' title="bbox 1857 3528 3438 3591; baseline -0.003 -6"><span class='ocrx_word' id='word_1_611' title='bbox 1857 3531 2070 3591; x_wconf 86' lang='lat' dir='ltr'><strong>docuit,</strong></span> <span class='ocrx_word' id='word_1_612' title='bbox 2111 3546 2219 3582; x_wconf 85' lang='lat' dir='ltr'><strong>non</strong></span> <span class='ocrx_word' id='word_1_613' title='bbox 2264 3544 2466 3582; x_wconf 90' lang='lat' dir='ltr'><strong>vanum</strong></span> <span class='ocrx_word' id='word_1_614' title='bbox 2510 3529 2785 3582; x_wconf 89' lang='lat' dir='ltr'><strong>somnium</strong></span> <span class='ocrx_word' id='word_1_615' title='bbox 2823 3529 3178 3589; x_wconf 90' lang='lat' dir='ltr'><strong>adumbrans,</strong></span> <span class='ocrx_word' id='word_1_616' title='bbox 3218 3528 3313 3581; x_wconf 89' lang='lat' dir='ltr'><strong>sed</strong></span> <span class='ocrx_word' id='word_1_617' title='bbox 3347 3541 3438 3580; x_wconf 87' lang='lat' dir='ltr'><strong>ve-</strong></span> 
     </span>
    </p>
   </div>
   <div class='ocr_carea' id='block_1_82' title="bbox 1856 3618 3434 3681">
    <p class='ocr_par' dir='ltr' id='par_1_82' title="bbox 1856 3618 3434 3681">
     <span class='ocr_line' id='line_1_82' title="bbox 1856 3618 3434 3681; baseline -0.004 -5"><span class='ocrx_word' id='word_1_618' title='bbox 1856 3638 1971 3676; x_wconf 90' lang='lat' dir='ltr'><strong>ram</strong></span> <span class='ocrx_word' id='word_1_619' title='bbox 2016 3621 2284 3676; x_wconf 83' lang='lat' dir='ltr'><strong>visionem</strong></span> <span class='ocrx_word' id='word_1_620' title='bbox 2337 3621 2628 3674; x_wconf 76' lang='lat' dir='ltr'><strong>exhibens.</strong></span> <span class='ocrx_word' id='word_1_621' title='bbox 2681 3618 2804 3672; x_wconf 84' lang='lat' dir='ltr'><strong>Vidi</strong></span> <span class='ocrx_word' id='word_1_622' title='bbox 2851 3621 3024 3681; x_wconf 84' lang='lat' dir='ltr'><strong>enim,</strong></span> <span class='ocrx_word' id='word_1_623' title='bbox 3065 3619 3269 3681; x_wconf 88' lang='lat' dir='ltr'><strong>aiebat,</strong></span> <span class='ocrx_word' id='word_1_624' title='bbox 3310 3633 3434 3671; x_wconf 90' lang='lat' dir='ltr'><strong>cum</strong></span> 
     </span>
    </p>
   </div>
   <div class='ocr_carea' id='block_1_83' title="bbox 1855 3710 3434 3786">
    <p class='ocr_par' dir='ltr' id='par_1_83' title="bbox 1855 3710 3434 3786">
     <span class='ocr_line' id='line_1_83' title="bbox 1855 3710 3434 3786; baseline -0.003 -18"><span class='ocrx_word' id='word_1_625' title='bbox 1855 3714 2206 3786; x_wconf 88' lang='lat' dir='ltr'><strong>hymuodiam</strong></span> <span class='ocrx_word' id='word_1_626' title='bbox 2249 3710 2622 3777; x_wconf 86' lang='lat' dir='ltr'><strong>iuchoassem,</strong></span> <span class='ocrx_word' id='word_1_627' title='bbox 2669 3728 2867 3767; x_wconf 83' lang='lat' dir='ltr'><strong>versus</strong></span> <span class='ocrx_word' id='word_1_628' title='bbox 2922 3723 3129 3782; x_wconf 85' lang='lat' dir='ltr'><strong>partem</strong></span> <span class='ocrx_word' id='word_1_629' title='bbox 3186 3712 3329 3764; x_wconf 83' lang='lat' dir='ltr'><strong>illam</strong></span> <span class='ocrx_word' id='word_1_630' title='bbox 3381 3713 3434 3764; x_wconf 91' lang='lat' dir='ltr'><strong>in</strong></span> 
     </span>
    </p>
   </div>
   <div class='ocr_carea' id='block_1_84' title="bbox 1856 3803 3435 3876">
    <p class='ocr_par' dir='ltr' id='par_1_84' title="bbox 1856 3803 3435 3876">
     <span class='ocr_line' id='line_1_84' title="bbox 1856 3803 3435 3876; baseline -0.002 -18"><span class='ocrx_word' id='word_1_631' title='bbox 1856 3822 1961 3876; x_wconf 92' lang='lat' dir='ltr'><strong>qua</strong></span> <span class='ocrx_word' id='word_1_632' title='bbox 2012 3806 2114 3860; x_wconf 80' lang='lat' dir='ltr'><strong>vici</strong></span> <span class='ocrx_word' id='word_1_633' title='bbox 2159 3805 2322 3874; x_wconf 88' lang='lat' dir='ltr'><strong>positi</strong></span> <span class='ocrx_word' id='word_1_634' title='bbox 2374 3814 2523 3870; x_wconf 89' lang='lat' dir='ltr'><strong>sunt,</strong></span> <span class='ocrx_word' id='word_1_635' title='bbox 2568 3813 2878 3874; x_wconf 70' lang='lat' dir='ltr'><strong>serpentem</strong></span> <span class='ocrx_word' id='word_1_636' title='bbox 2933 3803 3224 3872; x_wconf 77' lang='lat' dir='ltr'><strong>quemdam</strong></span> <span class='ocrx_word' id='word_1_637' title='bbox 3279 3803 3435 3872; x_wconf 85' lang='lat' dir='ltr'><strong>ignea</strong></span> 
     </span>
    </p>
   </div>
   <div class='ocr_carea' id='block_1_85' title="bbox 1856 3896 3434 3968">
    <p class='ocr_par' dir='ltr' id='par_1_85' title="bbox 1856 3896 3434 3968">
     <span class='ocr_line' id='line_1_85' title="bbox 1856 3896 3434 3968; baseline -0.004 -14"><span class='ocrx_word' id='word_1_638' title='bbox 1856 3900 2059 3968; x_wconf 90' lang='lat' dir='ltr'><strong>specie,</strong></span> <span class='ocrx_word' id='word_1_639' title='bbox 2091 3898 2185 3968; x_wconf 87' lang='lat' dir='ltr'><strong>qui</strong></span> <span class='ocrx_word' id='word_1_640' title='bbox 2211 3898 2278 3952; x_wconf 86' lang='lat' dir='ltr'><strong>ab</strong></span> <span class='ocrx_word' id='word_1_641' title='bbox 2302 3912 2501 3952; x_wconf 88' lang='lat' dir='ltr'><strong>occasu</strong></span> <span class='ocrx_word' id='word_1_642' title='bbox 2534 3899 2584 3951; x_wconf 90' lang='lat' dir='ltr'><strong>in</strong></span> <span class='ocrx_word' id='word_1_643' title='bbox 2610 3907 2792 3952; x_wconf 89' lang='lat' dir='ltr'><strong>ortum</strong></span> <span class='ocrx_word' id='word_1_644' title='bbox 2827 3910 3047 3966; x_wconf 88' lang='lat' dir='ltr'><strong>reptans</strong></span> <span class='ocrx_word' id='word_1_645' title='bbox 3080 3913 3175 3965; x_wconf 88' lang='lat' dir='ltr'><strong>per</strong></span> <span class='ocrx_word' id='word_1_646' title='bbox 3199 3896 3434 3950; x_wconf 90' lang='lat' dir='ltr'><strong>medium</strong></span> 
     </span>
    </p>
   </div>
   <div class='ocr_carea' id='block_1_86' title="bbox 1857 3989 3434 4059">
    <p class='ocr_par' dir='ltr' id='par_1_86' title="bbox 1857 3989 3434 4059">
     <span class='ocr_line' id='line_1_86' title="bbox 1857 3989 3434 4059; baseline -0.002 -14"><span class='ocrx_word' id='word_1_647' title='bbox 1857 4007 1981 4045; x_wconf 77' lang='lat' dir='ltr'><strong>aera</strong></span> <span class='ocrx_word' id='word_1_648' title='bbox 2023 3991 2317 4045; x_wconf 78' lang='lat' dir='ltr'><strong>ferebatur.</strong></span> <span class='ocrx_word' id='word_1_649' title='bbox 2353 3989 2559 4044; x_wconf 86' lang='lat' dir='ltr'><strong>Tertiis</strong></span> <span class='ocrx_word' id='word_1_650' title='bbox 2589 4005 2718 4044; x_wconf 89' lang='lat' dir='ltr'><strong>vero</strong></span> <span class='ocrx_word' id='word_1_651' title='bbox 2744 3991 3004 4059; x_wconf 85' lang='lat' dir='ltr'><strong>precibus</strong></span> <span class='ocrx_word' id='word_1_652' title='bbox 3037 3990 3296 4059; x_wconf 87' lang='lat' dir='ltr'><strong>peractis,</strong></span> <span class='ocrx_word' id='word_1_653' title='bbox 3324 3989 3434 4042; x_wconf 80' lang='lat' dir='ltr'><strong>vidi</strong></span> 
     </span>
    </p>
   </div>
   <div class='ocr_carea' id='block_1_87' title="bbox 1856 4081 3434 4152">
    <p class='ocr_par' dir='ltr' id='par_1_87' title="bbox 1856 4081 3434 4152">
     <span class='ocr_line' id='line_1_87' title="bbox 1856 4081 3434 4152; baseline -0.004 -14"><span class='ocrx_word' id='word_1_654' title='bbox 1856 4100 2050 4138; x_wconf 82' lang='lat' dir='ltr'><strong>rursus</strong></span> <span class='ocrx_word' id='word_1_655' title='bbox 2102 4083 2384 4144; x_wconf 78' lang='lat' dir='ltr'><strong>inﬂexum,</strong></span> <span class='ocrx_word' id='word_1_656' title='bbox 2435 4083 2741 4152; x_wconf 89' lang='lat' dir='ltr'><strong>circulique</strong></span> <span class='ocrx_word' id='word_1_657' title='bbox 2791 4081 3023 4134; x_wconf 78' lang='lat' dir='ltr'><strong>formam</strong></span> <span class='ocrx_word' id='word_1_658' title='bbox 3085 4081 3434 4144; x_wconf 79' lang='lat' dir='ltr'><strong>referentem,</strong></span> 
     </span>
    </p>
   </div>
   <div class='ocr_carea' id='block_1_88' title="bbox 1857 4173 3435 4245">
    <p class='ocr_par' dir='ltr' id='par_1_88' title="bbox 1857 4173 3435 4245">
     <span class='ocr_line' id='line_1_88' title="bbox 1857 4173 3435 4245; baseline -0.003 -14"><span class='ocrx_word' id='word_1_659' title='bbox 1857 4176 2026 4231; x_wconf 87' lang='lat' dir='ltr'><strong>cauda</strong></span> <span class='ocrx_word' id='word_1_660' title='bbox 2057 4175 2223 4245; x_wconf 87' lang='lat' dir='ltr'><strong>capiti</strong></span> <span class='ocrx_word' id='word_1_661' title='bbox 2272 4175 2548 4244; x_wconf 89' lang='lat' dir='ltr'><strong>copulata.</strong></span> <span class='ocrx_word' id='word_1_662' title='bbox 2590 4173 2652 4226; x_wconf 87' lang='lat' dir='ltr'><strong>Et</strong></span> <span class='ocrx_word' id='word_1_663' title='bbox 2693 4190 2817 4227; x_wconf 89' lang='lat' dir='ltr'><strong>cum</strong></span> <span class='ocrx_word' id='word_1_664' title='bbox 2856 4182 2982 4229; x_wconf 86' lang='lat' dir='ltr'><strong>octo</strong></span> <span class='ocrx_word' id='word_1_665' title='bbox 3021 4191 3217 4238; x_wconf 85' lang='lat' dir='ltr'><strong>rursus</strong></span> <span class='ocrx_word' id='word_1_666' title='bbox 3247 4187 3435 4244; x_wconf 76' lang='lat' dir='ltr'><strong>preca-</strong></span> 
     </span>
    </p>
   </div>
   <div class='ocr_carea' id='block_1_89' title="bbox 1857 4264 3433 4333">
    <p class='ocr_par' dir='ltr' id='par_1_89' title="bbox 1857 4264 3433 4333">
     <span class='ocr_line' id='line_1_89' title="bbox 1857 4264 3433 4333; baseline -0.005 -11"><span class='ocrx_word' id='word_1_667' title='bbox 1857 4272 2034 4332; x_wconf 81' lang='lat' dir='ltr'><strong>tiones</strong></span> <span class='ocrx_word' id='word_1_668' title='bbox 2067 4267 2450 4330; x_wconf 88' lang='lat' dir='ltr'><strong>absolvissem,</strong></span> <span class='ocrx_word' id='word_1_669' title='bbox 2487 4265 2624 4319; x_wconf 89' lang='lat' dir='ltr'><strong>duas</strong></span> <span class='ocrx_word' id='word_1_670' title='bbox 2663 4267 2714 4318; x_wconf 90' lang='lat' dir='ltr'><strong>in</strong></span> <span class='ocrx_word' id='word_1_671' title='bbox 2760 4275 2942 4333; x_wconf 84' lang='lat' dir='ltr'><strong>partes</strong></span> <span class='ocrx_word' id='word_1_672' title='bbox 2968 4265 3265 4319; x_wconf 88' lang='lat' dir='ltr'><strong>dissectum</strong></span> <span class='ocrx_word' id='word_1_673' title='bbox 3300 4264 3433 4328; x_wconf 89' lang='lat' dir='ltr'><strong>vidi,</strong></span> 
     </span>
    </p>
   </div>
   <div class='ocr_carea' id='block_1_90' title="bbox 1857 4352 3432 4427">
    <p class='ocr_par' dir='ltr' id='par_1_90' title="bbox 1857 4352 3432 4427">
     <span class='ocr_line' id='line_1_90' title="bbox 1857 4352 3432 4427; baseline -0.006 -14"><span class='ocrx_word' id='word_1_674' title='bbox 1857 4361 2206 4427; x_wconf 89' lang='lat' dir='ltr'><strong>solutumque</strong></span> <span class='ocrx_word' id='word_1_675' title='bbox 2250 4358 2306 4410; x_wconf 92' lang='lat' dir='ltr'><strong>iu</strong></span> <span class='ocrx_word' id='word_1_676' title='bbox 2361 4353 2593 4409; x_wconf 78' lang='lat' dir='ltr'><strong>fumum.</strong></span> <span class='ocrx_word' id='word_1_677' title='bbox 2650 4373 2668 4405; x_wconf 79' lang='grc' dir='ltr'>ι</span> <span class='ocrx_word' id='word_1_678' title='bbox 2709 4356 2889 4422; x_wconf 83' lang='lat' dir='ltr'><strong>Atque</strong></span> <span class='ocrx_word' id='word_1_679' title='bbox 2928 4355 3042 4407; x_wconf 62' lang='lat' dir='ltr'><strong>hac</strong></span> <span class='ocrx_word' id='word_1_680' title='bbox 3079 4353 3168 4407; x_wconf 91' lang='lat' dir='ltr'><strong>ille</strong></span> <span class='ocrx_word' id='word_1_681' title='bbox 3211 4352 3432 4421; x_wconf 82' lang='lat' dir='ltr'><strong>quidem</strong></span> 
     </span>
    </p>
   </div>
   <div class='ocr_carea' id='block_1_91' title="bbox 1858 4445 3432 4520">
    <p class='ocr_par' dir='ltr' id='par_1_91' title="bbox 1858 4445 3432 4520">
     <span class='ocr_line' id='line_1_91' title="bbox 1858 4445 3432 4520; baseline -0.008 -11"><span class='ocrx_word' id='word_1_682' title='bbox 1858 4456 1928 4508; x_wconf 75' lang='lat' dir='ltr'><strong>ita</strong></span> <span class='ocrx_word' id='word_1_683' title='bbox 1967 4450 2214 4520; x_wconf 66' lang='lat' dir='ltr'><strong>praevidit</strong></span> <span class='ocrx_word' id='word_1_684' title='bbox 2254 4465 2269 4503; x_wconf 86' lang='lat'>:</span> <span class='ocrx_word' id='word_1_685' title='bbox 2315 4464 2416 4502; x_wconf 89' lang='lat' dir='ltr'><strong>nos</strong></span> <span class='ocrx_word' id='word_1_686' title='bbox 2450 4463 2578 4502; x_wconf 87' lang='lat' dir='ltr'><strong>vero</strong></span> <span class='ocrx_word' id='word_1_687' title='bbox 2623 4448 3057 4501; x_wconf 88' lang='lat' dir='ltr'><strong>consentientem</strong></span> <span class='ocrx_word' id='word_1_688' title='bbox 3096 4445 3432 4514; x_wconf 68' lang='lat' dir='ltr'><strong>prmdictioni</strong></span> 
     </span>
    </p>
   </div>
   <div class='ocr_carea' id='block_1_92' title="bbox 170 4530 1753 4613">
    <p class='ocr_par' dir='ltr' id='par_1_92' title="bbox 170 4530 1752 4601">
     <span class='ocr_line' id='line_1_92' title="bbox 170 4530 1752 4601; baseline -0.002 -15"><span class='ocrx_word' id='word_1_689' title='bbox 170 4532 518 4600; x_wconf 69' lang='grc' dir='ltr'>ἐθεασάμεθα</span> <span class='ocrx_word' id='word_1_690' title='bbox 549 4530 1015 4601; x_wconf 82' lang='grc' dir='ltr'>συνομολογοῦσαν</span> <span class='ocrx_word' id='word_1_691' title='bbox 1040 4534 1103 4600; x_wconf 79' lang='grc' dir='ltr'>τῇ</span> <span class='ocrx_word' id='word_1_692' title='bbox 1137 4531 1439 4600; x_wconf 74' lang='grc' dir='ltr'>προρρήσει</span> <span class='ocrx_word' id='word_1_693' title='bbox 1468 4530 1564 4601; x_wconf 84' lang='grc' dir='ltr'>τὴν</span> <span class='ocrx_word' id='word_1_694' title='bbox 1589 4530 1752 4583; x_wconf 75' lang='grc' dir='ltr'>ἔκϐα-</span> 
     </span>
    </p>
   </div>
   <div class='ocr_carea' id='block_1_93' title="bbox 1855 4530 3435 4613">
    <p class='ocr_par' dir='ltr' id='par_1_93' title="bbox 1862 4535 3435 4606">
     <span class='ocr_line' id='line_1_93' title="bbox 1862 4535 3435 4606; baseline -0.004 -12"><span class='ocrx_word' id='word_1_695' title='bbox 1862 4540 2069 4594; x_wconf 78' lang='lat' dir='ltr'><strong>exitum</strong></span> <span class='ocrx_word' id='word_1_696' title='bbox 2100 4538 2356 4592; x_wconf 83' lang='lat' dir='ltr'><strong>vidimus.</strong></span> <span class='ocrx_word' id='word_1_697' title='bbox 2396 4537 2550 4591; x_wconf 68' lang='lat' dir='ltr'><strong>blaue</strong></span> <span class='ocrx_word' id='word_1_698' title='bbox 2585 4537 2815 4606; x_wconf 81' lang='lat' dir='ltr'><strong>quippe,</strong></span> <span class='ocrx_word' id='word_1_699' title='bbox 2850 4543 3130 4588; x_wconf 87' lang='lat' dir='ltr'><strong>auctorem</strong></span> <span class='ocrx_word' id='word_1_700' title='bbox 3163 4535 3290 4588; x_wconf 81' lang='lat' dir='ltr'><strong>mali</strong></span> <span class='ocrx_word' id='word_1_701' title='bbox 3321 4549 3435 4587; x_wconf 81' lang='lat' dir='ltr'><strong>ser-</strong></span> 
     </span>
    </p>
   </div>
   <div class='ocr_carea' id='block_1_94' title="bbox 174 4621 1759 4692">
    <p class='ocr_par' dir='ltr' id='par_1_94' title="bbox 174 4621 1759 4692">
     <span class='ocr_line' id='line_1_94' title="bbox 174 4621 1759 4692; baseline -0.002 -14"><span class='ocrx_word' id='word_1_702' title='bbox 174 4642 279 4678; x_wconf 84' lang='grc' dir='ltr'>σιν,</span> <span class='ocrx_word' id='word_1_703' title='bbox 326 4622 534 4676; x_wconf 85' lang='grc' dir='ltr'>Ἔωθεν</span> <span class='ocrx_word' id='word_1_704' title='bbox 581 4623 678 4691; x_wconf 79' lang='grc' dir='ltr'><strong>μὲν</strong></span> <span class='ocrx_word' id='word_1_705' title='bbox 731 4621 870 4690; x_wconf 75' lang='grc' dir='ltr'>γάρ,</span> <span class='ocrx_word' id='word_1_706' title='bbox 920 4623 1026 4674; x_wconf 81' lang='grc' dir='ltr'><strong>ὑπὸ</strong></span> <span class='ocrx_word' id='word_1_707' title='bbox 1063 4621 1155 4674; x_wconf 82' lang='grc' dir='ltr'>τοῦ</span> <span class='ocrx_word' id='word_1_708' title='bbox 1211 4622 1518 4692; x_wconf 81' lang='grc' dir='ltr'>ἀρχεκάκου</span> <span class='ocrx_word' id='word_1_709' title='bbox 1584 4622 1759 4690; x_wconf 72' lang='grc' dir='ltr'>ὄφεως</span> 
     </span>
    </p>
   </div>
   <div class='ocr_carea' id='block_1_95' title="bbox 176 4714 1761 4786">
    <p class='ocr_par' dir='ltr' id='par_1_95' title="bbox 176 4714 1761 4786">
     <span class='ocr_line' id='line_1_95' title="bbox 176 4714 1761 4786; baseline -0.002 -16"><span class='ocrx_word' id='word_1_710' title='bbox 176 4714 670 4786; x_wconf 73' lang='grc' dir='ltr'>στρατηγούμενοι,</span> <span class='ocrx_word' id='word_1_711' title='bbox 710 4715 757 4767; x_wconf 75' lang='grc' dir='ltr'>οἱ</span> <span class='ocrx_word' id='word_1_712' title='bbox 795 4714 962 4767; x_wconf 84' lang='grc' dir='ltr'>πάλαι</span> <span class='ocrx_word' id='word_1_713' title='bbox 999 4715 1097 4783; x_wconf 87' lang='grc' dir='ltr'><strong>μὲν</strong></span> <span class='ocrx_word' id='word_1_714' title='bbox 1120 4715 1220 4783; x_wconf 78' lang='grc' dir='ltr'><strong>τῆς</strong></span> <span class='ocrx_word' id='word_1_715' title='bbox 1271 4715 1598 4784; x_wconf 86' lang='grc' dir='ltr'>Μαρκίωνος</span> <span class='ocrx_word' id='word_1_716' title='bbox 1627 4733 1761 4784; x_wconf 85' lang='grc' dir='ltr'>συμ-</span> 
     </span>
    </p>
   </div>
   <div class='ocr_carea' id='block_1_96' title="bbox 178 4806 1761 4879">
    <p class='ocr_par' dir='ltr' id='par_1_96' title="bbox 178 4806 1761 4879">
     <span class='ocr_line' id='line_1_96' title="bbox 178 4806 1761 4879; baseline -0.003 -17"><span class='ocrx_word' id='word_1_717' title='bbox 178 4810 399 4879; x_wconf 86' lang='grc' dir='ltr'>μορίας,</span> <span class='ocrx_word' id='word_1_718' title='bbox 430 4807 524 4859; x_wconf 79' lang='grc' dir='ltr'>νῦν</span> <span class='ocrx_word' id='word_1_719' title='bbox 554 4806 611 4858; x_wconf 77' lang='grc' dir='ltr'>δὲ</span> <span class='ocrx_word' id='word_1_720' title='bbox 641 4807 739 4876; x_wconf 79' lang='grc' dir='ltr'>τῆς</span> <span class='ocrx_word' id='word_1_721' title='bbox 768 4806 1135 4874; x_wconf 82' lang='grc' dir='ltr'>άποστολικῆς</span> <span class='ocrx_word' id='word_1_722' title='bbox 1157 4806 1437 4876; x_wconf 82' lang='grc' dir='ltr'>γενόμενοι</span> <span class='ocrx_word' id='word_1_723' title='bbox 1463 4807 1761 4874; x_wconf 69' lang='grc' dir='ltr'>φάλαγγος,</span> 
     </span>
    </p>
   </div>
   <div class='ocr_carea' id='block_1_97' title="bbox 173 4896 1762 4970">
    <p class='ocr_par' dir='ltr' id='par_1_97' title="bbox 173 4896 1762 4970">
     <span class='ocr_line' id='line_1_97' title="bbox 173 4896 1762 4970; baseline -0.001 -18"><span class='ocrx_word' id='word_1_724' title='bbox 173 4899 362 4970; x_wconf 70' lang='grc' dir='ltr'>γυμνά</span> <span class='ocrx_word' id='word_1_725' title='bbox 394 4900 521 4968; x_wconf 78' lang='grc' dir='ltr'>ἡμῖν</span> <span class='ocrx_word' id='word_1_726' title='bbox 548 4899 654 4950; x_wconf 84' lang='grc' dir='ltr'><strong>ἀπὸ</strong></span> <span class='ocrx_word' id='word_1_727' title='bbox 677 4898 773 4966; x_wconf 85' lang='grc' dir='ltr'>τῆς</span> <span class='ocrx_word' id='word_1_728' title='bbox 807 4898 1045 4968; x_wconf 79' lang='grc' dir='ltr'>ἑσπέρας</span> <span class='ocrx_word' id='word_1_729' title='bbox 1075 4896 1355 4967; x_wconf 88' lang='grc' dir='ltr'>ὁρμῶντες</span> <span class='ocrx_word' id='word_1_730' title='bbox 1380 4899 1444 4949; x_wconf 71' lang='grc' dir='ltr'><strong>τά</strong></span> <span class='ocrx_word' id='word_1_731' title='bbox 1478 4898 1606 4966; x_wconf 80' lang='grc' dir='ltr'>ξίφη</span> <span class='ocrx_word' id='word_1_732' title='bbox 1633 4897 1762 4950; x_wconf 84' lang='grc' dir='ltr'>ἐδεί-</span> 
     </span>
    </p>
   </div>
   <div class='ocr_carea' id='block_1_98' title="bbox 175 4974 1762 5058">
    <p class='ocr_par' dir='ltr' id='par_1_98' title="bbox 175 4974 1762 5058">
     <span class='ocr_line' id='line_1_98' title="bbox 175 4974 1762 5058; baseline -0.001 -16"><span class='ocrx_word' id='word_1_733' title='bbox 175 4974 363 5042; x_wconf 83' lang='grc' dir='ltr'>κνυον.</span> <span class='ocrx_word' id='word_1_734' title='bbox 403 4987 622 5058; x_wconf 71' lang='grc' dir='ltr'>Περὶδέ</span> <span class='ocrx_word' id='word_1_735' title='bbox 660 4987 852 5056; x_wconf 81' lang='grc' dir='ltr'>τρίτην</span> <span class='ocrx_word' id='word_1_736' title='bbox 890 4986 1038 5057; x_wconf 74' lang='grc' dir='ltr'>ὤραν</span> <span class='ocrx_word' id='word_1_737' title='bbox 1066 4988 1164 5056; x_wconf 81' lang='grc' dir='ltr'>τῆς</span> <span class='ocrx_word' id='word_1_738' title='bbox 1216 4987 1425 5056; x_wconf 64' lang='grc' dir='ltr'><strong>⁴ἡμέρας</strong></span> <span class='ocrx_word' id='word_1_739' title='bbox 1466 5003 1762 5058; x_wconf 69' lang='grc' dir='ltr'>συσπειρα-</span> 
     </span>
    </p>
   </div>
   <div class='ocr_carea' id='block_1_99' title="bbox 177 5067 1757 5149">
    <p class='ocr_par' dir='ltr' id='par_1_99' title="bbox 177 5067 1757 5149">
     <span class='ocr_line' id='line_1_99' title="bbox 177 5067 1757 5149; baseline 0.001 -18"><span class='ocrx_word' id='word_1_740' title='bbox 177 5067 388 5142; x_wconf 81' lang='grc' dir='ltr'>θέντες,</span> <span class='ocrx_word' id='word_1_741' title='bbox 417 5078 512 5147; x_wconf 80' lang='grc' dir='ltr'>τῆς</span> <span class='ocrx_word' id='word_1_742' title='bbox 540 5078 746 5141; x_wconf 84' lang='grc' dir='ltr'>οἰκείας</span> <span class='ocrx_word' id='word_1_743' title='bbox 779 5079 1098 5149; x_wconf 73' lang='grc' dir='ltr'>ἐφρόντιζον</span> <span class='ocrx_word' id='word_1_744' title='bbox 1132 5078 1394 5147; x_wconf 75' lang='grc' dir='ltr'>φυλακῆς,</span> <span class='ocrx_word' id='word_1_745' title='bbox 1453 5079 1703 5148; x_wconf 73' lang='grc' dir='ltr'>καθάπερ</span> <span class='ocrx_word' id='word_1_746' title='bbox 1730 5082 1757 5132; x_wconf 89' lang='grc' dir='ltr'>ὁ</span> 
     </span>
    </p>
   </div>
   <div class='ocr_carea' id='block_1_100' title="bbox 177 5170 1756 5243">
    <p class='ocr_par' dir='ltr' id='par_1_100' title="bbox 177 5170 1756 5243">
     <span class='ocr_line' id='line_1_100' title="bbox 177 5170 1756 5243; baseline 0.006 -28"><span class='ocrx_word' id='word_1_747' title='bbox 177 5170 301 5240; x_wconf 74' lang='grc' dir='ltr'>ὖφες</span> <span class='ocrx_word' id='word_1_748' title='bbox 329 5173 395 5241; x_wconf 78' lang='grc' dir='ltr'>τῇ</span> <span class='ocrx_word' id='word_1_749' title='bbox 443 5170 624 5241; x_wconf 82' lang='grc' dir='ltr'>κέρκῳ</span> <span class='ocrx_word' id='word_1_750' title='bbox 665 5171 763 5239; x_wconf 78' lang='grc' dir='ltr'>τὴν</span> <span class='ocrx_word' id='word_1_751' title='bbox 799 5170 1037 5240; x_wconf 79' lang='grc' dir='ltr'>κεφαλὴν</span> <span class='ocrx_word' id='word_1_752' title='bbox 1090 5171 1513 5225; x_wconf 80' lang='grc' dir='ltr'>συνεκάλυπτεν.</span> <span class='ocrx_word' id='word_1_753' title='bbox 1568 5173 1756 5243; x_wconf 82' lang='grc' dir='ltr'><strong>Ὀγδὸῃ</strong></span> 
     </span>
    </p>
   </div>
   <div class='ocr_carea' id='block_1_101' title="bbox 178 5262 1760 5334">
    <p class='ocr_par' dir='ltr' id='par_1_101' title="bbox 178 5262 1760 5334">
     <span class='ocr_line' id='line_1_101' title="bbox 178 5262 1760 5334; baseline 0 -18"><span class='ocrx_word' id='word_1_754' title='bbox 178 5264 234 5316; x_wconf 70' lang='grc' dir='ltr'><strong>δὲ</strong></span> <span class='ocrx_word' id='word_1_755' title='bbox 265 5263 386 5332; x_wconf 76' lang='grc' dir='ltr'><strong>ῶρᾳ</strong></span> <span class='ocrx_word' id='word_1_756' title='bbox 431 5262 836 5327; x_wconf 77' lang='grc' dir='ltr'>σκεδασθέντες,</span> <span class='ocrx_word' id='word_1_757' title='bbox 875 5262 1056 5333; x_wconf 84' lang='grc' dir='ltr'>χώραν</span> <span class='ocrx_word' id='word_1_758' title='bbox 1101 5266 1234 5334; x_wconf 77' lang='grc' dir='ltr'>ἡμῖν</span> <span class='ocrx_word' id='word_1_759' title='bbox 1291 5265 1500 5319; x_wconf 77' lang='grc' dir='ltr'>ἔδωκαν</span> <span class='ocrx_word' id='word_1_760' title='bbox 1554 5266 1650 5334; x_wconf 81' lang='grc' dir='ltr'>τῆς</span> <span class='ocrx_word' id='word_1_761' title='bbox 1681 5268 1760 5329; x_wconf 85' lang='grc' dir='ltr'>εἰς</span> 
     </span>
    </p>
   </div>
   <div class='ocr_carea' id='block_1_102' title="bbox 179 5349 1762 5425">
    <p class='ocr_par' dir='ltr' id='par_1_102' title="bbox 179 5349 1762 5425">
     <span class='ocr_line' id='line_1_102' title="bbox 179 5349 1762 5425; baseline 0.004 -23"><span class='ocrx_word' id='word_1_762' title='bbox 179 5350 276 5419; x_wconf 81' lang='grc' dir='ltr'>τὴν</span> <span class='ocrx_word' id='word_1_763' title='bbox 303 5349 498 5420; x_wconf 85' lang='grc' dir='ltr'>κώμην</span> <span class='ocrx_word' id='word_1_764' title='bbox 531 5351 733 5404; x_wconf 80' lang='grc' dir='ltr'>εἰσόδου</span> <span class='ocrx_word' id='word_1_765' title='bbox 758 5369 770 5382; x_wconf 87' lang='grc'><strong>·</strong></span> <span class='ocrx_word' id='word_1_766' title='bbox 805 5353 897 5405; x_wconf 72' lang='grc' dir='ltr'><strong>καὶ</strong></span> <span class='ocrx_word' id='word_1_767' title='bbox 924 5353 1239 5422; x_wconf 84' lang='grc' dir='ltr'>παραυτίκα</span> <span class='ocrx_word' id='word_1_768' title='bbox 1274 5353 1510 5425; x_wconf 76' lang='grc' dir='ltr'>εὕρομεν</span> <span class='ocrx_word' id='word_1_769' title='bbox 1553 5356 1674 5424; x_wconf 82' lang='grc' dir='ltr'>ὅφιν</span> <span class='ocrx_word' id='word_1_770' title='bbox 1703 5356 1762 5420; x_wconf 80' lang='grc' dir='ltr'>ἐξ</span> 
     </span>
    </p>
   </div>
   <div class='ocr_carea' id='block_1_103' title="bbox 180 5441 1758 5518">
    <p class='ocr_par' dir='ltr' id='par_1_103' title="bbox 180 5441 1758 5518">
     <span class='ocr_line' id='line_1_103' title="bbox 180 5441 1758 5518; baseline 0.004 -24"><span class='ocrx_word' id='word_1_771' title='bbox 180 5441 314 5512; x_wconf 73' lang='grc' dir='ltr'>ὖλης</span> <span class='ocrx_word' id='word_1_772' title='bbox 363 5442 563 5511; x_wconf 75' lang='grc' dir='ltr'>χαλκοῦ</span> <span class='ocrx_word' id='word_1_773' title='bbox 613 5444 1000 5513; x_wconf 82' lang='grc' dir='ltr'>πεποιημένον,</span> <span class='ocrx_word' id='word_1_774' title='bbox 1046 5445 1138 5498; x_wconf 79' lang='grc' dir='ltr'>καὶ</span> <span class='ocrx_word' id='word_1_775' title='bbox 1189 5446 1279 5498; x_wconf 81' lang='grc' dir='ltr'>ὑπ’</span> <span class='ocrx_word' id='word_1_776' title='bbox 1319 5447 1542 5500; x_wconf 84' lang='grc' dir='ltr'>ἐκείνων</span> <span class='ocrx_word' id='word_1_777' title='bbox 1591 5466 1758 5518; x_wconf 75' lang='grc' dir='ltr'>προσο</span> 
     </span>
    </p>
   </div>
   <div class='ocr_carea' id='block_1_104' title="bbox 182 5535 1760 5610">
    <p class='ocr_par' dir='ltr' id='par_1_104' title="bbox 182 5535 1760 5610">
     <span class='ocr_line' id='line_1_104' title="bbox 182 5535 1760 5610; baseline 0.003 -22"><span class='ocrx_word' id='word_1_778' title='bbox 182 5535 533 5603; x_wconf 78' lang='grc' dir='ltr'>κννούμενον.</span> <span class='ocrx_word' id='word_1_779' title='bbox 565 5536 668 5588; x_wconf 81' lang='grc' dir='ltr'>Τὸν</span> <span class='ocrx_word' id='word_1_780' title='bbox 685 5540 792 5606; x_wconf 85' lang='grc' dir='ltr'>γὰρ</span> <span class='ocrx_word' id='word_1_781' title='bbox 822 5537 966 5590; x_wconf 75' lang='grc' dir='ltr'>κατὰ</span> <span class='ocrx_word' id='word_1_782' title='bbox 988 5537 1082 5589; x_wconf 82' lang='grc' dir='ltr'>τοῦ</span> <span class='ocrx_word' id='word_1_783' title='bbox 1107 5539 1451 5610; x_wconf 79' lang='grc' dir='ltr'>Δημιουργοῦ</span> <span class='ocrx_word' id='word_1_784' title='bbox 1481 5541 1575 5592; x_wconf 74' lang='grc' dir='ltr'>καὶ</span> <span class='ocrx_word' id='word_1_785' title='bbox 1598 5541 1760 5609; x_wconf 83' lang='grc' dir='ltr'>Ποιη-</span> 
     </span>
    </p>
   </div>
   <div class='ocr_carea' id='block_1_105' title="bbox 178 5628 1760 5704">
    <p class='ocr_par' dir='ltr' id='par_1_105' title="bbox 178 5628 1760 5704">
     <span class='ocr_line' id='line_1_105' title="bbox 178 5628 1760 5704; baseline 0.005 -24"><span class='ocrx_word' id='word_1_786' title='bbox 178 5628 275 5681; x_wconf 83' lang='grc' dir='ltr'>τοῦ</span> <span class='ocrx_word' id='word_1_787' title='bbox 300 5629 407 5681; x_wconf 86' lang='grc' dir='ltr'><strong>τῶν</strong></span> <span class='ocrx_word' id='word_1_788' title='bbox 445 5629 580 5681; x_wconf 88' lang='grc' dir='ltr'>δλων</span> <span class='ocrx_word' id='word_1_789' title='bbox 615 5630 907 5700; x_wconf 86' lang='grc' dir='ltr'>προφανῶς</span> <span class='ocrx_word' id='word_1_790' title='bbox 941 5630 1339 5702; x_wconf 78' lang='grc' dir='ltr'>ἀναδεξάμενον</span> <span class='ocrx_word' id='word_1_791' title='bbox 1381 5634 1638 5704; x_wconf 83' lang='grc' dir='ltr'>πόλεμον,</span> <span class='ocrx_word' id='word_1_792' title='bbox 1670 5635 1760 5688; x_wconf 65' lang='grc' dir='ltr'>τὸν</span> 
     </span>
    </p>
   </div>
   <div class='ocr_carea' id='block_1_106' title="bbox 254 5805 806 5872">
    <p class='ocr_par' dir='ltr' id='par_1_106' title="bbox 254 5805 806 5872">
     <span class='ocr_line' id='line_1_106' title="bbox 254 5805 806 5872; baseline -0.004 -9"><span class='ocrx_word' id='word_1_793' title='bbox 254 5807 276 5839; x_wconf 84' lang='grc'><strong><em>⁸</em></strong></span> <span class='ocrx_word' id='word_1_794' title='bbox 301 5805 448 5863; x_wconf 73' lang='lat' dir='ltr'><strong>Psal.</strong></span> <span class='ocrx_word' id='word_1_795' title='bbox 481 5820 635 5872; x_wconf 78' lang='lat' dir='ltr'><strong>cvm,</strong></span> <span class='ocrx_word' id='word_1_796' title='bbox 663 5805 723 5872; x_wconf 69' lang='grc'>4,</span> <span class='ocrx_word' id='word_1_797' title='bbox 749 5805 806 5861; x_wconf 87' lang='lat'><strong>5.</strong></span> 
     </span>
    </p>
   </div>
   <div class='ocr_carea' id='block_1_107' title="bbox 1861 4623 3433 4698">
    <p class='ocr_par' dir='ltr' id='par_1_107' title="bbox 1861 4623 3433 4698">
     <span class='ocr_line' id='line_1_107' title="bbox 1861 4623 3433 4698; baseline -0.001 -18"><span class='ocrx_word' id='word_1_798' title='bbox 1861 4635 2074 4698; x_wconf 86' lang='lat' dir='ltr'><strong>pentem</strong></span> <span class='ocrx_word' id='word_1_799' title='bbox 2122 4633 2412 4695; x_wconf 79' lang='lat' dir='ltr'><strong>sequentes</strong></span> <span class='ocrx_word' id='word_1_800' title='bbox 2459 4626 2673 4689; x_wconf 86' lang='lat' dir='ltr'><strong>ducem,</strong></span> <span class='ocrx_word' id='word_1_801' title='bbox 2730 4624 2823 4694; x_wconf 92' lang='lat' dir='ltr'><strong>qui</strong></span> <span class='ocrx_word' id='word_1_802' title='bbox 2878 4623 3176 4679; x_wconf 78' lang='lat' dir='ltr'><strong>Marcionis</strong></span> <span class='ocrx_word' id='word_1_803' title='bbox 3228 4624 3433 4679; x_wconf 91' lang='lat' dir='ltr'><strong>dudum</strong></span> 
     </span>
    </p>
   </div>
   <div class='ocr_carea' id='block_1_108' title="bbox 1856 4717 3433 4788">
    <p class='ocr_par' dir='ltr' id='par_1_108' title="bbox 1856 4717 3433 4788">
     <span class='ocr_line' id='line_1_108' title="bbox 1856 4717 3433 4788; baseline 0 -18"><span class='ocrx_word' id='word_1_804' title='bbox 1856 4721 2092 4788; x_wconf 86' lang='lat' dir='ltr'><strong>partium</strong></span> <span class='ocrx_word' id='word_1_805' title='bbox 2146 4726 2328 4782; x_wconf 87' lang='lat' dir='ltr'><strong>erant,</strong></span> <span class='ocrx_word' id='word_1_806' title='bbox 2377 4732 2528 4772; x_wconf 91' lang='lat' dir='ltr'><strong>nunc</strong></span> <span class='ocrx_word' id='word_1_807' title='bbox 2585 4717 2873 4786; x_wconf 86' lang='lat' dir='ltr'><strong>phalangis</strong></span> <span class='ocrx_word' id='word_1_808' title='bbox 2917 4725 3048 4770; x_wconf 90' lang='lat' dir='ltr'><strong>sunt</strong></span> <span class='ocrx_word' id='word_1_809' title='bbox 3094 4717 3433 4785; x_wconf 58' lang='lat' dir='ltr'><strong>apostolicx.</strong></span> 
     </span>
    </p>
   </div>
   <div class='ocr_carea' id='block_1_109' title="bbox 1857 4807 3435 4878">
    <p class='ocr_par' dir='ltr' id='par_1_109' title="bbox 1857 4807 3435 4878">
     <span class='ocr_line' id='line_1_109' title="bbox 1857 4807 3435 4878; baseline -0.002 -14"><span class='ocrx_word' id='word_1_810' title='bbox 1857 4812 2034 4864; x_wconf 84' lang='lat' dir='ltr'><strong>nudos</strong></span> <span class='ocrx_word' id='word_1_811' title='bbox 2063 4809 2222 4865; x_wconf 91' lang='lat' dir='ltr'><strong>nobis</strong></span> <span class='ocrx_word' id='word_1_812' title='bbox 2254 4811 2324 4864; x_wconf 90' lang='lat' dir='ltr'><strong>ab</strong></span> <span class='ocrx_word' id='word_1_813' title='bbox 2370 4825 2569 4864; x_wconf 86' lang='lat' dir='ltr'><strong>occasu</strong></span> <span class='ocrx_word' id='word_1_814' title='bbox 2611 4809 2882 4863; x_wconf 83' lang='lat' dir='ltr'><strong>irruentes</strong></span> <span class='ocrx_word' id='word_1_815' title='bbox 2927 4808 3139 4878; x_wconf 84' lang='lat' dir='ltr'><strong>gladios</strong></span> <span class='ocrx_word' id='word_1_816' title='bbox 3175 4807 3435 4863; x_wconf 81' lang='lat' dir='ltr'><strong>ostende-</strong></span> 
     </span>
    </p>
   </div>
   <div class='ocr_carea' id='block_1_110' title="bbox 1859 4900 3438 4956">
    <p class='ocr_par' dir='ltr' id='par_1_110' title="bbox 1859 4900 3438 4956">
     <span class='ocr_line' id='line_1_110' title="bbox 1859 4900 3438 4956; baseline -0.003 0"><span class='ocrx_word' id='word_1_817' title='bbox 1859 4905 2008 4956; x_wconf 89' lang='lat' dir='ltr'><strong>bant.</strong></span> <span class='ocrx_word' id='word_1_818' title='bbox 2043 4901 2158 4955; x_wconf 90' lang='lat' dir='ltr'><strong>Sub</strong></span> <span class='ocrx_word' id='word_1_819' title='bbox 2190 4901 2382 4955; x_wconf 82' lang='lat' dir='ltr'><strong>horam</strong></span> <span class='ocrx_word' id='word_1_820' title='bbox 2415 4916 2548 4954; x_wconf 81' lang='lat' dir='ltr'><strong>vero</strong></span> <span class='ocrx_word' id='word_1_821' title='bbox 2582 4901 2798 4955; x_wconf 87' lang='lat' dir='ltr'><strong>tertiam</strong></span> <span class='ocrx_word' id='word_1_822' title='bbox 2823 4900 2929 4954; x_wconf 90' lang='lat' dir='ltr'><strong>diei</strong></span> <span class='ocrx_word' id='word_1_823' title='bbox 2961 4904 2974 4921; x_wconf 79' lang='lat'><em>‘</em></span> <span class='ocrx_word' id='word_1_824' title='bbox 3016 4901 3070 4953; x_wconf 90' lang='lat' dir='ltr'><strong>in</strong></span> <span class='ocrx_word' id='word_1_825' title='bbox 3105 4900 3292 4955; x_wconf 85' lang='lat' dir='ltr'><strong>orbem</strong></span> <span class='ocrx_word' id='word_1_826' title='bbox 3321 4901 3438 4954; x_wconf 83' lang='lat' dir='ltr'><strong>col—</strong></span> 
     </span>
    </p>
   </div>
   <div class='ocr_carea' id='block_1_111' title="bbox 1854 4992 3436 5061">
    <p class='ocr_par' dir='ltr' id='par_1_111' title="bbox 1854 4992 3436 5061">
     <span class='ocr_line' id='line_1_111' title="bbox 1854 4992 3436 5061; baseline -0.001 -14"><span class='ocrx_word' id='word_1_827' title='bbox 1854 4994 1980 5047; x_wconf 89' lang='lat' dir='ltr'><strong>lecti</strong></span> <span class='ocrx_word' id='word_1_828' title='bbox 2012 4993 2076 5047; x_wconf 90' lang='lat' dir='ltr'><strong>ad</strong></span> <span class='ocrx_word' id='word_1_829' title='bbox 2113 4993 2198 5048; x_wconf 89' lang='lat' dir='ltr'><strong>sui</strong></span> <span class='ocrx_word' id='word_1_830' title='bbox 2230 4993 2537 5046; x_wconf 88' lang='lat' dir='ltr'><strong>custodiam</strong></span> <span class='ocrx_word' id='word_1_831' title='bbox 2581 4992 2993 5055; x_wconf 88' lang='lat' dir='ltr'><strong>incumbebant,</strong></span> <span class='ocrx_word' id='word_1_832' title='bbox 3023 4993 3167 5046; x_wconf 82' lang='lat' dir='ltr'><strong>sicut</strong></span> <span class='ocrx_word' id='word_1_833' title='bbox 3206 4993 3436 5061; x_wconf 76' lang='lat' dir='ltr'><strong>serpens</strong></span> 
     </span>
    </p>
   </div>
   <div class='ocr_carea' id='block_1_112' title="bbox 1857 5082 3436 5154">
    <p class='ocr_par' dir='ltr' id='par_1_112' title="bbox 1857 5082 3436 5154">
     <span class='ocr_line' id='line_1_112' title="bbox 1857 5082 3436 5154; baseline -0.001 -16"><span class='ocrx_word' id='word_1_834' title='bbox 1857 5094 2024 5154; x_wconf 84' lang='lat' dir='ltr'><strong>caput</strong></span> <span class='ocrx_word' id='word_1_835' title='bbox 2075 5085 2418 5153; x_wconf 83' lang='lat' dir='ltr'><strong>contegebat.</strong></span> <span class='ocrx_word' id='word_1_836' title='bbox 2479 5083 2684 5137; x_wconf 82' lang='lat' dir='ltr'><strong>Octava</strong></span> <span class='ocrx_word' id='word_1_837' title='bbox 2739 5083 2956 5136; x_wconf 91' lang='lat' dir='ltr'><strong>demum</strong></span> <span class='ocrx_word' id='word_1_838' title='bbox 3015 5083 3148 5137; x_wconf 90' lang='lat' dir='ltr'><strong>hora</strong></span> <span class='ocrx_word' id='word_1_839' title='bbox 3202 5082 3436 5151; x_wconf 88' lang='lat' dir='ltr'><strong>dispersi</strong></span> 
     </span>
    </p>
   </div>
   <div class='ocr_carea' id='block_1_113' title="bbox 1859 5175 3432 5247">
    <p class='ocr_par' dir='ltr' id='par_1_113' title="bbox 1859 5175 3432 5247">
     <span class='ocr_line' id='line_1_113' title="bbox 1859 5175 3432 5247; baseline -0.001 -15"><span class='ocrx_word' id='word_1_840' title='bbox 1859 5179 2072 5233; x_wconf 83' lang='lat' dir='ltr'><strong>facilem</strong></span> <span class='ocrx_word' id='word_1_841' title='bbox 2097 5177 2256 5231; x_wconf 90' lang='lat' dir='ltr'><strong>nobis</strong></span> <span class='ocrx_word' id='word_1_842' title='bbox 2280 5179 2331 5230; x_wconf 93' lang='lat' dir='ltr'><strong>in</strong></span> <span class='ocrx_word' id='word_1_843' title='bbox 2367 5176 2578 5247; x_wconf 62' lang='lat'><strong>125,5</strong></span> <span class='ocrx_word' id='word_1_844' title='bbox 2603 5177 2778 5230; x_wconf 88' lang='lat' dir='ltr'><strong>vicum</strong></span> <span class='ocrx_word' id='word_1_845' title='bbox 2804 5175 3009 5229; x_wconf 87' lang='lat' dir='ltr'><strong>aditum</strong></span> <span class='ocrx_word' id='word_1_846' title='bbox 3039 5176 3383 5244; x_wconf 65' lang='lat' dir='ltr'><strong>praebuerunt</strong></span> <span class='ocrx_word' id='word_1_847' title='bbox 3420 5195 3432 5231; x_wconf 88' lang='lat'><strong>:</strong></span> 
     </span>
    </p>
   </div>
   <div class='ocr_carea' id='block_1_114' title="bbox 1860 5265 3440 5338">
    <p class='ocr_par' dir='ltr' id='par_1_114' title="bbox 1860 5265 3440 5338">
     <span class='ocr_line' id='line_1_114' title="bbox 1860 5265 3440 5338; baseline -0.001 -14"><span class='ocrx_word' id='word_1_848' title='bbox 1860 5271 2151 5338; x_wconf 84' lang='lat' dir='ltr'><strong>statimque</strong></span> <span class='ocrx_word' id='word_1_849' title='bbox 2196 5284 2407 5323; x_wconf 63' lang='lat' dir='ltr'><strong>aeneum</strong></span> <span class='ocrx_word' id='word_1_850' title='bbox 2456 5277 2761 5336; x_wconf 87' lang='lat' dir='ltr'><strong>serpentem</strong></span> <span class='ocrx_word' id='word_1_851' title='bbox 2817 5265 3181 5328; x_wconf 76' lang='lat' dir='ltr'><strong>offendimus,</strong></span> <span class='ocrx_word' id='word_1_852' title='bbox 3228 5267 3319 5335; x_wconf 87' lang='lat' dir='ltr'><strong>qui</strong></span> <span class='ocrx_word' id='word_1_853' title='bbox 3369 5268 3440 5322; x_wconf 87' lang='lat' dir='ltr'><strong>ab</strong></span> 
     </span>
    </p>
   </div>
   <div class='ocr_carea' id='block_1_115' title="bbox 1861 5357 3430 5431">
    <p class='ocr_par' dir='ltr' id='par_1_115' title="bbox 1861 5357 3430 5431">
     <span class='ocr_line' id='line_1_115' title="bbox 1861 5357 3430 5431; baseline -0.001 -17"><span class='ocrx_word' id='word_1_854' title='bbox 1861 5363 1996 5431; x_wconf 91' lang='lat' dir='ltr'><strong>ipsis</strong></span> <span class='ocrx_word' id='word_1_855' title='bbox 2037 5359 2389 5414; x_wconf 85' lang='lat' dir='ltr'><strong>adorabatur.</strong></span> <span class='ocrx_word' id='word_1_856' title='bbox 2430 5359 2578 5414; x_wconf 86' lang='lat' dir='ltr'><strong>Bello</strong></span> <span class='ocrx_word' id='word_1_857' title='bbox 2625 5358 2772 5413; x_wconf 84' lang='lat' dir='ltr'><strong>enim</strong></span> <span class='ocrx_word' id='word_1_858' title='bbox 2813 5358 3080 5414; x_wconf 83' lang='lat' dir='ltr'><strong>adversus</strong></span> <span class='ocrx_word' id='word_1_859' title='bbox 3112 5357 3430 5413; x_wconf 87' lang='lat' dir='ltr'><strong>Creatorem</strong></span> 
     </span>
    </p>
   </div>
   <div class='ocr_carea' id='block_1_116' title="bbox 1869 5453 3438 5521">
    <p class='ocr_par' dir='ltr' id='par_1_116' title="bbox 1869 5453 3438 5521">
     <span class='ocr_line' id='line_1_116' title="bbox 1869 5453 3438 5521; baseline -0.003 -13"><span class='ocrx_word' id='word_1_860' title='bbox 1869 5454 2266 5521; x_wconf 82' lang='lat' dir='ltr'><strong>Factoremque</strong></span> <span class='ocrx_word' id='word_1_861' title='bbox 2317 5453 2702 5519; x_wconf 87' lang='lat' dir='ltr'><strong>universorum</strong></span> <span class='ocrx_word' id='word_1_862' title='bbox 2734 5459 2922 5520; x_wconf 88' lang='lat' dir='ltr'><strong>aperte</strong></span> <span class='ocrx_word' id='word_1_863' title='bbox 2969 5460 3249 5520; x_wconf 82' lang='lat' dir='ltr'><strong>suscepto,</strong></span> <span class='ocrx_word' id='word_1_864' title='bbox 3278 5461 3438 5506; x_wconf 71' lang='lat' dir='ltr'><strong>exse—</strong></span> 
     </span>
    </p>
   </div>
   <div class='ocr_carea' id='block_1_117' title="bbox 1867 5541 3440 5613">
    <p class='ocr_par' dir='ltr' id='par_1_117' title="bbox 1867 5541 3440 5613">
     <span class='ocr_line' id='line_1_117' title="bbox 1867 5541 3440 5613; baseline -0.002 -14"><span class='ocrx_word' id='word_1_865' title='bbox 1867 5543 2132 5599; x_wconf 89' lang='lat' dir='ltr'><strong>crandum</strong></span> <span class='ocrx_word' id='word_1_866' title='bbox 2158 5551 2498 5613; x_wconf 89' lang='lat' dir='ltr'><strong>serpentem,</strong></span> <span class='ocrx_word' id='word_1_867' title='bbox 2542 5549 2805 5611; x_wconf 84' lang='lat' dir='ltr'><strong>tanquam</strong></span> <span class='ocrx_word' id='word_1_868' title='bbox 2842 5542 2962 5609; x_wconf 88' lang='lat' dir='ltr'><strong>ejus</strong></span> <span class='ocrx_word' id='word_1_869' title='bbox 2993 5542 3225 5603; x_wconf 85' lang='lat' dir='ltr'><strong>hostem,</strong></span> <span class='ocrx_word' id='word_1_870' title='bbox 3258 5541 3440 5596; x_wconf 86' lang='lat' dir='ltr'><strong>colere</strong></span> 
     </span>
    </p>
   </div>
   <div class='ocr_carea' id='block_1_118' title="bbox 1868 5630 3438 5699">
    <p class='ocr_par' dir='ltr' id='par_1_118' title="bbox 1868 5630 3438 5699">
     <span class='ocr_line' id='line_1_118' title="bbox 1868 5630 3438 5699; baseline -0.005 -7"><span class='ocrx_word' id='word_1_871' title='bbox 1868 5634 2183 5692; x_wconf 76' lang='lat' dir='ltr'><strong>Studebant.</strong></span> <span class='ocrx_word' id='word_1_872' title='bbox 2226 5633 2498 5699; x_wconf 87' lang='lat' dir='ltr'><strong>Quoniam</strong></span> <span class='ocrx_word' id='word_1_873' title='bbox 2553 5641 2736 5688; x_wconf 89' lang='lat' dir='ltr'><strong>autem</strong></span> <span class='ocrx_word' id='word_1_874' title='bbox 2785 5631 3096 5688; x_wconf 88' lang='lat' dir='ltr'><strong>divinarum</strong></span> <span class='ocrx_word' id='word_1_875' title='bbox 3147 5630 3438 5685; x_wconf 80' lang='lat' dir='ltr'><strong>revelatio-</strong></span> 
     </span>
    </p>
   </div>
  </div>
