4216 6456
746 371 766 434 1
778 370 881 434 443

1764 365 2253 428 THEODORETI
2291 366 2630 427 EPISCOPI
2670 368 3033 430 CYRENSIS

3863 371 4007 437 1448

740 496 871 535 num
911 478 1279 535 narrationem
1314 475 1565 545 ingressa
1597 482 1681 529 est
1712 475 1915 539 oratio,
1954 487 2053 543 age
2085 473 2321 527 narrabo

2427 474 2698 545 ἐπάρατον
2764 474 2922 544 ὅφιν,
2953 474 3027 538 ὡς
3057 474 3268 529 ἐκείνου
3317 478 3577 554 πολέμιον
3602 519 3616 544 ,
3673 480 4006 553 θεραπείαν

739 588 863 641 qua:
898 571 967 625 ab
1003 571 1093 624 illa
1135 572 1313 623 veraci
1357 567 1543 638 lingua
1590 566 1794 621 audivi.
1840 564 2095 619 Narravit
2135 574 2316 618 autem

740 677 849 717 non
899 661 1199 730 cupiditate
1243 659 1492 725 honoris,
1538 659 1605 711 ab
1650 658 1754 711 hoc
1792 657 1937 712 enim
1980 657 2141 711 etiam
2184 655 2320 711 vitio

740 753 919 805 aliena
948 761 1034 804 est
1060 750 1244 802 anima
1278 747 1486 811 divina,
1524 747 1617 802 sed
1653 748 1951 802 occasione
1990 746 2226 816 quadam
2267 746 2321 799 id

738 840 925 909 eloqui
985 846 1210 893 coactus
1263 838 1409 907 quod
1469 836 1707 890 celatum
1749 838 1986 891 volebat.
2043 836 2320 906 Rogahatn

741 931 896 986 illum
929 929 1110 993 enixe,
1156 938 1216 983 ut
1248 927 1414 982 Deum
1443 928 1828 982 universorum
1860 936 2066 989 orat-ct,
2097 926 2230 980 tnihi
2262 932 2323 979 ut

741 1032 982 1091 segetem
1015 1022 1157 1076 loliis
1188 1034 1415 1074 vacuant
1445 1020 1716 1084 redderet,
1745 1021 2082 1088 liberamque
2108 1032 2138 1071 a
2160 1017 2324 1073 semi-

742 1116 909 1169 nibus
952 1114 1356 1167 ltazreticorunt.
1383 1112 1632 1181 Angebat
1665 1112 1808 1165 enim
1846 1126 1931 1164 me
1972 1110 2324 1164 vehementer

742 1208 1069 1261 exsecrandi
1103 1204 1401 1260 Marcionis
1441 1221 1619 1271 error,
1661 1205 1753 1274 qui
1799 1217 2129 1274 magnopere
2171 1203 2325 1255 inva-

742 1300 941 1353 luerat.
976 1297 1069 1352 Ille
1114 1306 1295 1350 autem
1335 1296 1637 1350 obtestanti
1672 1295 1805 1349 mihi
1845 1315 1858 1348 :
1898 1314 1915 1345 ι
1958 1292 2068 1348 Nec
2094 1308 2202 1357 me,
2241 1293 2324 1346 in-

741 1393 886 1463 quit,
918 1408 1019 1445 nec
1061 1390 1171 1443 alio
1211 1391 1354 1459 apud
1403 1389 1571 1443 Deum
1616 1389 1714 1441 tibi
1760 1402 1899 1457 opus
1937 1388 2327 1443 est.interces-

743 1499 885 1540 sore.
945 1484 1229 1538 Summum
1291 1483 1462 1536 habes
1517 1480 1823 1543 Joannem,
1892 1477 2047 1533 Verbi
2112 1493 2322 1541 vocem,

745 1576 959 1629 Domini
1003 1590 1423 1647 prascursorent,
1461 1575 1555 1642 qui
1613 1572 1716 1626 hoc
1763 1587 1860 1642 pro
1903 1582 1954 1625 te
1997 1572 2327 1642 deprecatur

745 1669 992 1723 assidue.
1045 1687 1063 1719 ι
1096 1666 1160 1721 Ει
1196 1682 1319 1721 cum
1356 1668 1592 1720 dicerent
1631 1666 1911 1720 conlidere
1948 1681 2034 1721 me
2071 1666 2325 1737 precibus

747 1772 861 1814 tum
904 1762 1097 1829 hujus,
1140 1768 1258 1813 tum
1299 1761 1534 1812 aliorum
1584 1767 1904 1832 sanctorum
1949 1763 2323 1828 apostolorum

2420 565 2769 628 ἐσπούδαζον.
2808 566 3027 635 Ἐπειδὴ
3048 565 3106 619 δέ
3138 568 3219 631 είς
3244 568 3339 638 τὴν
3381 569 3491 624 τῶν
3531 570 3690 625 θείων
3718 573 4005 627 ἀποκαλύο

2418 655 2565 725 ψεων
2617 656 2868 727 εἰσῆλθεν
2893 658 2927 711 ό
2944 658 3099 727 λόγος
3146 660 3420 731 διήγησιν,
3475 665 3608 735 φέρε
3636 663 3671 718 ἃ
3712 666 3864 737 παρά
3902 663 4009 736 τῆς

2422 748 2684 817 ἀψευδοῦς
2741 740 2957 821 ἐκείνης
3032 752 3250 822 ἀκήκοα
3324 748 3662 827 διηγήσομαι
3703 757 4005 829 γλώσσης.

2423 841 2729 911 Διηγήσατο
2754 841 2808 893 δὲ
2830 843 2891 894 οὐ
2916 841 3390 914 φιλοτιμούμενος,
3416 847 3603 917 πόρρω
3632 847 3740 920 γὰρ
3766 850 3859 901 καὶ
3885 848 4005 900 τούο

2422 949 2516 985 του
2547 932 2640 984 τοῦ
2677 932 2882 995 πάθους
2908 935 2941 1003 ἡ
2964 932 3084 986 Θεία
3114 933 3259 1004 ψυχὴ
3280 975 3295 997 ,
3322 934 3461 989 ἀλλά
3487 953 3631 1000 τινος
3660 937 3849 1007 χρείας
3881 936 4008 1007 βια-

2426 1042 2491 1077 σα
2502 1025 2670 1094 μένης
2696 1026 2868 1077 εἰπεῖν
2888 1025 2925 1078 ἀ
2945 1026 3206 1096 κρύπτειν
3228 1027 3507 1095 ἠϐούλετο.
3543 1029 3806 1083 Ἰκέτευον
3834 1031 4005 1084 αὐτὸν

2424 1116 2770 1185 ἀντιϐολῆσαι
2796 1116 2887 1169 τὸν
2916 1117 3024 1169 τῶν
3054 1117 3190 1171 ὅλων
3228 1117 3383 1181 Θεὸν,
3433 1119 3674 1189 καθαρόν
3728 1138 3820 1190 μοι
3847 1119 4007 1185 ζιζα-

2425 1207 2552 1259 νίων
2580 1207 2853 1276 ἀποφῆναι
2885 1207 2946 1259 τδ
2973 1196 3144 1278 λήϊον,
3167 1209 3260 1261 καὶ
3278 1208 3386 1261 τῶν
3427 1210 4009 1281 αἱρετικῶν,’σπερμά-

2424 1315 2532 1352 των
2574 1299 2809 1368 πάμπαν
2849 1300 3233 1371 ἐλευθερῶσαι.
3280 1301 3437 1355 Ἦνία
3488 1302 3597 1373 γάρ
3637 1320 3702 1372 με
3734 1290 3950 1373 κομιδῇ
3974 1304 4007 1372 ἡ

2424 1389 2519 1444 τοῦ
2551 1390 2807 1462 βδελυροῦ
2846 1393 3166 1463 Μαρκίωνος
3188 1394 3279 1446 ἐπὶ
3314 1375 3566 1448 πλεῖστον
3585 1394 4003 1466 διακρατήσασει

2427 1482 2621 1552 πλάνη.
2666 1484 2808 1553 Ἔφη
2882 1484 3058 1537 τοίνυν
3122 1484 3559 1555 λιπαρούμενος·
3604 1505 3623 1536 ι
3655 1484 3782 1538 οὖτ⁹
3830 1485 4010 1555 ἐμοῦ,

2426 1575 2548 1629 οὔτε
2574 1575 2735 1630 ἄλλου
2778 1577 2859 1629 δεῖ
2889 1593 2968 1629 σοι
3020 1576 3158 1647 πρὸς
3204 1577 3365 1631 αὑτὸν
3425 1576 3784 1649 πρεσϐευτοῦ.
3820 1579 4015 1647 Ἔχεις

2427 1668 2536 1739 γὰρ
2576 1669 2829 1737 Ἰωάννην
2872 1669 2962 1722 τὸν
3019 1670 3182 1733 πάνυ’,
3219 1670 3317 1739 τὴν
3343 1671 3435 1723 τοῦ
3459 1672 3632 1739 Λόγου
3671 1672 3879 1741 φωνὴν,
3910 1671 4011 1722 τοῦ

2428 1761 2699 1813 Δεσπότου
2728 1760 2820 1812 τὸν
2848 1759 3177 1831 πρόδρομον,
3207 1762 3413 1832 ταύτην
3454 1763 3594 1831 ὑπὲρ
3620 1761 3714 1814 σοῦ
3754 1761 3855 1830 τὴν
3894 1763 4013 1815 ίκεξ

744 1859 799 1904 ct
825 1850 1235 1920 prophetarum,
1259 1865 1499 1919 quorum
1530 1864 1701 1917 nuper
1725 1848 1885 1902 nobis
1906 1850 2087 1902 allatae
2108 1848 2326 1902 fuerant

2428 1849 2575 1903 τείαν
2604 1849 2694 1903 διὰ
2719 1849 2918 1913 παντὸς
2982 1851 3443 1921 προσκομίξοντα.
3469 1870 3486 1902 ι
3536 1852 3699 1922 Ἐμοῦ
3726 1852 3783 1904 δὲ
3813 1852 4011 1918 λέγον-

750 1942 1029 2011 reliquizc:
1068 1960 1087 1992 ι
1128 1940 1329 2005 Crede,
1380 1942 1493 2000 ait,
1545 1949 1596 1992 te
1638 1936 1905 1991 Joannem
1968 1938 2173 1992 habere
2222 1936 2329 1991 Ba-

746 2033 988 2103 ptistatn.
1035 2050 1052 2082 ›
1077 2030 1187 2101 Ego
1221 2044 1346 2083 vero
1376 2044 1442 2083 ne
1470 2029 1551 2082 sic
1583 2026 1800 2097 quidem
1833 2027 2031 2082 adduci
2067 2028 2244 2098 potuit
2273 2035 2333 2081 ut

746 2126 965 2180 silerem
993 2164 1008 2188 ,
1048 2124 1143 2179 sed
1179 2131 1332 2177 tanto
1368 2122 1543 2193 magis
1584 2120 1757 2175 institi
1793 2136 2047 2190 qnzerens
2090 2130 2144 2175 et
2187 2120 2332 2175 scire

747 2232 938 2280 avens,
976 2232 1077 2271 cur
1112 2215 1277 2285 hujus
1323 2215 1508 2284 potius
1549 2213 1754 2268 faceret
1793 2214 2145 2267 mentionem.
2186 2211 2325 2267 Tum

747 2309 837 2362 ille
879 2326 892 2362 :
951 2325 969 2357 ι
1020 2304 1259 2367 Vellem,
1309 2307 1419 2368 ait,
1452 2305 1706 2374 amplecti
1738 2304 2000 2365 amabiles
2036 2303 2156 2373 ejus
2196 2303 2325 2357 reli-

745 2403 928 2474 quias.
978 2420 997 2455 ι
1051 2400 1266 2454 Etcum
1293 2398 1579 2463 dixissem,
1614 2417 1632 2449 ι
1674 2395 1790 2451 Νοιι
1817 2395 2036 2450 aﬂ‘eratn
2072 2412 2189 2462 eas,
2225 2396 2331 2453 nisi

746 2495 1029 2565 pollicitus
1063 2492 1231 2547 fueris
1275 2498 1327 2546 te
1366 2489 1642 2545 dicturum
1697 2503 1820 2558 qua:
1854 2488 2063 2553 vidisti,
2093 2508 2113 2540 ι
2173 2490 2333 2559 polli-

746 2590 891 2641 citus
918 2594 1003 2641 est
1041 2586 1179 2654 ipse,
1221 2590 1278 2638 et
1320 2597 1422 2652 ego
1454 2592 1672 2652 postera
1707 2581 1797 2635 die
1837 2581 1993 2634 attuli
2032 2596 2153 2651 qua:
2180 2592 2336 2652 opta-

750 2681 844 2735 bat
879 2720 895 2743 ,
931 2678 1300 2747 omnibusque
1330 2674 1521 2745 procul
1560 2673 1818 2728 secedere
1842 2672 2035 2743 jussis,
2076 2672 2209 2727 mihi
2241 2672 2335 2726 uni

753 2772 869 2825 haec
899 2768 1145 2823 narravit
1181 2787 1193 2821 :

2426 1958 2537 2003 τος,
2573 1940 2649 2002 ὡς
2676 1941 2772 1993 καλ⁸
2815 1943 2936 2002 ταῖς
2986 1936 3179 1994 τούτου
3232 1941 3480 1995 πιστεύω
3534 1943 3897 2013 προσευχαῖςτ
3914 1943 4015 1993 καὶ

2432 2034 2556 2094 ταῖς
2586 2030 2696 2084 τῶν
2719 2030 2892 2085 ἀλλων
2941 2032 3112 2099 ἁγίων
3140 2032 3455 2085 ἀποστόλων
3481 2034 3575 2086 καὶ
3600 2032 3916 2103 προφητιῖν,
3939 2025 4018 2085 ὗν

2426 2123 2653 2193 ἔναγχος
2680 2126 2809 2194 ἡμῖν
2833 2123 2900 2176 τά
2929 2122 3157 2192 λείψανα
3206 2114 3570 2195 ἐκεκόμιστο,¹
3591 2145 3609 2175 ι
3628 2124 3855 2197 Θάρρει,
3881 2124 4011 2193 ἔφη,

2430 2216 2503 2280 ὼς
2538 2216 2791 2286 Ἰωάννην
2841 2216 2985 2287 ἔχεις
3039 2217 3131 2269 τὸν
3202 2217 3535 2287 Βαπτιστήν.
3587 2236 3605 2267 ι
3680 2215 3818 2269 Ἀλλ’
3886 2216 4014 2269 οὐδὲ

2432 2306 2576 2361 οὕτω
2624 2309 2782 2379 σιγὴν
2825 2310 2971 2378 ἔχειν
3031 2309 3332 2380 ἠνειχόμην
3363 2327 3377 2341 ·
3429 2309 3686 2380 nonas:
3714 2309 3877 2364 πλέον
3917 2311 4016 2361 ἐπ-

2434 2401 2661 2472 εκείμην
2696 2401 3118 2472 πυνθανόμενος,
3147 2404 3241 2455 καὶ
3300 2403 3492 2473 μαθεῖν
3525 2404 3833 2473 ἐφιέμενος,
3866 2402 3920 2453 τί
3947 2400 4017 2471 δὴ

2435 2493 2624 2546 τούτου
2686 2493 2884 2565 μᾶλλον
2926 2493 3193 2565 ἐμνήσθη.
3225 2494 3282 2547 Ὀ
3327 2494 3420 2547 δέ’
3485 2514 3503 2545 ι
3534 2492 4009 2565 Περιπτύξασθαι,

2436 2584 2538 2655 ἔφη
2582 2627 2596 2651 ,
2658 2586 2960 2657 ἐϐουλόμην
3019 2586 3185 2640 αὐτοῦ
3243 2587 3313 2639 τά
3360 2587 3637 2656 ἐπέραστα
3691 2585 3945 2654 λείψανα.
3993 2603 4012 2634 ι

2450 2674 2668 2747 Ἐπειδὴ
2686 2675 2743 2729 δὲ
2779 2676 2998 2746 ἐλεγον’
3035 2695 3054 2728 ι
3083 2679 3199 2730 Οὐκ
3246 2678 3379 2730 οἴσω
3447 2676 3641 2738 ταῦτα,
3673 2678 3723 2729 εἰ
3758 2677 3834 2746 μὴ
3866 2677 4019 2746 ἐρεῖν

2438 2768 2733 2838 ὑπόσχοιτο
2760 2769 2794 2823 ἃ
2816 2771 3153 2841 θεασάμενος
3187 2770 3295 2840 εἴη,
3335 2790 3352 2821 ι
3384 2770 3544 2833 αὐτὸς
3576 2770 3674 2839 μὲν
3714 2770 4014 2838 ὑπέσχετο⁹

750 2861 860 2932 ἐγὼ
882 2862 939 2916 δὲ
958 2867 1025 2933 τῇ
1051 2859 1311 2931 ὑστεραίᾳ
1336 2857 1566 2928 ἐκόμισα
1592 2855 1661 2909 τὰ
1695 2855 2028 2926 ποθούμενα,
2066 2855 2163 2909 καὶ
2192 2856 2399 2921 πάντας
2430 2860 2619 2931 πόρρω
2674 2863 2939 2927 κελεύσας
2992 2863 3273 2931 γενέσθαι,
3313 2864 3441 2934 ἐμοὶ⁸
3497 2859 3643 2934 μόνὶρ
3706 2863 4014 2933 διηγήσατο

749 2970 952 3008 ταυτα.

822 3045 1078 3113 Quando,
1102 3045 1304 3115 inquit,
1340 3042 1442 3098 hos
1480 3042 1635 3096 urbis
1679 3038 1940 3096 custodes
1978 3056 2008 3096 e
2039 3040 2325 3095 Phoenicia

2514 3045 2727 3111 Ἢνίκα,
2774 3043 2900 3115 ἔφη,
2961 3044 3089 3107 τοὺς
3136 3042 3457 3113 πολιούχους
3508 3042 3733 3102 τούτους
3764 3040 3875 3093 ἀπὸ
3918 3041 4023 3110 τῆς

750 3150 803 3195 et
834 3139 1124 3193 Palaestina
1148 3137 1429 3191 venientes
1457 3133 1672 3206 1246
1694 3149 1818 3187 cum
1844 3133 2103 3188 Davidica
2128 3133 2329 3187 chorea

2433 3137 2687 3208 Φοινίκης
2733 3139 2829 3190 καὶ
2877 3138 2973 3207 τῆς
3028 3136 3392 3205 Παλαιστίνης
3434 3132 3827 3204 ἀφικομένους,
3878 3137 4021 3201 μετά

751 3228 1039 3297 excepisti,
1083 3227 1253 3281 subiit
1291 3227 1537 3279 animum
1572 3225 1837 3295 cogitatio
1892 3224 2162 3294 quadam,
2201 3240 2333 3279 num

755 3335 883 3373 vere
913 3318 1112 3372 sumini
1146 3314 1374 3370 Joannis
1417 3325 1603 3371 essent
1628 3315 1711 3369 hie
1743 3316 2009 3384 reliquiae,
2044 3331 2153 3370 non
2186 3331 2334 3372 mar-

756 3412 896 3482 tyris
929 3399 1182 3474 alterius,
1225 3408 1465 3463 nominis
1507 3406 1777 3476 eiusdem.
1827 3407 1956 3462 Post
2000 3424 2167 3462 unum
2205 3423 2337 3473 ergo

755 3504 900 3557 diem
954 3518 1077 3555 cunt
1127 3484 1194 3553 ad
1235 3501 1468 3571 hymnos
1510 3498 1888 3554 decantandos
1946 3502 2333 3566 surrexissent,

757 3595 912 3649 visus
942 3604 1026 3647 est
1057 3593 1188 3645 mihi
1218 3593 1439 3662 quidam
1476 3593 1599 3646 alba
1620 3604 1770 3646 veste
1798 3592 2023 3645 indutus
2064 3595 2146 3645 sic
2170 3591 2337 3653 altari

765 3701 851 3740 me
883 3704 903 3738 ι
944 3703 963 3735 ι
1013 3683 1128 3747 Dic,
1155 3682 1355 3737 Jacobe
1390 3686 1584 3745 frater,
1608 3698 1706 3736 cur
1729 3681 2153 3736 adventantibus
2178 3680 2337 3735 nobis

764 3779 985 3832 obviam
1019 3793 1126 3830 non
1160 3764 1392 3831 venisti?
1435 3796 1455 3828 ι
1504 3776 1569 3829 Et
1617 3792 1743 3831 cum
1779 3790 2029 3845 rogarem
2063 3776 2288 3845 quinam
2324 3778 2338 3796 '

760 3883 968 3950 essent,
1002 3870 1338 3939 respondens
1376 3870 1556 3923 dixit:
1594 3887 1613 3920 ι
1652 3868 1756 3935 Qui
1790 3884 1820 3924 e
1847 3868 2131 3924 Phoenicia
2159 3869 2210 3921 et
2241 3865 2342 3919 Pa-

764 3967 824 4020 la:
844 3967 973 4017 cina
1011 3978 1184 4032 nuper
1210 3964 1478 4018 venimus.
1505 3962 1639 4016 Nam
1665 3977 1789 4017 cum
1829 3962 1996 4016 alacri
2026 3961 2209 4015 animo
2240 3976 2341 4015 nos

765 4073 955 4111 omnes
992 4057 1331 4124 exceperint,
1371 4065 1425 4109 et
1465 4062 1677 4125 pastor,
1710 4062 1765 4109 et
1806 4055 2073 4124 populus,
2098 4062 2153 4107 et
2189 4053 2342 4107 urbis

766 4150 979 4211 incola),
1010 4158 1062 4202 et
1103 4147 1321 4212 rustici,
1360 4155 1412 4199 tu
1452 4150 1606 4201 solus
1645 4148 1874 4203 honoris
1910 4148 2187 4215 particeps
2231 4160 2341 4199 non

767 4243 939 4299 luisti.
974 4262 990 4292 ι
1023 4242 1292 4295 lnnuebat
1317 4248 1498 4293 autem
1529 4239 1678 4292 illam
1707 4254 1882 4294 meam
1917 4239 2342 4301 haesitationem.

764 4335 845 4388 Ad
883 4337 996 4387 haec
1032 4334 1197 4402 igitur
1230 4331 1439 4385 dixisse
1480 4346 1537 4384 se
1574 4331 1736 4395 dixit,
1778 4349 1795 4381 ι
1838 4330 1903 4384 Ει
1939 4332 2113 4396 vobis,
2142 4339 2198 4385 et
2226 4346 2345 4385 om-

766 4426 930 4480 nibus
962 4425 1084 4478 aliis
1103 4423 1425 4477 absentibus
1455 4423 1620 4476 Deum
1651 4423 1837 4476 adoro.
1879 4442 1897 4475 ι
1927 4422 2138 4479 Rursus
2159 4432 2340 4478 autem

2436 3231 2537 3301 τῆς
2563 3228 2854 3298 Δαυιτικῆς
2916 3228 3158 3292 ὑπεδέξω
3201 3228 3425 3297 χορείας
3477 3225 3656 3295 ἔννοιά
3682 3224 3771 3294 μοί
3803 3242 3890 3286 τις
3924 3225 4021 3291 τέ-

2436 3340 2613 3392 γονεν,
2651 3324 2699 3375 εί
2734 3321 2812 3392 τῷ
2848 3322 2959 3374 ὄντι
2982 3320 3155 3374 ταῦτα
3206 3320 3453 3373 Ἰωάννου
3469 3317 3563 3371 τοῦ
3595 3318 3737 3370 πάνυ
3784 3317 4023 3388 λείψανα

2438 3416 2532 3468 καὶ
2561 3416 2633 3484 μὴ
2659 3414 2818 3467 ἄλλου
2852 3412 2945 3466 τοῦ
2976 3414 3252 3482 μάρτυρος
3303 3410 3622 3481 ὁμωνύμου.
3656 3411 3835 3471 ,Μετὰ
3891 3412 4023 3480 μίαν

2437 3508 2617 3559 τοίνυν
2649 3506 2882 3577 ἡμέραν,
2915 3503 3024 3572 ἐγὼ
3048 3505 3145 3574 μὲν
3184 3504 3277 3557 ἐπὶ
3311 3504 3410 3573 τὴν
3457 3501 3733 3573 ὑμνῳδίαν
3782 3503 4021 3570 ἀνέστην

2439 3596 2686 3668 νύκτωρ·
2722 3597 2833 3666 ὁρῶ
2862 3596 2919 3649 δέ
2938 3614 3055 3649 τινα
3084 3594 3555 3666 λευχειμονοῦντα,
3579 3595 3694 3660 καὶ,
3743 3614 3760 3646 ι
3794 3594 4019 3661 ’Δδελφὲ

2453 3690 2700 3754 Ἰάκωϐε,
2720 3690 2984 3765 λέγοντα,
3015 3688 3154 3751 εἰπὲ,
3182 3688 3232 3740 τί
3257 3688 3458 3757 δήποτε
3484 3688 3839 3757 ἀφικομένοις
3884 3689 4021 3754 ἡμῖν

2440 3783 2538 3852 οὐχ
2590 3783 2979 3853 ύπήντησαςςι
3029 3779 3194 3850 ἐἰμοῦ
3241 3779 3297 3833 δὲ
3349 3780 3632 3851 ἐρομένου,
3680 3780 3828 3841 τίνες
3884 3788 4019 3831 ποτε

2441 3869 2589 3935 εἷεν,
2639 3875 2971 3945 ἀπεκρίνατο
3019 3872 3229 3941 λέγων·
3297 3890 3314 3922 ι
3348 3873 3413 3926 Ol
3469 3873 3577 3925 ἀπὸ
3619 3872 3871 3939 Φοινίκης
3926 3873 4021 3923 καὶ

2443 3967 2806 4037 Παλαιστίνης
2829 3970 2895 4039 τῇ
2935 3968 3237 4038 προτεραίᾳ
3261 3965 3615 4037 ἐληλυθότες·
3654 3966 3744 4016 καὶ
3797 3964 4021 4016 πάντων

2442 4060 2591 4130 ἡμᾶς
2634 4058 3054 4125 ὑποδεξαμένων
3108 4039 3550 4128 προθύμωςίκαὶ
3583 4056 3675 4109 τοῦ
3733 4054 4016 4125 ποιμένος,

2444 4150 2537 4204 καὶ
2561 4150 2653 4203 τοῦ
2680 4150 2834 4213 λαοῦ,
2876 4151 2971 4203 καὶ
3005 4148 3206 4213 ἀστῶν,
3238 4148 3332 4201 καὶ
3372 4146 3696 4217 χωρητικῶν
3725 4188 3739 4209 ,
3764 4146 4021 4211 σὺ-μόνος

2444 4242 2542 4294 οὑκ
2562 4240 2936 4310 ἐκοινώνησας
2953 4242 3049 4308 τῆς
3066 4240 3253 4309 τιμῆς.
3286 4258 3303 4290 ι
3358 4236 3631 4309 ᾙνίττετο
3650 4237 3705 4289 δὲ
3744 4236 3844 4306 τὴν
3868 4252 4023 4302 γενο-

2448 4337 2614 4405 μένην
2634 4332 2980 4403 ἀμφιϐολίαν.
3006 4334 3192 4385 Είπείν
3212 4331 3388 4383 τοίνυν
3407 4331 3512 4399 ἔφη
3539 4330 3674 4397 πρὸς
3699 4327 3873 4381 ταῦτα
3892 4368 3908 4391 ,
3940 4328 4024 4379 ὅτι

2452 4446 2471 4477 ι
2503 4428 2611 4479 Καὶ
2643 4426 2891 4479 ἀπόντων
2936 4425 3093 4493 ὑμῶν
3126 4441 3187 4477 τε
3228 4424 3323 4476 καὶ
3376 4422 3486 4475 τῶν
3531 4421 3705 4475 ἄλλων
3759 4420 4026 4474 ἁπάντων

765 4516 857 4569 die
886 4515 1139 4585 sequenti
1190 4514 1331 4566 idem
1373 4515 1491 4581 ipse
1530 4515 1631 4568 sub
1672 4514 1919 4568 eamdem
1947 4516 2136 4569 horam
2178 4531 2330 4585 appar

2451 4518 2738 4591 προσκυνῶ
2766 4518 2842 4587 τῷ
2867 4517 3005 4588 Θεῷ.
3036 4536 3054 4566 ι
3098 4515 3265 4569 Πάλιν
3298 4514 3354 4567 δέ
3380 4517 3447 4586 τῇ
3480 4514 3745 4585 ὑστεραία
3772 4513 3913 4565 κατά
3932 4512 4027 4563 τὸν

760 4624 896 4663 rens
922 4625 935 4661 :
975 4625 991 4657 ι
1029 4605 1253 4668 Jacobc,
1284 4606 1381 4667 ait,
1412 4604 1600 4669 frater,
1628 4604 1752 4660 vide
1778 4607 1952 4671 illum,
1979 4606 2140 4674 cujus
2176 4609 2344 4660 vestis

766 4701 908 4754 nivis
934 4700 1228 4761 candorem
1258 4698 1444 4762 refert,
1472 4705 1698 4766 propter
1721 4698 1998 4751 clibanum
2028 4699 2171 4767 ignis
2195 4708 2343 4751 stan-

769 4803 898 4847 ιθιιι.
942 4811 960 4843 ι
999 4793 1062 4844 ΕΙ.
1083 4806 1205 4845 Clllll
1233 4791 1423 4844 OClthS
1448 4807 1513 4844 eo
1536 4791 1960 4850 convertissem,
1987 4804 2051 4843 ac.
2074 4788 2341 4842 Joannem

768 4884 1065 4954 Baptistam
1098 4898 1223 4937 esse.
1253 4883 1585 4951 conjicerem
1616 4882 1764 4951 (nam
1800 4891 1855 4936 et
1887 4883 2087 4936 vestitu
2118 4892 2236 4937 erat
2268 4883 2346 4936 in-

768 4978 953 5042 dutus,
996 4983 1050 5029 et
1102 4990 1325 5029 manum
1369 4976 1701 5030 extendebat
1756 4982 1815 5028 ut
1861 4975 2194 5045 baptizans),
2234 4993 2251 5025 ι
2297 4975 2346 5030 Is

769 5080 873 5133 est,
897 5068 1097 5136 inquit,
1119 5082 1282 5136 quem
1307 5067 1589 5134 conjecisti
1616 5108 1631 5132 ,
1659 5086 1677 5116 ι
1716 5066 1846 5134 quin
1868 5073 1920 5120 ct
1944 5068 2081 5119 alias
2114 5084 2127 5119 :
2169 5085 2185 5116 ι
2207 5066 2343 5120 Cum

772 5160 839 5214 ad
872 5161 1106 5229 primum
1140 5161 1316 5213 vicum
1355 5168 1518 5212 noctu
1559 5159 1623 5211 ad
1671 5157 2019 5226 eastigandos
2052 5158 2345 5212 seditiosos

771 5251 974 5315 abires,
999 5249 1214 5320 Deoque
1234 5250 1561 5304 intentiores
1582 5262 1774 5327 preces
1792 5245 1973 5301 oﬂerri
1998 5249 2343 5314 mandasses,

772 5352 939 5396 totam
971 5352 1185 5396 tmetem
1226 5342 1516 5397 Dominum
1548 5342 1762 5396 orando
1788 5344 2049 5409 transegi.
2080 5360 2098 5391 ι
2143 5340 2347 5396 Deinde

771 5450 960 5490 vocem
989 5434 1171 5488 audivi
1202 5434 1507 5488 dicentem:
1536 5454 1552 5486 ι
1583 5434 1659 5488 Ne
1689 5436 1905 5497 timeas,
1942 5432 2145 5498 Jacobe
2173 5451 2186 5485 :
2222 5448 2343 5485 nant

773 5542 1003 5597 magnus
1043 5525 1287 5582 Joannes
1338 5526 1583 5598 Baptista
1646 5536 1761 5580 tota
1814 5537 1973 5581 nocte
2010 5535 2131 5579 orat
2178 5525 2345 5578 Deum

774 5620 1155 5674 universorum
1186 5638 1199 5674 :
1228 5627 1283 5674 et
1311 5635 1506 5690 magna
1548 5633 1773 5690 prorsus
1794 5619 1937 5672 facta
1968 5619 2146 5672 CtEdt'S
2175 5628 2343 5682 esset,

772 5708 885 5764 nisi
910 5710 1031 5778 ejus
1060 5712 1369 5766 interventu
1412 5725 1665 5780 repressa
1696 5710 1893 5765 fuisset
1928 5709 2131 5763 diaboli
2173 5711 2345 5763 auda—

772 5798 879 5857 cia.
923 5817 941 5851 ι
989 5799 1109 5855 "re
1144 5802 1230 5856 ille
1276 5804 1404 5857 inihi
1459 5817 1583 5856 cum
1635 5810 1934 5867 narrasset,
1985 5803 2234 5872 praecepit
2293 5814 2346 5856 ut

2450 4612 2613 4665 αὑτὸν
2638 4610 2849 4680 καιρὸν,
2882 4608 3042 4671 αὐτὸς
3073 4609 3276 4669 ἐκεῖνος
3301 4606 3586 4675 ἐπιφανείς
3611 4622 3626 4635 ·
3658 4627 3675 4656 ι
3705 4603 3871 4673 Ὅρα,
3895 4603 4023 4671 ἔφη,

2450 4704 2644 4772 ἁδελφέ
2687 4699 2930 4763 Ἰάκωϐε,
2964 4699 3053 4753 τὸν
3082 4698 3289 4751 ἐκεῖθεν
3317 4697 3549 4760 ἐστῶτα,
3571 4689 3632 4749 οὗ
3659 4697 3692 4764 ή
3724 4694 3825 4765 μὲν
3860 4692 4027 4761 ἐσθὴς

2450 4796 2587 4864 χιόνι
2623 4792 2764 4845 κατὰ
2809 4790 2906 4860 τὴν
2942 4792 3131 4859 χροιὰν
3173 4788 3522 4854 ἀπείκασται,
3559 4787 3807 4848 κλίϐανος
3833 4785 3893 4838 δὲ
3926 4785 4026 4838 αύ-

2450 4888 2543 4941 τοῦ
2577 4886 2747 4956 πυρὸς
2797 4884 3103 4954 πρόκειται.
3130 4902 3146 4933 ι
3198 4881 3361 4950 Ἑμοῦ
3393 4881 3449 4933 δὲ
3495 4881 3593 4942 τὰς
3652 4879 3802 4948 ὄψεις
3843 4880 4025 4931 ἐκεῖσε

2456 4977 2799 5049 μεταθέντος,
2833 4973 3047 5027 καὶτὸν
3097 4973 3403 5043 Βαπτιστὴν
3444 4970 3695 5040 Ἰωάννην
3747 4970 4025 5023 ὑποτοπά-

2455 5084 2664 5130 σαντος,
2696 5068 2790 5119 καὶ
2828 5068 2937 5137 γὰρ
2990 5065 3096 5136 τὴν¹
3140 5065 3333 5136 στολὴν
3392 5063 3769 5136 περιϐέϐλητο,
3793 5061 3889 5114 καὶ
3931 5059 4028 5130 τὴν

2454 5163 2610 5231 χεῖρα
2638 5160 2712 5222 ὼς
2739 5159 3014 5227 βαπτίζων
3065 5158 3343 5228 προέτεινε
3370 5173 3384 5185 ·
3423 5175 3441 5206 ι
3466 5156 3636 5218 Αὐτός
3682 5157 3850 5217 ἔστιν,
3898 5155 4027 5221 ἔφη.

2459 5252 2519 5304 ὃν
2559 5250 2831 5313 ὑπέλαϐες
2875 5246 3046 5303 εἶναι’
3073 5269 3090 5301 ι
3121 5252 3214 5304 καὶ
3262 5249 3448 5302 ἄλλοτε
3481 5247 3569 5301 δὲ-
3602 5266 3620 5298 ι
3654 5246 3867 5305 ἸΙ-θίκα,
3899 5245 4025 5315 ἔφη,

2452 5346 2531 5404 εἰς
2591 5344 2688 5412 τὴν
2726 5340 2951 5412 πρώτην
2990 5339 3204 5409 νύκτωρ
3233 5336 3431 5407 ἀπῄεις
3459 5335 3673 5405 κώμην,
3718 5332 4029 5385 παιδεύσων

2452 5433 2527 5495 ὼς
2558 5430 2905 5493 στασιαστὰς,
2949 5428 3371 5503 σπουδαιοτέραν
3396 5425 3473 5496 τῷ
3497 5425 3615 5494 Θεῷ
3640 5425 4031 5495 προσενεγκεῖν

2454 5526 2617 5594 εὖχὴν
2651 5514 3062 5592 παρεγγυήσας,
3096 5522 3370 5589 ἄγρυπνος
3393 5517 3667 5571 διετέλεσα
3693 5516 3790 5567 τὸν
3821 5516 4029 5565 Δεσπό-

2454 5634 2552 5686 την
2614 5612 2928 5668 ἀντιϐολῶν.
2957 5632 2973 5664 ι
3028 5608 3162 5665 Εἶτα
3217 5611 3400 5680 φωνῆς
3452 5610 3665 5680 ἀκήκοα
3721 5606 4028 5675 λεγούσης·

2461 5727 2478 5759 ι
2505 5707 2686 5777 Μηδὲν
2712 5707 2915 5776 δείσῃς,
2969 5705 3193 5759 Ἰάκωϐε
3230 5720 3243 5732 ·
3274 5706 3302 5748 ὁ
3327 5760 3357 5770 _
3409 5738 3448 5772 ,ι
3500 5690 3671 5771 μέγας
3714 5700 3964 5769 Ἰωάννης
4005 5704 4033 5753 ό

2459 5798 2763 5869 Bst-misti};
2814 5797 3107 5869 παννύχιον
3145 5795 3409 5851 ἀντιϐολεῑ
3439 5794 3526 5849 τὸν
3560 5793 3665 5845 τῶν
3694 5792 3831 5845 ὅλων
3865 5791 4028 5846 θεόν’
