4216 6456
184 349 329 416 1445

1379 355 1792 417 RELIGIOSA
1869 359 2252 420 HISTORIA.

3304 369 3439 462 tuo

181 461 353 525 πολὺς
385 462 494 531 γὰρ
525 462 588 516 ἂν
641 463 883 529 ἐγεγόνει
941 463 1118 530 φόνος,
1153 465 1199 515 εἰ
1251 464 1321 533 μὴ
1384 468 1502 526 ταῖς
1561 466 1755 516 ἐκείνοι

1837 512 1843 526 ,
1875 465 2016 534 apud
2048 483 2134 521 me
2169 484 2464 534 servarem,
2499 486 2596 525 nec
2630 489 2751 527 cum
2797 477 2918 529 aliis
2955 461 3436 537 communicaret".

178 554 504 622 πρεσϐείαις
536 548 764 623 ἐσϐέσθη
800 555 892 606 τοῦ
919 554 1164 608 διαϐόλου
1192 556 1250 608 τὸ
1283 557 1494 625 θράσος.
1530 575 1546 605 ι
1577 555 1762 608 Ταῦτά

180 664 272 713 μοι
303 646 727 715 διηγησάμενος,
780 646 1135 715 παρεγγύησε
1196 649 1358 716 μόνον
1415 630 1633 707 εἰδέναι,
1668 649 1760 700 καὶ

179 738 257 805 μὴ
319 732 508 789 λαϐεῖν
561 739 754 802 ἄλλους
803 739 1145 808 συνίστορας.
1190 741 1328 808 Ἐγὼ
1372 741 1428 794 δὲ
1495 741 1760 810 ὡφελείας

175 827 391 887 ἓνεκεν,
438 828 498 878 οὐ
544 825 725 895 μόνον·
759 816 968 891 πολλοΐς
1020 834 1372 899 προσήνεγκα
1406 831 1467 883 τὸ
1493 832 1756 899 διήγημα.

173 915 315 966 ἀλλὰ
342 918 438 967 καὶ
468 919 757 986 σ·.›γγρα;,ςῇ
793 917 1159 987 παραδίδωμι.
1213 919 1321 971 Καὶ
1364 920 1560 990 Ἰωσὴφ
1587 920 1644 972 δὲ
1670 921 1760 972 τὸν

175 1009 529 1076 πατριάρχην
560 1009 855 1060 θεάσασθαι
891 1011 1015 1079 ἔφη,
1061 1011 1151 1063 καὶ
1177 1011 1275 1080 τὴν
1307 1010 1547 1078 κεφαλὴν
1577 1011 1759 1063 πολιὸν

174 1101 271 1148 καί
301 1099 358 1148 τὸ
394 1100 618 1164 γένειον,
643 1100 734 1152 καὶ
759 1102 816 1153 ἐν
850 1103 996 1171 γήρᾳ
1042 1102 1139 1170 τῆς
1189 1101 1334 1172 ὧρας
1381 1102 1610 1167 ἀφιέντα
1661 1103 1758 1170 τὴν

173 1191 397 1267 αἴῖλην,
421 1189 512 1241 καὶ
544 1191 602 1242 ὲν
629 1190 828 1260 ἀρετῆς
857 1191 1117 1262 ἀκρότητι
1158 1190 1386 1260 ἔσχατον
1415 1192 1601 1243 ἑαυτὴν
1650 1192 1758 1244 τῶν

1867 557 1937 608 At
1966 572 2067 626 ego
2096 560 2348 619 utilitatis
2373 563 2546 631 gratia
2576 565 2784 636 1247
2819 582 2925 620 non
2953 570 3131 622 solum
3165 572 3351 625 multis
3378 589 3440 626 ea

1868 651 2081 702 narravi
2115 651 2209 704 sed
2251 667 2398 707 nunc
2431 656 2593 708 etiam
2628 657 2828 710 litteris
2869 661 3086 713 mando.
3128 659 3235 714 Sed
3267 672 3322 715 et
3352 661 3437 724 ιοτ

1867 738 2095 806 sepliuin
2130 742 2500 808 patriarcliam
2538 747 2714 799 aicbat
2749 761 2806 800 se
2835 749 3054 811 vidisse,
3087 735 3448 822 cano‘capite

1867 829 2029 894 alque
2079 829 2264 895 barba,
2311 841 2365 886 et
2415 834 2465 885 in
2521 837 2677 890 senili
2718 846 2880 891 aetate
2921 838 3110 894 fortnte
3147 843 3464 909 splendore,

1860 917 2188 985 radiantem,
2217 923 2312 992 qui
2346 925 2399 978 in
2433 925 2551 993 ipso
2583 929 2803 983 virtutis
2835 928 3059 1000 fastigio
3100 941 3435 999 postremum

1862 1024 1922 1064 se
1957 1019 2274 1066 sanctorum
2313 1019 2690 1087 nuncupabat.
2731 1039 2746 1069 ι
2785 1021 2916 1074 Nam
2964 1039 3089 1076 cum
3127 1039 3228 1094 ego
3260 1025 3435 1090 illum,

1861 1101 2065 1170 inquit,
2095 1119 2283 1158 eorum
2310 1111 2402 1176 qui
2429 1111 2619 1163 eodem
2665 1111 2717 1164 in
2771 1111 2970 1165 feretro
3003 1125 3163 1168 erant
3198 1116 3436 1185 primum

1863 1193 2133 1261 dicerem,
2167 1198 2281 1267 ipse
2305 1203 2556 1256 ultimum
2595 1219 2653 1257 se
2686 1205 3017 1274 appellabat.
3063 1226 3079 1256 ι

181 1286 354 1352 ἁγίων
381 1285 735 1356 ὀνομάζοντα.
771 1305 788 1336 ι
834 1286 998 1355 Ἐμοῧ
1069 1285 1177 1357 γάρ
1259 1286 1413 1356 φησὶ,
1471 1287 1688 1350 πρῶτον
1751 1286 1998 1354 λένοντος
2051 1291 2309 1364 τῶν-τῆς
2351 1295 2524 1366 θήκης
2575 1299 2721 1368 αὐτῷ
2789 1299 3206 1367 κοινωνούντων,
3278 1303 3436 1366 αὐτὸς

174 1383 370 1433 ἑαυτὸν
392 1382 616 1450 ἔσχατον
645 1381 916 1451 ὠνόμαζε.
947 1400 964 1432 ι

243 1475 557 1542 Διηγήσατο
588 1474 645 1526 δέ
678 1473 777 1542 μοι’
800 1475 896 1526 καὶ
927 1474 1024 1537 τάς
1065 1477 1440 1545 γεγενημένας
1475 1474 1624 1544 αὐτῷ
1653 1476 1756 1528 ὑπὸ

170 1565 279 1614 τῶν
333 1565 613 1633 πονηρῶν,
663 1565 934 1634 δαιμόνων
1018 1566 1366 1628 παντοδαπὰς
1435 1566 1755 1635 προσϐολάς.

175 1674 191 1705 t
233 1655 413 1718 Εὐθὺς
449 1658 546 1726 μὲν
572 1656 703 1726 γάρ,
761 1656 932 1725 ἔλεγε,
989 1659 1190 1728 ταύτης
1230 1675 1319 1728 μοι
1359 1660 1456 1728 τῆς
1487 1658 1759 1720 πολιτείας

169 1745 469 1815 ἀρξαμένῳ
508 1745 713 1816 γυμνὸς
741 1747 951 1818 ἑωρᾶτό
1000 1764 1104 1811 τις,
1151 1745 1404 1807 Αἰθίοπος
1436 1747 1574 1815 ἔχων
1593 1750 1652 1800 τὸ
1681 1744 1759 1800 εἷ-

169 1837 278 1900 δο-ς,
317 1837 431 1907 πῦρ
465 1839 529 1889 ὲκ
587 1838 694 1890 τῶν
748 1838 1042 1907 ὀφθαλμῶν
1092 1838 1290 1905 ἀφιείς.
1341 1837 1480 1905 Ἐγὼ
1508 1839 1562 1891 δὲ
1593 1839 1754 1909 ὀρῶν,

169 1931 321 1992 δέους
351 1949 409 1982 τε
437 1930 836 2000 ἐνεπιμλάμην,
863 1931 953 1983 καὶ
987 1932 1078 1988 είς·
1105 1929 1266 1999 εὐχὴν
1297 1931 1624 1998 ἑτρεπόμην,
1662 1932 1754 1983 καὶ

175 2019 506 2090 μεταλαϐεῖν
546 2021 646 2073 οὐκ
686 2021 977 2089 ᾑνειχὸμην
1008 2020 1105 2088 τῆς
1134 2020 1336 2089 τροφῆς
1362 2035 1374 2048 ·
1407 2022 1523 2072 κατ’
1551 2021 1753 2074 ἐκεῖνον

172 2115 282 2184 γὰρ
303 2114 626 2182 ἐπεφαίνετο
653 2114 738 2165 τὸν
758 2113 965 2184 καιρόν.
987 2112 1070 2174 Ὠς
1101 2112 1153 2164 δὲ
1183 2113 1338 2175 ἑπτὰ,
1371 2114 1460 2164 καὶ
1476 2113 1634 2177 ὀκτὼ,
1662 2115 1754 2168 καὶ

167 2206 304 2257 ἰέκα
330 2205 548 2274 διῆλθον
573 2206 795 2275 ἡμέραι,
823 2205 915 2258 καὶ
941 2204 1139 2267 ἄσιτος
1158 2203 1445 2268 διετέλουν,
1472 2205 1622 2269 τέλος
1654 2208 1750 2275 τῆς

169 2297 415 2365 πονηρᾶς
455 2296 645 2362 ἐφόδου
680 2296 1114 2365 καταφρονήσας,
1164 2295 1470 2364 καθήμενος
1503 2297 1600 2364 τῆς
1634 2313 1754 2365 τρο-

168 2390 276 2456 φῆς
315 2386 741 2456 μετελάμϐανον.
783 2387 838 2439 Ὀ
869 2386 923 2439 δὲ
976 2385 1177 2455 ταύτην
1233 2403 1332 2454 μου
1375 2385 1473 2455 τὴν
1524 2388 1753 2456 μεγαλο-

167 2477 448 2549 epos-Jqu
479 2477 576 2530 οὐκ
604 2477 866 2545 ἐνεγκὼν,
894 2477 1074 2548 ῥάϐδῳ
1105 2478 1287 2532 παίειν
1307 2479 1571 2547 ἠπείλει.»
1614 2480 1754 2549 Ἐγὼ

167 2569 246 2631 δὲ,
275 2569 405 2638 ἔφη,
437 2568 622 2636 ελεγον
645 2586 658 2599 ·
691 2589 708 2621 ι
735 2570 799 2621 El
832 2567 932 2639 μὲν
956 2569 1312 2639 ἐπιτέτραψαι
1347 2571 1496 2641 παρὰ
1525 2571 1617 2624 τοῦ
1644 2573 1751 2624 τῶν

166 2663 307 2714 ὅλων
335 2663 633 2728 Δεσπότου,
665 2665 809 2723 παῖε,
845 2663 939 2715 καὶ⁵
974 2663 1197 2732 δέξομαι
1258 2662 1378 2732 μεθ’
1427 2665 1616 2734 ἡδονῆς
1655 2665 1751 2734 τὴν

166 2754 407 2823 πληγὴν,
443 2753 518 2814 ὼς
583 2753 674 2806 ὑπ’
728 2753 939 2806 ἱκείνου
997 2754 1290 2824 παιόμενος
1315 2770 1327 2783 ⁸
1365 2757 1412 2807 εί
1453 2755 1506 2808 δὲ
1552 2756 1626 2826 μὴ
1652 2758 1752 2809 ὲπο

167 2846 437 2914 ετράπης,
469 2846 528 2898 οὐ
561 2845 800 2909 παίσεις,
827 2844 928 2898 κᾶν
961 2848 1219 2914 μυριάκις
1249 2847 1537 2918 λυττήσῃς.
1570 2867 1588 2900 ι
1614 2847 1749 2901 Τού-

164 2952 274 2987 των
310 2937 550 3000 ἀκούσας
576 2937 936 3008 ἑδριπέτευσε
963 2939 1080 2990 τότε
1103 2953 1115 2966 ·
1152 2939 1286 2992 ἀλλὰ
1324 2940 1486 2992 πάλιν
1512 2941 1750 3010 κρύϐδην

165 3027 390 3080 διετέλει
422 3029 650 3082 λυττῶν.
686 3031 758 3081 Τὸ
792 3031 898 3101 γάρ
924 3032 1005 3094 δίς
1043 3049 1131 3101 μοι
1169 3033 1268 3102 τῆς
1299 3027 1592 3102 ἑϐδομάδος
1620 3035 1750 3087 κάτ-

165 3119 309 3171 ωθεν
339 3119 699 3190 κομιζόμενον
731 3121 894 3191 ὕδωρ,
928 3121 1182 3175 ἀπαντῶν
1222 3122 1296 3190 τῷ
1327 3123 1623 3192 κομίζοντι,
1655 3126 1748 3177 καὶ

165 3212 224 3263 το
248 3213 382 3280 ὲμὺν
412 3207 549 3274 εἶδος
583 3212 938 3282 μιμούμενος,
977 3212 1272 3281 ἐλάμϐανε,
1302 3215 1390 3265 καὶ
1409 3215 1631 3267 ἀπιέναι
1656 3234 1746 3268 κε·
1775 3235 1817 3292 C

165 3303 342 3356 λεὺων
377 3305 580 3359 ἐκεῖνον
611 3303 785 3373 ἐξέχει
807 3305 867 3358 τὸ
894 3308 1060 3374 νᾶμα.
1115 3307 1221 3357 Καὶ
1243 3305 1400 3357 τοῦτο
1436 3308 1494 3358 οὐ
1529 3306 1626 3369 δὶς·
1664 3307 1752 3375 μόο

167 3413 276 3457 νον,
308 3397 443 3449 ἀλλὰ
477 3398 569 3450 καὶ
609 3400 725 3467 τρὶς
783 3399 1034 3467 ποιήσας,
1063 3399 1120 3450 τὸ
1160 3399 1252 3450 τοῦ
1284 3399 1470 3468 δίψους
1530 3416 1617 3468 μοι
1647 3402 1747 3451 ἐπ-

166 3491 496 3557 εστράτευσε
553 3489 743 3551 πάθος.
779 3489 988 3557 Σφόδρα
1024 3490 1078 3541 δὲ
1111 3490 1369 3551 ἀνιαθεὶς,
1419 3491 1632 3559 ἠρόμην
1660 3490 1749 3542 τὸν

165 3583 394 3633 εἰωθότα
447 3582 717 3650 κομίζειν·
758 3601 774 3632 ι
815 3582 878 3632 Τί
948 3583 1010 3650 δή
1083 3599 1210 3634 ποτε
1266 3584 1425 3633 πέντε
1483 3585 1571 3634 καὶ
1619 3583 1749 3635 δέκα

163 3673 490 3725 διελθουσῶν
521 3653 743 3744 ἡμερῶν
775 3673 874 3724 οὐκ
904 3670 1363 3743 ὲκόμισαςῦδωρς
1411 3692 1427 3722 ι
1467 3675 1525 3725 ’0
1559 3674 1613 3726 δὲ
1633 3675 1748 3743 τρὶς

165 3767 319 3833 ἔλεγε
352 3769 444 3817 καὶ
477 3766 735 3836 τετράκις
798 3766 1174 3834 κεκομικέναι,
1239 3765 1331 3817 καί
1379 3783 1445 3834 με
1487 3764 1640 3817 τοῦτο
1659 3766 1745 3818 δε-

164 3858 372 3926 δέχθαι.
411 3874 429 3906 ¢
477 3857 584 3909 Kal.
608 3857 710 3908 ποῦ
751 3857 926 3919 τοῦτο,
989 3857 1145 3925 ἔφην,
1201 3855 1309 3923 ἐγὼ
1356 3857 1500 3924 παρὰ
1528 3855 1617 3907 σοῦ
1651 3857 1746 3923 φέ-

167 3968 354 4020 ροντος
381 3950 680 4020 ὲδεξάμηνς
715 3969 732 3999 ›
777 3951 861 4011 Ὠς
881 3949 935 4001 δὲ
967 3949 1056 4000 τὸν
1086 3948 1247 4000 τόπον
1274 3948 1517 4013 ὑπέδειξε
1545 3966 1558 3980 ο
1590 3969 1606 3998 ι
1630 3950 1745 4002 Κᾶν

169 4043 451 4112 μυριάκις.
481 4042 638 4110 ἔφην,
677 4043 792 4093 ἐκεῖ
829 4058 894 4110 με
937 4040 1106 4109 θεάσῃ
1153 4041 1611 4111 παραγινόμενον,
1672 4040 1745 4110 μὴ

163 4134 269 4204 δῷς
301 4135 359 4186 τὸ
398 4136 636 4201 ἀγγεῖον.
669 4134 772 4194 ἓως
829 4133 906 4195 εἰς
950 4129 1136 4184 τοῦτον
1187 4132 1360 4200 ἀφίκῃ
1390 4131 1477 4183 τον
1504 4131 1686 4183 τόπον.
1722 4151 1739 4180 ι

165 4226 324 4278 Οὕτω
366 4227 459 4277 καὶ
486 4229 688 4293 ταύτην
747 4224 911 4277 αὑτοῦ
965 4224 1062 4292 τὴν
1119 4223 1411 4290 ἐπιϐουλὴν
1464 4222 1741 4286 διαλύσειέ,

165 4313 319 4377 αὖθις
351 4317 538 4385 ἑτέρας
572 4313 856 4384 ἐπειράθη.
885 4315 987 4385 Βοῇ
1019 4314 1126 4385 γάρ
1160 4313 1373 4383 νύκτωρ
1403 4314 1745 4384 χρησάμενος

165 4408 292 4477 ἔφη,
314 4409 394 4460 ὅτι
421 4428 438 4458 ι
469 4409 535 4461 Σὲ
552 4407 820 4478 τοσαύτης
849 4408 1107 4468 δυσωδίας
1131 4407 1413 4477 ἐμπλήσω,
1443 4408 1533 4458 καὶ
1553 4406 1744 4482 τοταύς

163 4510 263 4568 την
299 4498 586 4552 δύσκλειαν
613 4501 1028 4559 κατασκευάσω,
1056 4500 1130 4559 ὡς
1173 4499 1377 4568 μηδένα
1411 4515 1467 4549 σε
1499 4499 1742 4568 μηδαμό-

165 4590 255 4643 θεν
282 4590 577 4643 θεάσασθαι
601 4591 904 4661 ἄνθρωπον.
938 4611 955 4641 ι
993 4588 1132 4656 Ἐγὼ
1158 4590 1233 4652 δὲ,
1270 4590 1393 4657 ἕκτη,
1418 4591 1550 4659 πρὸς
1574 4589 1743 4641 ταῦτα

165 4683 548 4752 ἀπεκρινάμην
572 4726 584 4744 ,
613 4683 693 4734 ὅτι
729 4702 744 4731 ι
770 4684 859 4734 Σοι
883 4683 1044 4752 χάριν
1063 4672 1422 4750 ὁμολογήσω·
1461 4681 1608 4733 ἄκων
1637 4681 1743 4750 γάρ

165 4771 552 4840 εὖεργέτήσεις
606 4771 696 4822 τὺν
739 4771 999 4840 δυσμενῆ,
1036 4772 1196 4822 πλέον
1245 4772 1511 4839 ἐντρυφᾷν
1545 4775 1608 4840 τῇ
1654 4771 1745 4824 τοῦ

163 4861 299 4914 θεοῦ
327 4863 518 4930 μνήμῃ
557 4862 1013 4931 παρασκευάζων.
1081 4861 1284 4929 Σχολῆς
1347 4862 1455 4930 γάρ
1503 4861 1744 4923 πλείονος

162 4950 480 5011 ἀπολαύων,
513 4952 673 5020 ἔργον
713 4954 896 5020 σχήσω
936 4951 1175 5020 διηνεκὲς
1209 4950 1302 5002 τοῦ
1338 4951 1480 5004 θείου
1518 4952 1745 5013 κάλλους

161 5045 259 5110 τὴν
287 5044 612 5108 φαντασίαν.
660 5062 678 5092 ι
719 5043 940 5109 Ὀλίγων
963 5049 1141 5094 τοίνυν
1164 5043 1482 5094 διελθουσῶν
1499 5042 1738 5111 ἡμερῶν,

165 5135 434 5206 μεσούσης
460 5135 674 5204 ἡμέρας
698 5137 795 5204 τὴν
819 5135 1072 5187 εἰωθυῖαν
1097 5135 1435 5204 λειτουργίαν
1459 5135 1738 5198 ἐπιτελῶν,

161 5228 291 5294 δρῶ,
326 5229 452 5296 ἔφη,
512 5227 606 5279 δύο
666 5229 729 5279 ἐκ
778 5228 872 5279 τοῦ
902 5229 1061 5298 ὅρους
1108 5227 1400 5288 κατιούσας
1454 5229 1736 5294 γυναῖκας.

173 5318 313 5387 Ἐγὼ
342 5319 397 5371 δὲ
432 5319 490 5371 τὸ
517 5319 681 5388 ἄηθες
711 5319 1068 5390 δυσχεράνας,
1101 5320 1193 5372 καὶ
1223 5317 1390 5381 λίθοις
1411 5320 1587 5388 βαλεῖν
1620 5321 1738 5372 ὲπι-

159 5410 443 5481 χειρήσας,
505 5412 604 5479 τῆς
649 5411 744 5464 τοῦ
815 5413 1110 5482 ἀλάστορος
1163 5411 1394 5481 ἀπειλῆς
1436 5412 1732 5481 ἐμνήσθην,

161 5500 254 5553 καὶ
276 5501 480 5570 ταύτην
510 5501 782 5555 ὑπέλαϐον
843 5499 984 5557 εἶναι
1039 5504 1138 5573 τὴν
1182 5500 1489 5555 δύσκλειαν.
1529 5503 1736 5570 Ἕφθην

161 5592 339 5644 τοίνυν
367 5589 588 5661 βοήσας,
639 5593 712 5656 ὼς
742 5597 789 5646 εί
823 5595 915 5647 καὶ
962 5597 1069 5658 τοῖς
1125 5593 1293 5663 ὤμοις
1337 5593 1735 5652 ὲπικαθίσαιεν,

161 5684 221 5736 οὐ
251 5681 397 5753 βαλῶ
426 5686 538 5738 τοῖς
570 5683 756 5748 λίθοις,
794 5685 854 5737 οὐ
878 5684 1073 5750 διώξω,
1113 5684 1247 5756 μόνῃ
1282 5685 1336 5736 δὲ
1376 5686 1650 5753 χρήσομαι
1673 5686 1735 5751 τῇ

167 5777 465 5845 προσευχῇ.
490 5772 676 5828 Ταῦτα
697 5777 852 5846 ἔφην,
873 5780 924 5831 αί
949 5777 1002 5829 δὲ
1028 5778 1243 5848 φρουδοι
1269 5777 1357 5836 ἐγέ
1377 5794 1529 5838 mne,
1552 5778 1642 5828 καὶ
1667 5775 1743 5835 τῷ

1926 1473 2178 1527 Narravit
2199 1481 2455 1541 praeterea
2479 1474 2608 1526 mihi
2641 1475 2969 1546 multiplices
3003 1479 3266 1543 insultas,
3293 1495 3436 1549 quos

1858 1580 1886 1617 a
1925 1563 2178 1634 pessimis
2223 1563 2568 1618 daemonibus
2615 1562 2935 1634 pertulerat.
2975 1585 2992 1616 ι
3030 1568 3165 1620 Cum
3196 1568 3432 1638 primum

1859 1655 2026 1715 enim,
2056 1654 2255 1714 aiebat,
2281 1654 2384 1706 hoc
2417 1655 2536 1707 vitae
2554 1671 2726 1724 genus
2753 1671 3046 1726 aggressus
3078 1673 3220 1719 sum,
3255 1659 3434 1712 nudus

1861 1745 2242 1815 ntibiquidam
2283 1745 2563 1814 Atltliiupis
2604 1749 2783 1816 specie
2821 1749 3106 1818 apparuit,
3159 1732 3336 1818 ignem
3368 1765 3432 1804 ex

1861 1835 2038 1890 oculis
2081 1835 2355 1889 cmittens.
2403 1836 2573 1902 Cujus
2621 1849 2842 1905 aspectu
2873 1841 3170 1894 exterritus
3205 1843 3271 1894 ad
3306 1856 3432 1893 ora-

1859 1928 2062 1981 tionem
2113 1942 2198 1980 me
2247 1929 2522 1990 converti,
2567 1936 2620 1981 ct
2661 1930 2839 1982 cibum
2879 1945 3077 1998 capere
3116 1948 3221 1984 non
3258 1933 3429 2001 potui,

1855 2020 1984 2090 quia
2014 2019 2115 2072 sub
2148 2019 2199 2072 id
2224 2027 2439 2088 tempus
2471 2020 2826 2088 spectandum
2847 2037 2904 2080 se
2928 2021 3111 2077 dabat.
3136 2023 3270 2078 Cum
3305 2041 3430 2080 vero

1856 2123 2085 2180 septem,
2119 2118 2267 2176 octo,
2302 2126 2365 2164 ac
2399 2111 2588 2165 decem
2617 2112 2728 2179 jam
2775 2113 2945 2182 elapsi
2986 2115 3104 2168 dies
3139 2125 3341 2183 essent,
3375 2127 3430 2171 et

1849 2201 2076 2272 jejunus
2105 2217 2504 2272 permanerem,
2541 2204 2758 2258 tandem
2813 2207 3006 2259 acerba
3065 2207 3421 2262 infestaticne

1856 2303 2169 2364 contempta
2192 2296 2375 2349 cibum
2407 2295 2607 2350 sedens
2641 2298 2870 2365 sumpsi.
2912 2297 3085 2362 Quam
3133 2301 3222 2354 ille
3257 2301 3424 2355 animi

1855 2390 1960 2445 mei
1996 2389 2365 2444 constantiam
2395 2405 2504 2442 non
2537 2389 2738 2450 ferens.
2773 2393 2787 2409 ‘
2825 2391 2990 2459 virga:
3017 2392 3158 2446 ictus
3194 2392 3430 2446 intenta-

1855 2481 1964 2536 bat.
2002 2501 2018 2533 ι
2066 2481 2210 2551 «Ego
2240 2495 2366 2536 vero
2396 2481 2662 2546 dicebam,
2687 2483 2766 2536 ait
2791 2500 2804 2537 :
2836 2501 2854 2532 ι
2878 2483 3168 2553 Siquidem
3206 2485 3308 2539 hoc
3331 2486 3426 2539 tibi

1853 2575 1921 2628 ab
1946 2575 2327 2629 universorum
2355 2574 2587 2628 Domino
2614 2576 2942 2644 permissum
2968 2585 3076 2638 est,
3105 2564 3354 2648 percute,
3374 2588 3430 2634 ct

1851 2666 2038 2735 plagas
2070 2665 2304 2719 libenter
2336 2672 2597 2733 tanquam
2631 2665 2700 2719 ab
2745 2680 2809 2718 co
2858 2664 3096 2720 inflictas
3134 2669 3426 2737 accipiam.

1853 2756 2006 2820 Quod
2063 2757 2106 2810 si
2158 2757 2489 2826 permissum
2532 2772 2638 2810 non
2695 2757 2792 2821 sit,
2849 2758 3073 2812 minime
3122 2761 3426 2827 percuties,

1852 2847 2051 2901 millies
2075 2849 2325 2916 quamvis
2355 2863 2480 2900 eum
2517 2848 2703 2902 furore
2729 2850 2988 2904 insanias.
3027 2869 3044 2900 ›
3092 2849 3427 2918 Hisauditis,

1853 2938 2126 3008 fugatunc
2143 2955 2200 2994 se
2224 2940 2528 3009 proripuit:
2563 2940 2658 2994 sed
2683 2940 2822 2994 clam
2846 2958 3064 2996 rursum
3103 2942 3284 2999 furere
3315 2960 3424 2998 non

1851 3029 2036 3085 desiit.
2070 3030 2280 3098 Aquam
2310 3033 2480 3094 enim,
2506 3047 2630 3102 qua:
2658 3032 2742 3085 bis
2778 3032 2844 3085 ad
2878 3049 2962 3086 me
2996 3049 3091 3102 per
3123 3034 3424 3088 hebdoma-

1850 3123 1973 3175 dam
1997 3137 2060 3176 εχ
2098 3121 2356 3176 inferiore
2384 3124 2508 3176 loco
2537 3122 2905 3186 ali‘erebatui‘,
2949 3127 2997 3177 ci
3035 3127 3126 3194 qui
3164 3126 3426 3181 afferebat

1851 3227 2166 3274 occurrens,
2189 3213 2512 3280 vultumque
2545 3226 2725 3264 meum
2747 3213 3075 3273 ementicns,
3097 3212 3423 3280 accipiebat.

1852 3314 2024 3368 eoque
2058 3314 2182 3352 mox
2217 3299 2447 3354 dimisso
2475 3307 2642 3353 totam
2671 3299 3178 3366 eﬂundebaI.Quod
3219 3302 3419 3355 iterum

1851 3407 1913 3443 ac
1950 3393 2110 3445 tertio
2141 3407 2264 3444 cum
2311 3393 2550 3453 fecisset,
2595 3393 2774 3444 valida
2817 3408 2904 3447 nae
2933 3394 3022 3446 siti
3064 3395 3418 3462 Oppugnavit.

1853 3483 2115 3552 gravique
2149 3481 2377 3536 affectus
2412 3483 2661 3536 molestia
2690 3523 2702 3542 .
2735 3483 2960 3550 quaesivi
3005 3498 3070 3535 ex
3097 3499 3161 3536 eo
3201 3483 3294 3550 qui
3325 3484 3420 3537 de-

1857 3575 2000 3628 ferre
2025 3583 2422 3634 consueverat:
2455 3593 2471 3623 t
2501 3574 2680 3639 Quare
2710 3590 2804 3643 per
2826 3575 3142 3643 quindecim
3173 3576 3273 3630 lius
3306 3577 3420 3629 dies

1851 3682 2046 3737 aquam
2095 3682 2202 3718 non
2243 3666 2520 3718 attulisti?
2558 3683 2575 3715 ι
2623 3677 2669 3718 et
2709 3680 2832 3718 cum
2871 3666 2961 3718 ille
3005 3681 3061 3719 se
3093 3675 3173 3719 ter
3207 3665 3421 3735 1248

1849 3765 2148 3827 quaterque
2184 3758 2456 3815 attulisse.
2481 3773 2673 3826 meque
2708 3757 3013 3825 accepisse,
3048 3757 3286 3811 diceret:
3324 3758 3420 3811 «Et

1846 3865 1977 3919 quo,
2031 3852 2276 3918 inquam,
2321 3850 2438 3902 loco
2479 3849 2576 3903 abs
2610 3855 2661 3902 te
2703 3847 2915 3901 allatam
2952 3847 3175 3916 accepi?
3215 3866 3233 3899 ι
3261 3862 3418 3900 eum-

1845 3957 1952 4012 que
1976 3946 2154 3996 locum
2183 3940 2516 3996 ostendisset
2552 3959 2563 3972 ·
2613 3960 2630 3992 ι
2660 3940 2852 3994 ΜίιΙίεε
2889 3939 3034 4003 licet,
3069 3939 3205 4003 dixi,
3238 3954 3303 3992 eo
3331 3955 3421 3994 vc-

1847 4038 2086 4088 nientem
2112 4033 2334 4095 videris,
2368 4048 2463 4086 vas
2487 4048 2553 4086 ne
2581 4033 2806 4096 tradito,
2841 4033 3158 4100 priusquam
3182 4032 3248 4089 ad
3274 4035 3418 4087 hunc

1848 4128 2028 4180 locum
2059 4126 2394 4194 perveneris.
2427 4144 2445 4175 ι
2485 4122 2596 4177 Hac
2629 4124 2746 4192 ejus
2769 4139 2986 4192 quoque
3014 4124 3417 4178 machinatione

1846 4220 1927 4272 sic
1959 4231 2174 4281 eversa,
2205 4217 2364 4268 aliam
2409 4230 2602 4269 rursus
2639 4215 2886 4268 tentavit.
2927 4213 3096 4267 Noctu
3133 4216 3276 4268 enim
3321 4231 3417 4267 vo-

1845 4309 2118 4362 ciferans:
2159 4326 2175 4358 ι
2211 4304 2406 4365 Tanto.
2437 4305 2636 4375 inquit,
2668 4305 2835 4358 fetore
2864 4313 2915 4358 te
2948 4305 3206 4372 implebo,
3239 4313 3416 4359 tanta-

1847 4415 1951 4470 que
2005 4413 2289 4468 aspcrgam
2350 4397 2612 4459 infamia,
2668 4409 2724 4449 ut
2776 4398 2968 4450 oculos
3017 4397 3082 4448 ad
3142 4406 3192 4450 te
3258 4412 3418 4450 nemo

1854 4508 2082 4562 usquam
2112 4492 2393 4545 hominum
2422 4491 2663 4559 adjiciat.
2698 4509 2714 4540 ι
2743 4489 2953 4554 Quibus
2992 4489 3064 4541 ita
3101 4504 3159 4541 se
3191 4503 3414 4562 respon-

1777 4569 1819 4622 Ῑ)
1849 4585 1995 4638 disse
2013 4582 2230 4637 dicebat
2254 4602 2264 4633 :
2292 4583 2388 4634 «At
2407 4582 2620 4650 egotibi
2639 4581 2844 4634 habebo
2870 4579 3285 4649 gratiam,quod
3309 4580 3412 4638 in':_-

1845 4677 2050 4728 mieum
2085 4676 2276 4728 nolens
2299 4673 2497 4726 aflicies
2519 4672 2803 4734 beneficio,
2834 4672 2935 4724 hoc
2966 4671 3223 4723 nimirum
3250 4684 3414 4738 agens

1844 4769 1996 4822 utin
2049 4766 2137 4819 Dei
2196 4765 2576 4820 recordatione
2631 4764 2856 4817 uberius
2908 4763 3236 4816 oblectetur.
3285 4761 3415 4815 Plus

1842 4859 1987 4912 enim
2027 4858 2124 4911 otii
2160 4865 2321 4909 nacto
2361 4865 2691 4925 perpetuum
2743 4871 2881 4923 opus
2914 4854 3018 4906 erit
3059 4853 3259 4905 divina:
3292 4853 3409 4920 pul-

1844 4951 2178 5005 chritudinis
2207 4949 2617 5017 contemplatio.
2647 4967 2664 4997 ι
2689 4947 2887 5000 Paucis
2925 4947 3087 5014 igitur
3116 4950 3414 4998 transactis

1844 5043 2057 5106 diebus,
2080 5057 2200 5094 cum
2230 5042 2447 5095 solitam
2486 5039 2761 5108 litnrgiam
2797 5039 3026 5092 meridie
3058 5051 3366 5106 peragerem
3397 5073 3411 5094 ,

1851 5152 1868 5184 ι
1895 5133 2059 5196 Duas,
2096 5133 2293 5202 inquit,
2322 5131 2550 5186 feminas
2587 5131 2652 5184 de
2679 5137 2862 5183 monte
2890 5125 3287 5181 descendentes
3329 5123 3410 5174 vi-

1843 5226 1966 5280 deo.
2003 5245 2020 5277 ι
2045 5227 2244 5279 Etcum
2279 5240 2335 5277 re
2365 5225 2586 5276 insolita
2620 5221 2971 5290 perturbatus
3001 5218 3275 5286 lapidibus
3307 5217 3410 5269 im-

1843 5327 2027 5388 petere
2064 5329 2330 5385 pararem,
2361 5329 2555 5367 venere
2588 5314 2640 5365 in
2677 5321 2909 5365 mentem
2942 5309 3102 5362 ruina?
3130 5308 3406 5365 scelerati,

1837 5421 2001 5478 atque
2017 5410 2154 5460 hanc
2167 5421 2289 5462 esse
2310 5408 2590 5458 infamiam
2613 5407 2756 5458 illam
2776 5403 3008 5470 conjeci.
3026 5401 3203 5468 Quare
3218 5417 3409 5470 magna

1844 5517 1974 5554 voce
1997 5505 2348 5552 antevertens
2381 5498 2522 5558 dixi,
2559 5512 2640 5550 me
2670 5497 2810 5557 illas,
2841 5495 2967 5547 licet
2999 5493 3238 5546 humeris
3276 5492 3410 5544 meis

1843 5593 2167 5653 insiderent,
2202 5606 2300 5644 nec
2335 5589 2605 5659 lapidibus
2640 5590 3034 5658 appetiturum,
3059 5601 3159 5638 nec
3190 5585 3410 5637 insecu-

1843 5693 2049 5751 turum,
2081 5682 2176 5737 sed
2207 5685 2341 5736 solis
2373 5682 2627 5751 precibus
2678 5686 3072 5750 pugnaturum.
3108 5674 3230 5729 llaec
3264 5689 3404 5742 ego:

1845 5778 1945 5830 illrc
1973 5791 2100 5829 vero
2118 5785 2479 5854 evanuerunt,
2505 5782 2696 5829 etcum
2726 5770 2904 5826 verbis
2922 5770 3056 5826 meis
3070 5771 3228 5825 linem
3261 5765 3408 5834 cepit
