4216 6456
767 347 903 413 1447

1730 350 2217 411 TllEODfoRETI
2256 326 2595 414 EPlSCnPI
2624 352 2991 415 CYRENSIS

3893 356 4039 418 1448

761 460 924 514 inane
952 457 1347 515 spectaculum.
1392 456 1520 513 Post
1548 457 1662 513 haec
1691 474 1886 514 rursus
1922 458 1945 514 ἰ
1976 482 1993 510 ι
2020 458 2210 525 Nocte,
2246 476 2328 514 m-

2443 461 2586 532 λόγῳ
2598 461 3001 531 συνεπληροῦτο
3023 461 3120 530 τῆς
3146 460 3271 526 θέας
3313 463 3346 534 ή
3371 463 3655 532 φαντασία.
3681 481 3701 516 ι
3727 463 4040 519 Merit-rat}-

759 550 899 620 quit,
924 566 1048 605 cum
1081 563 1318 619 orarem,
1350 549 1587 603 vehiculi
1613 549 1879 618 strepitus
1904 548 2126 614 auditus
2152 558 2260 613 est,
2281 557 2334 605 et

759 644 968 710 aurigae
994 643 1224 711 clamor.
1253 656 1633 710 equorumque
1657 641 2047 703 hinnientium,
2064 651 2119 696 et
2141 657 2228 696 me
2257 642 2335 697 rei

759 735 975 788 novitas
998 734 1375 787 conturbavit.
1394 733 1715 803 Cogitabam
1736 734 1904 799 enim,
1923 748 2025 786 nec
2046 733 2334 803 president

756 826 810 879 in
854 826 990 880 urbe
1032 833 1165 879 tunc
1212 827 1446 889 versari,
1496 839 1598 877 nec
1647 824 1791 877 viam
1845 840 2109 878 curruum
2142 824 2285 879 hanc
2315 825 2334 845 '

756 933 901 981 esse,
936 934 1038 973 nec
1071 926 1287 988 tempus
1332 916 1599 970 vehiculis
1646 927 2038 985 opportunum.
2074 914 2203 970 llaec
2236 930 2335 969 au-

755 1018 864 1063 tem
908 1018 1199 1080 reputante
1237 1025 1344 1072 me,
1391 992 1615 1062 auditus
1644 1020 1729 1063 est
1765 1008 2037 1062 tumultus
2071 1016 2333 1078 tanquam

757 1102 1253 1171 appropinquantis
1281 1101 1676 1163 multitudinis,
1711 1100 2085 1170 praeibantque
2113 1086 2351 1155 lictores.

756 1189 980 1263 quidam
1009 1194 1335 1252 clamantes.
1360 1192 1671 1253 sibilantes,
1704 1198 1757 1243 et
1789 1191 2007 1246 turbam
2049 1192 2115 1246 de
2157 1189 2336 1245 medio

755 1286 1173 1347 submoventes,
1211 1282 1425 1354 1249
1458 1285 1709 1352 viamque
1748 1284 1987 1353 principi
2024 1282 2332 1353 expeditam

752 1385 1029 1448 parantes.
1058 1375 1156 1431 Ubi
1188 1392 1315 1431 vero
1341 1376 1577 1445 proximi
1608 1392 1729 1431 esse
1752 1376 1881 1429 mihi
1914 1378 2015 1430 visi
2039 1386 2189 1439 sunt,
2218 1374 2343 1429 tum'

755 1487 890 1540 ego:
932 1470 1098 1536 «Quis
1130 1468 1227 1525 es?
1253 1468 1503 1539 inquam,
1531 1476 1583 1521 et
1610 1467 1752 1521 unde
1782 1465 1982 1521 venis?
2015 1475 2108 1521 aut
2133 1482 2240 1536 qua
2269 1467 2336 1524 de

754 1576 922 1615 causa
959 1561 1062 1615 hoc
1084 1570 1329 1630 tempore
1355 1560 1594 1613 venisti?
1614 1574 1905 1628 quousque
1928 1559 2093 1625 ludis,
2119 1559 2335 1623 infelix,

755 1653 1108 1721 divinamque
1133 1652 1450 1720 patientiam
1478 1650 1787 1706 contemnis
1806 1652 1857 1704 ’ίι
1887 1650 2012 1705 Ηίεο
2026 1650 2337 1722 egodixiad

752 1745 1020 1798 orientem
1047 1758 1371 1809 conversus,
1405 1741 1691 1811 Deumque
1715 1741 2042 1812 deprecans.
2070 1741 2167 1797 Ille
2201 1757 2336 1797 vero

2432 569 2504 607 τα
2526 552 2706 607 πάλιν·
2741 572 2759 604 ι
2781 550 3017 626 Νύκτωρ
3048 552 3156 621 ἐγὼ
3185 553 3303 623 μὲν,
3329 553 3457 625 ἔφη,
3481 556 4037 627 προσηυχόμην,ὀχή-

2441 662 2613 715 ματος
2633 644 2690 698 δέ
2710 629 2914 707 κτύπος
2944 644 3189 715 ἐφέρετο,
3221 647 3317 698 καὶ
3335 646 3557 717 ἡνιόχου
3583 646 3700 719 βοὴ,
3724 649 3821 703 καὶ
3842 650 4036 702 ἵππων

2435 738 2864 809 χρεμετιζόντων
2880 754 2893 767 θ
2917 737 3018 808 ἐμὲ
3040 738 3097 790 δέ
3112 736 3205 790 τοῦ
3239 739 3567 809 πράγματος
3595 740 3657 794 τὺ
3687 740 3877 794 καινὸν
3903 740 4034 792 i60-

2439 827 2692 897 ρύϐησεν.
2713 828 2987 881 Ἐνενόουν
3020 827 3129 898 γὰρ
3155 828 3229 891 ὡς
3251 827 3374 881 οὔτε
3409 828 3594 900 ἄρχων
3613 830 3879 902 ἐπεδήμει
3902 832 4027 884 τότε

2434 921 2500 988 τῇ
2532 919 2703 986 πόλει,
2730 918 2853 972 οὔτε
2889 918 3161 989 ὀχήμασιν
3184 920 3217 989 ή
3239 919 3356 983 ὁδὸς
3371 916 3460 990 ἦν,
3490 920 3615 974 οὔτε
3645 927 3674 975 ὀ
3709 924 4032 993 καιρὶςτοῖς

2434 1010 2703 1081 ὀχήμασιν
2720 1011 3040 1081 ἐπιτήδειος.
3078 1012 3241 1083 Ἐμοῦ
3259 1014 3315 1066 δέ
3340 1014 3510 1067 ταῦτα
3543 1015 3916 1086 λογιζομένου,
3940 1016 4028 1068 05-

2441 1101 2601 1173 ρυϐός
2620 1119 2705 1166 τις
2724 1103 2956 1173 πλήθους
2980 1102 3210 1171 ἠκούετο
3233 1105 3695 1175 πρωπελάζοντος
3719 1123 3731 1135 ·
3759 1108 3850 1161 καί
3873 1125 4022 1171 τινες

2437 1192 2605 1247 ἐϐόων
2619 1194 2909 1265 ἡγούμενοι
2926 1186 3266 1266 ῥαϐδοφόροι,
3292 1199 3651 1268 συρίττοντες,
3676 1201 4033 1253 καὶάπελαύ-

2438 1302 2616 1349 νοντες
2639 1286 2703 1339 ἐκ
2722 1287 2815 1339 τοῦ
2838 1287 3002 1356 μέσου
3023 1286 3149 1350 τοὺς
3175 1286 3412 1350 πλείους,
3431 1292 3523 1343 καὶ
3545 1292 3781 1361 εὐτρεπῆ
3805 1291 4032 1345 ποιοῦν-
4130 1298 4133 1299 ⁷

2440 1378 2618 1448 τεςτῷ
2633 1379 2922 1448 ἡγουμένῳ
2937 1378 3034 1449 τὴν
3060 1380 3312 1450 πάροδον.
3334 1380 3419 1439 Ὠς
3433 1382 3492 1434 δέ
3517 1383 3720 1451 σφόδρα
3742 1399 3833 1453 μοι
3859 1384 4034 1435 πελά-

2439 1470 2497 1534 ξε
2507 1487 2554 1522 ιν
2571 1468 2734 1536 ἔδοξε,
2759 1464 2929 1531 εἷπον,
2948 1468 3073 1538 εφη·
3087 1487 3104 1518 ι
3118 1469 3213 1533 Τίς
3232 1465 3281 1522 εἶ
3305 1486 3319 1533 ;
3340 1470 3441 1524 καὶ·
3453 1470 3615 1524 πόθεν
3630 1472 3784 1542 ήκεις
3804 1491 3819 1536 ;
3842 1474 3937 1525 καὶ
3954 1472 4034 1525 τί-

2437 1578 2528 1625 νος
2547 1562 2799 1631 δεόμενος
2822 1561 2962 1615 κατά
2991 1560 3181 1615 τοῦτον
3198 1561 3461 1632 ἐλήλυθας
3485 1563 3578 1617 τὸν
3595 1564 3831 1635 ⁸καιρόνς
3861 1565 4031 1634 μέχρι

2436 1654 2581 1716 τίνος
2615 1656 2856 1719 παίζεις,
2885 1648 2931 1707 ὧ
2954 1654 3286 1724 ταλαίπωρε,
3326 1656 3421 1708 καὶ
3447 1656 3548 1725 τῆς
3565 1648 3713 1720 θείας
3743 1658 4031 1728 μακροθυ-

2441 1744 2567 1816 μίας
2601 1751 2994 1817 καταφρονεῖςς
3021 1768 3040 1801 ι
3077 1749 3248 1804 Τοῦτο
3279 1747 3390 1818 ἐγὼ
3421 1751 3518 1819 μὲν
3543 1751 3727 1820 ἔλεγον
3772 1753 3911 1825 πρὸς
3956 1754 4033 1817 ἕω

753 1839 974 1908 impulit
1023 1837 1265 1913 quidem,
1323 1836 1422 1891 sed
1467 1837 1704 1905 dejicere
1750 1850 1860 1889 non
1905 1836 2103 1905 potuit,
2148 1835 2334 1889 divina

2435 1813 2833 1908 τετραμμένος,
2862 1841 2957 1893 καὶ
2989 1840 3066 1911 τῷ
3092 1840 3213 1911 Θεῷ
3243 1813 3343 1911 τὴν
3379 1813 3656 1895 ἱκετείαν·
3674 1813 4030 1915 προσφέρων.

735 1931 931 1998 ,εποιὶο
974 1929 1307 1993 obsistente,
1345 1928 1648 1996 statimque
1690 1926 1876 1982 omnia
1908 1936 2275 1981 evanuerunt.
2311 1944 2329 1977 ι

754 2023 981 2078 Dicebat
1011 2023 1199 2088 etiam,
1234 2035 1293 2076 se
1322 2021 1628 2075 exitialium
1648 2021 1868 2074 illorum
1896 2021 2172 2075 latronum
2201 2026 2336 2073 tem-

751 2133 908 2188 pore,
934 2117 1027 2185 qui
1070 2116 1138 2170 ab
1166 2115 1373 2170 Isauria
1402 2105 1654 2186 pro-fecti,
1681 2113 1925 2168 Orientis
1949 2114 2066 2167 loca
2100 2111 2334 2181 plurima

754 2209 1114 2265 incendentes
1156 2208 1399 2279 populati
1455 2215 1609 2271 sunt,
1660 2205 2011 2261 vehementer
2054 2202 2332 2267 timuisse,

744 2287 862 2358 non
885 2301 1090 2355 caedem
1122 2302 1246 2369 (nec
1274 2299 1417 2353 enim
1447 2312 1650 2368 corpus
1681 2311 1843 2351 suum
1871 2302 2164 2365 tantopere
2184 2308 2335 2348 ama-

750 2394 890 2460 bat),
936 2392 1031 2447 sed
1066 2393 1386 2447 servitutem
1421 2398 1478 2444 et
1505 2388 1910 2459 captivitatem,
1941 2403 2009 2441 ne
2039 2386 2337 2456 impietatis

753 2488 975 2543 illorum
1006 2485 1428 2556 iniquitatisque
1462 2488 1739 2552 spectator
1774 2481 1943 2555 foret.
1967 2479 2080 2534 lloc
2105 2479 2230 2549 ejus
2262 2479 2334 2531 ti-

753 2594 908 2635 mere
962 2578 1187 2649 cognitu
1235 2576 1515 2631 diabolum
1562 2582 1730 2644 (saepe
1777 2573 1924 2628 enim
1985 2572 2136 2628 illum
2190 2570 2336 2643 apud

753 2673 963 2728 amicos
996 2671 1343 2741 profitentem
1380 2667 1691 2738 audierat),
1727 2668 2022 2721 mulierum
2068 2665 2335 2734 ejulatum

754 2772 921 2820 noctu
974 2769 1425 2831 repraesentasse.
1462 2778 1481 2811 ι
1525 2761 1636 2829 Ego
1679 2774 1847 2822 vero,
1879 2759 2099 2829 inquit,
2144 2758 2339 2813 audire

689 2880 694 2885 τ
754 2856 889 2910 mihi
915 2854 1142 2909 videbar
1166 2853 1355 2907 hostes
1383 2850 1710 2912 adventare,
1737 2856 1794 2903 et
1820 2849 1998 2919 ignem
2033 2848 2169 2903 vicis
2202 2846 2337 2912 sub-

750 2947 943 3017 jicere.
990 2943 1187 2999 Statim
1231 2957 1364 3013 ergo
1404 2942 1782 2997 discriminata
1824 2940 2022 3010 capitis
2051 2955 2242 3006 coma,
2283 2946 2340 2994 et

752 3038 970 3108 capillis
996 3036 1189 3092 dextra
1223 3034 1469 3123 laevaque
1504 3047 1602 3103 per
1642 3020 1906 3087 humeros
1930 3032 1985 3087 in
2024 3041 2218 3102 pectus
2243 3032 2338 3087 de-

754 3131 979 3194 missis,
1043 3129 1315 3183 cervicem
1374 3126 1441 3180 ad
1500 3126 1664 3197 gladii
1701 3124 2131 3215 amputatioucm
2183 3139 2332 3179 cum-
2364 3155 2409 3215 Ο

756 3220 1040 3290 parabam,
1070 3226 1128 3271 ut
1157 3216 1309 3271 brevi
1342 3216 1454 3270 ictu
1484 3224 1715 3285 accepto
1752 3214 1821 3269 ab
1866 3202 2208 3269 exsecranda
2242 3214 2338 3267 illo

756 3310 1072 3381 spectaculo
1125 3308 1262 3364 liber
1307 3308 1511 3361 tlerem.
1580 3305 1737 3359 llunc
1791 3306 1844 3358 in
1906 3306 2126 3359 modum
2183 3314 2340 3359 nocte

756 3412 1061 3465 transacta,
1112 3416 1238 3456 cum
1290 3401 1513 3454 illorum
1569 3399 1935 3468 irruptionem
1985 3381 2338 3452 continenter

755 3504 1172 3565 exspectarem,
1206 3500 1496 3562 postquam
1527 3492 1646 3547 dies
1697 3491 1898 3553 illuxit,
1960 3500 2013 3543 et
2070 3490 2339 3543 advenere

757 3588 949 3656 aliqui,
986 3587 1248 3657 rogabam
1297 3583 1493 3653 ecquid
1538 3583 1607 3637 de
1644 3582 1854 3637 lsauris
1907 3581 2229 3634 audiissent.
2273 3578 2339 3632 Et

757 3694 882 3731 cum
914 3676 989 3730 illi
1025 3660 1161 3728 nihil
1193 3689 1289 3744 per
1318 3674 1419 3727 hos
1448 3673 1565 3727 dies
1588 3685 1649 3727 se
1670 3684 1943 3739 cognosse
1970 3670 2234 3731 dicerent,
2265 3668 2339 3721 ita

757 3767 1115 3830 diahulicam,
1165 3764 1382 3834 inquit,
1417 3764 1735 3818 illusionem
1774 3764 1918 3816 hanc
1964 3762 2130 3814 etiam
2166 3759 2339 3814 fuisse

757 3862 1146 3916 animadverti.
1184 3861 1336 3914 Alias
1365 3872 1493 3912 vero
1522 3856 1788 3927 petulanti
1818 3854 2008 3924 juveni
2055 3853 2336 3926 praestanti

759 3956 937 4009 forma
966 3961 1019 4007 et
1044 3936 1182 4006 ﬂava
1208 3965 1366 4007 coma
1398 3950 1600 4019 insigni
1643 3947 1862 4012 similis,
1907 3945 2098 4001 ridens
2140 3944 2207 3998 ad
2254 3959 2339 3999 me
2377 4007 2388 4016 _

759 4048 923 4102 simul
956 4046 1259 4114 lndensque
1282 4042 1601 4104 accedebat,
1632 4048 1691 4094 et
1723 4053 1825 4108 ego
1858 4036 2072 4107 1250
2101 4036 2181 4088 ira
2208 4051 2336 4090 suc-

760 4154 962 4196 census
1008 4128 1295 4206 abigebam
1336 4134 1512 4197 illum,
1555 4134 1838 4188 insectans
1884 4128 2211 4183 maledictis.
2244 4127 2340 4183 llle

760 4244 941 4288 autem
979 4230 1340 4293 consistebat,
1371 4233 1597 4297 aspectu
1642 4215 1978 4285 meretricio,
2011 4221 2240 4291 risuque
2275 4233 2340 4274 ac

761 4338 1016 4379 sermone
1047 4322 1262 4392 spirans
1285 4318 1647 4389 voluptatem.
1674 4316 1833 4374 Tunc
1860 4329 1993 4386 ergo
2024 4315 2229 4384 majore
2260 4314 2339 4367 ira

760 4416 1094 4472 concitatus.
1116 4433 1133 4464 ε
1158 4411 1467 4478 Quomodo,
1486 4411 1923 4479 inquam,'totum
1948 4408 2137 4461 orbem
2165 4413 2339 4461 terra-

761 4523 881 4563 rum
935 4507 1230 4560 circumire
1283 4513 1459 4574 potes,
1501 4510 1565 4571 ,ει
1613 4502 1750 4555 tales
1802 4499 2064 4554 omnibus
2109 4497 2340 4552 insidias

764 4600 1022 4658 struere?
1050 4618 1067 4650 ι
1101 4599 1201 4653 llte
1230 4611 1362 4651 vero
1407 4611 1466 4649 se
1488 4593 1630 4650 haud
1655 4593 2047 4648 solum-aiebat
2076 4606 2218 4652 esse,
2248 4590 2345 4644 sed

740 4678 1076 4744 daemonum
1123 4686 1533 4741 multitudinem
1580 4700 1677 4754 per
1710 4684 1899 4737 orbem
1941 4696 2190 4751 sparsam
2223 4694 2346 4736 esse

762 4776 1029 4853 gentium,
1063 4783 1077 4801 ‘
1110 4781 1218 4848 qui
1253 4779 1358 4831 hoc
1409 4778 1570 4831 modo
1617 4776 1813 4831 ludunt
1855 4776 2057 4846 pariter
2095 4788 2159 4828 ac
2203 4773 2347 4827 serio

763 4885 953 4945 agunt.
984 4872 1139 4927 Ludo
1167 4872 1368 4942 quippe
1400 4872 1532 4937 isto,
1575 4879 1632 4924 ut
1662 4870 1912 4933 videtur,
1950 4877 2201 4922 naturam
2247 4867 2346 4921 bo-

764 4967 975 5019 minum
1010 4965 1327 5029 universam
1352 4964 1535 5019 delere
1563 4962 1806 5017 student.
1839 4978 1860 5013 ι
1887 4960 1956 5013 At
1989 4967 2068 5025 tu,
2096 4960 2346 5028 inquam,

766 5057 899 5112 hinc
929 5056 1016 5109 abi
1058 5054 1285 5110 Christo
1324 5054 1565 5123 iubente,
1624 5055 1721 5123 Qui
1760 5053 2028 5122 legionem
2079 5052 2209 5109 olim
2252 5064 2387 5126 per.

767 5162 970 5217 porcos
1001 5146 1152 5201 misit
1178 5146 1231 5199 in
1258 5143 1617 5216 profundum.
1642 5164 1660 5197 ι
1690 5143 1905 5207 Audiit,
1939 5144 2235 5212 statimque
2254 5157 2350 5196 au-

766 5241 928 5311 fugit,
964 5254 1065 5294 nec
1096 5238 1367 5294 Dominici
1398 5239 1639 5293 nominis
1670 5238 1780 5291 vim
1822 5235 1967 5297 ferre
2006 5236 2216 5300 valens,
2252 5251 2353 5292 nec

767 5330 958 5386 famuli
1001 5329 1124 5398 ejus
1151 5329 1513 5401 philosOphize
1543 5330 1721 5385 lucem
1755 5328 1979 5384 intueri.
2013 5345 2032 5377 ι
2072 5328 2245 5381 Plura
2264 5327 2351 5382 bis

768 5423 876 5479 alia
925 5422 1057 5477 mihi
1108 5420 1385 5477 narranda
1421 5435 1548 5477 cum
1585 5428 1914 5492 suppetant,
1958 5419 2205 5475 scribere
2242 5434 2351 5473 non

767 5514 920 5578 libet,
970 5529 1040 5569 ne
1083 5513 1481 5567 lntlrmioribus
1531 5527 1642 5566 non
1690 5510 1953 5566 credendi
2002 5511 2350 5565 occasionem

650 5672 653 5681 ι
744 5605 1008 5676 'pmbeat
1054 5602 1372 5658 multitudo.
1404 5602 1538 5671 Nam
1593 5604 1664 5658 iis
1712 5602 1933 5671 quidem
1970 5604 2065 5672 qui
2100 5602 2350 5657 divinum

769 5696 1046 5751 hominem
1073 5703 1433 5760 centuentur,
1466 5695 1602 5748 nihil
1638 5695 1956 5750 istiusmodi
1995 5709 2119 5748 cum
2148 5692 2354 5747 dicitur

770 5785 1093 5842 incredibile
1126 5785 1360 5849 videtur,
1392 5785 1595 5840 virtute
1620 5802 1741 5856 qua:
1765 5786 2015 5853 cernitur
2043 5786 2186 5839 dicta
2219 5799 2352 5838 cou-

2452 1930 2510 1984 '0
2532 1929 2599 1997 δέ,
2612 1924 2721 1984 ὦσε
2745 1931 2867 2001 μὲν,
2894 1932 3223 2005 καταϐαλεῖν
3246 1933 3303 1987 δέ
3322 1934 3424 1987 οὐκ
3448 1934 3694 2005 ἴσχυσεν·
3715 1936 3748 2003 ὴ
3764 1935 3882 2006 ’γὰρ
3908 1936 4033 1988 θεία

2437 2026 2596 2097 χάρις
2621 2026 2903 2095 ἀντέσχεν,
2953 2027 3047 2079 καὶ
3078 2026 3393 2104 παραυτίκα
3445 2025 3650 2098 φροῦδα
3692 2027 3870 2082 πάντα
3905 2028 4029 2094 ἐγέ-

2436 2134 2610 2171 νοντο.
2644 2136 2667 2170 ι
2704 2116 2898 2185 Ἔλεγε
2972 2117 3030 2171 δέ
3092 2117 3188 2171 καὶ
3248 2117 3392 2171 κατά
3453 2119 3544 2171 τὸν
3589 2117 3699 2172 τῶν
3730 2118 4034 2189 ἀλιτηρίων

2437 2209 2661 2263 ἐκείνων
2693 2208 2906 2283 λῃστῶν
2938 2203 3151 2282 καιρὸν,
3182 2212 3269 2265 ὅτε
3301 2209 3362 2276 ἐξ
3403 2212 3678 2282 Ἰσαυρίας
3704 2211 4033 2281 ὁρμώμενοι

2435 2302 2535 2373 τῆς
2563 2302 2638 2355 Et»
2664 2302 2730 2355 τὰ
2759 2301 2989 2356 πλεῖστα
3014 2303 3411 2374 ἐμπρήσαντες
3456 2303 3765 2369 ἐληῖσαντο,
3793 2304 4031 2357 δεδιέναι

2439 2395 2664 2466 σφόδρα,
2694 2395 2754 2448 οὐ
2787 2396 2884 2465 τὴν
2926 2396 3161 2465 σφαγὴν,
3218 2398 3279 2449 οὐ
3328 2395 3438 2466 γὰρ
3468 2395 3610 2449 οὓτω
3642 2395 4033 2466 φιλοσώματος

2435 2481 2524 2557 ἦν,
2551 2486 2686 2540 ἀλλά
2712 2488 2802 2540 τὸν
2857 2488 3314 2559 ἀνδραποδισμὸν,
3363 2490 3457 2549 καὶ
3491 2489 3592 2558 τὴν
3618 2488 4027 2559 αἰχμαλωσίαν,

2439 2581 2533 2634 καὶ
2571 2580 2670 2648 τῆς
2691 2579 2946 2643 ἀσεϐείας
2962 2582 3054 2635 καὶ
3079 2580 3430 2653 παρανομίας
3459 2581 3558 2651 τὴν
3598 2581 3856 2652 θεωρίαν.
3888 2582 4032 2634 Τού-

2439 2686 2535 2723 του
2561 2669 2655 2722 τοῦ
2690 2669 2842 2734 δέους
2870 2669 3199 2741 αἰσθόμενος
3258 2673 3287 2725 ὀ
3342 2670 3589 2735 διάϐολος
3614 2687 3628 2700 ·
3663 2671 3867 2748 ήκουσε
3914 2671 4034 2742 γὰρ

2440 2759 2606 2812 αὑτοῦ
2634 2760 2897 2824 πολλάκις
2937 2758 3094 2832 πρὸς.
3121 2762 3248 2824 τοὺς
3289 2762 3603 2833 γνωρίμους
3650 2762 3993 2831 ἐκφήναντος
4015 2776 4029 2789 ·

2442 2854 2690 2921 μιμεῖται
2751 2852 2969 2923 νύκτωρ
3018 2852 3282 2923 ὀλολυγὴν
3330 2852 3632 2921 γυναικῶν.
3684 2871 3704 2905 ι
3756 2853 3900 2922 Ἐγὼ
3949 2853 4031 2916 δὲ,

2442 2942 2567 3013 ἐφη,
2602 2944 3068 2997 ἀκούειν-ἐδόκουν
3099 2944 3175 3007 ὡς
3206 2944 3391 3014 ἥκοιεν
3421 2944 3471 2996 οἱ
3509 2942 3788 3013 πολέμιοι,
3824 2947 3922 2997 καὶ
3952 2946 4033 3007 ὡς

2442 3033 2556 3115 πῦρ
2585 3036 2705 3096 ταῖς
2740 3032 2955 3103 κώμαις
2983 3034 3324 3105 ἐμϐάλλοιεν.
3358 3033 3535 3097 Εὐθὺς
3565 3034 3742 3087 τοίνυν
3770 3035 3899 3105 διχῆ
3930 3037 4035 3105 τῆς

2443 3126 2683 3195 κεφαλῆς
2711 3125 2995 3195 διακρίνας
3017 3125 3115 3188 τὰς
3129 3124 3345 3195 κώμας,
3366 3126 3578 3188 καὶτὰς
3598 3128 3696 3197 μὲν
3719 3129 3783 3180 ἐκ
3812 3128 4030 3194 δεξιῶν,

2438 3220 2537 3283 τὰς
2566 3220 2623 3273 δέ
2653 3220 2713 3285 ἐξ
2736 3219 3032 3289 εὐωνύμων
3087 3219 3174 3273 διὰ
3214 3219 3322 3275 τῶν
3363 3218 3532 3290 ὤμων
3563 3221 3656 3274 ἐπὶ
3707 3223 3769 3273 τὸ
3830 3222 4035 3290 στῆθος

2419 3309 2805 3383 ιμετενεγκὼν,
2838 3310 3078 3381 εὐτρεπῆ
3141 3310 3278 3381 πρὸς
3329 3310 3427 3380 τὴν
3486 3308 3582 3364 τοῦ
3623 3310 3810 3377 ξίφους
3855 3310 4033 3380 τομὴ)

2438 3403 2557 3455 τὸν
2598 3402 3054 3471 αύχέναέποίουν
3085 3443 3098 3464 ,
3150 3402 3236 3455 ἵνα
3300 3401 3561 3471 σύντομον
3596 3401 3893 3471 δεξάμενος
3930 3402 4032 3471 τὴν

2400 3524 2401 3527 η
2443 3494 2679 3565 πληγὴν,
2715 3494 2815 3563 τῆς
2846 3493 3125 3562 ἀπευκτῆς
3178 3493 3394 3562 ἐκείνης
3426 3493 3728 3575 ἀπαλλαγῶ
3768 3493 4029 3563 θεωρίας.

2440 3585 2596 3639 Οὕτω
2627 3587 2807 3639 πᾶσαν
2845 3586 3061 3655 ἐκείνην
3088 3582 3533 3653 διατελέσας-δὴν
3564 3584 3753 3668 νύκτα,
3812 3585 3908 3636 καί
3949 3583 4030 3635 δι-

2438 3668 2653 3746 ηνεκῶς
2701 3677 2802 3746 τὴν
2838 3672 3059 3729 ἐκείνων
3094 3674 3278 3742 ἔφοδον
3334 3673 3782 3744 προσδεχόμενος,
3838 3673 4032 3741 ἐπειδὴ

2426 3768 2623 3839 ήμέρα
2660 3768 2906 3834 ἐγένετο,
2947 3767 3038 3819 καὶ
3076 3767 3211 3837 ἧκόν
3260 3783 3429 3829 τινες,
3480 3766 3759 3834 ἐπυθόμην
3806 3765 3857 3816 τί
3899 3765 4033 3834 περὶ

2438 3857 2547 3911 τῶν
2589 3857 2846 3928 Ἰσαύρων
2900 3854 3008 3908 εἷεν
3063 3856 3389 3921 ἀκηκοότες·
3422 3856 3480 3907 οἱ
3528 3855 3585 3908 δὲ
3623 3854 3832 3922 ελεγον,
3859 3854 4031 3923 μηδὲν

2440 3948 2498 3998 ἐν
2524 3948 2751 4013 ταύταις
2776 3947 3070 4013 ἐγνωκέναι
3090 3950 3211 4008 ταῖς
3234 3946 3487 4016 ἡμέραις.
3507 3946 3617 3998 Καὶ
3644 3945 3806 4009 οὕτω,
3837 3946 4027 4013 φησὶν,

2442 4039 2689 4105 ἐπέγνων
2724 4037 3035 4108 διαϐολικὴν
3075 4036 3339 4107 κάκείνην
3402 4032 3541 4090 εἶναι
3570 4036 3666 4106 τὴν
3698 4037 4026 4106 φαντασίαν.

2398 4112 2404 4119 ’
2446 4129 2669 4192 ’Δλλοτε
2697 4128 2773 4193 δὲ,
2799 4128 2925 4198 ἔφη,
2997 4129 3102 4198 νέῳ
3154 4128 3453 4197 σφριγῶντι
3485 4126 3865 4190 ἀπεικασθεὶς,
3908 4126 4032 4196 ῶρᾳ

2441 4222 2735 4291 λάμποντι,
2764 4223 2858 4274 καὶ
2908 4214 3056 4293 κόμῃ
3118 4218 3759 4292 ξανθῇ·κεκοσμημένῳ,
3795 4218 4028 4287 προσῄει

2444 4311 2662 4386 μειδιῶν
2717 4309 2833 4380 ἅμα
2877 4310 2971 4363 καὶ
3033 4309 3276 4374 παίζων
3332 4310 3443 4377 ἐγὼ
3474 4309 3553 4371 δὲ,
3582 4308 3714 4378 ἔφη,
3756 4309 3835 4378 τῷ
3868 4308 4027 4378 θυμῷ

2441 4402 2833 4482 καθοπλισθεὶς
2866 4401 3163 4471 ἐξήλαυνον
3192 4400 3621 4471 λοιδορούμενος.
3652 4399 3709 4452 '0
3734 4400 3792 4452 δέ
3821 4400 4030 4469 ἐπέμε-

2374 4494 2416 4548 D
2447 4512 2537 4547 νεν
2566 4494 2843 4566 ἑταιρικὸν
2896 4492 3129 4562 βλέπων,
3176 4494 3271 4545 καὶ
3310 4491 3388 4561 τῷ
3411 4507 3470 4543 τε
3500 4491 3838 4561 μειδιάματι,
3862 4491 3941 4559 τῷ
3968 4508 4029 4542 τε

2450 4587 2744 4656 φθέγματι,
2766 4587 2961 4655 ἡδονὴν
2989 4582 3327 4649 ἀναϐλύζων,
3371 4582 3504 4635 Τότε
3548 4582 3724 4635 τοίνυν
3758 4581 3919 4633 πλέον
3933 4583 4028 4634 τὸν

2448 4678 2617 4752 θυμὸν
2649 4677 2990 4750 παραθήξαςο
3034 4696 3053 4728 ι
3081 4676 3205 4739 Πῶς
3231 4674 3453 4746 ίσχύεις,
3486 4673 3689 4753 ελεγον,
3720 4674 3908 4725 πᾶσαν»
3932 4673 4029 4740 τὴν

2448 4772 2770 4841 οἰκουμένην
2827 4771 3185 4841 περινοστεῖν,
3222 4768 3315 4823 καὶ
3350 4769 3486 4823 πᾶσι
3543 4764 3802 4827 τοιαύτας
3854 4780 4027 4834 προο-

2455 4864 2643 4932 φέρειν
2674 4862 3005 4929 ἐπιϐουλάς;
3046 4862 3102 4915 '0
3138 4862 3193 4916 δέ
3224 4861 3378 4930 ελεγι
3406 4860 3480 4930 μὴ
3518 4863 3676 4931 μόνος
3706 4855 3869 4921 εἶναι,
3895 4860 4031 4912 ἀλλά

2455 4955 2660 5024 πλῆθος
2686 4953 2955 5024 δαιμόνων
2978 4952 3119 5006 κατά
3150 4953 3331 5006 πᾶσαν
3357 4950 3681 5004 ἐσκεδάσθαι
3719 4951 3819 5018 τὴν
3847 4950 4032 5002 οἰκου-

2454 5032 2647 5119 μένην,
2672 5046 2900 5101 τοιαῦτα
2932 5044 3239 5122 παιζόντων
3296 5043 3431 5114 ὁμοῦ
3465 5042 3561 5123 καὶ
3593 5042 4027 5106 σπουδαζόντων.

2453 5141 2533 5216 Τῇ
2566 5140 2677 5210 γὰρ
2704 5139 2935 5210 δοκούσῃ
2965 5138 3155 5208 παιδιᾷ
3180 5136 3545 5201 σπουδάζουσι
3575 5135 3756 5191 πᾶσαν
3769 5134 4032 5202 ἀφανίσαι

2451 5232 2560 5287 τῶν
2594 5230 2894 5303 ἀνθρώπων
2924 5230 3022 5302 τὴν
3049 5230 3229 5298 φύσιν.
3260 5248 3280 5282 ι
3301 5228 3461 5283 Ἀλλά
3480 5244 3543 5296 γε
3577 5226 3641 5281 σὺ
3667 5225 3845 5287 ἄπιθι,
3874 5226 4031 5296 ἔφην,

2453 5324 2549 5379 τοῦ
2578 5324 2815 5396 Χριστοῦ
2870 5339 2954 5376 σοι
3018 5322 3355 5385 κελεύοντος,
3387 5319 3481 5373 τοῦ
3520 5318 3759 5387 λεγεῶνα
3796 5318 3925 5386 ὃλην
3948 5317 4037 5369 διὰ

2454 5416 2563 5470 τῶν
2590 5416 2788 5486 χοίρων
2818 5413 2894 5484 τῷ
2918 5413 3064 5485 βυθῷ
3090 5410 3576 5484 παραπέμψαντος,
3613 5410 3884 5463 »Ἥκουεν
3918 5408 4035 5478 ἅμα

2460 5510 2555 5564 καὶ
2603 5510 2858 5579 ἔφευγεν,
2887 5507 3012 5560 οὔτε
3045 5508 3143 5573 τῆς
3181 5506 3514 5574 Δεσποτικῆς
3548 5504 3917 5574 προσηγορίας
3939 5502 4039 5570 τὴν

2460 5602 2695 5671 δύναμιν
2726 5601 2935 5670 φέρων,
2964 5597 3086 5651 οὔτε
3131 5597 3229 5665 τῆς
3277 5594 3550 5662 οἰκετικῆς
3603 5591 3919 5661 φιλοσοφίας
3938 5592 4040 5659 τὴν

2462 5692 2657 5763 αἴγλην
2704 5691 2924 5761 βλέπειν
2980 5690 3297 5760 δυνάμενος.
3335 5708 3353 5739 ι
3381 5686 3490 5741 Καὶ
3548 5684 3683 5740 ἄλλα
3716 5683 3775 5740 δέ
3820 5682 4040 5735 πλείονα

2459 5786 2609 5848 εἰδὼς
2642 5784 2847 5837 τούτων
2873 5783 3208 5855 διηγήματα,
3246 5779 3604 5860 συγγράφειν,
3639 5776 3701 5830 οὐ
3753 5774 4039 5846 βούλομαι,
