4216 6456
210 395 344 457 πίει)
1422 380 1822 456 RELIGIOSA
1863 386 2242 450 HISTORIA.
3316 392 3449 462 1450

206 521 281 573 μη
314 508 427 568 τοῖς
471 506 871 576 ἀσθενεστέροις
921 506 978 559 τὸ
1035 505 1235 575 πλῆθος
1277 507 1529 568 ἀπιστίας
1553 507 1774 575 γένηται
1805 516 1851 565 Λ

1805 516 1851 565 Λ
1884 503 2149 557 ﬂrmante.
2184 503 2320 569 Quia
2352 518 2483 560 vero
2509 504 2574 559 ad
2611 516 2859 575 posteros
2891 523 3109 579 qunque
3142 516 3449 580 transgres-

204 596 503 663 πρόφασις.
558 597 681 659 Ὶόἶς
726 598 823 665 μὲν
863 597 971 666 γὰρ
1006 595 1171 664 ὁρῶσι
1195 597 1285 648 τὸν
1323 595 1462 647 θεῖον
1492 595 1775 663 ἄνθρωπον

1882 607 2009 646 sura
2044 601 2128 648 est
2159 593 2354 648 litteris
2393 596 2704 663 conscripta
2748 601 3024 661 narratio,
3060 598 3449 670 difﬁciliusque

200 686 357 738 οὐδὲν
398 686 638 739 τοιοῦτον
681 686 972 756 λεγόμενον
1045 686 1305 740 ἀπίθανον
1362 686 1773 753 καταφαίνεται,

1881 682 2043 751 vulgo
2070 683 2298 737 credunt
2322 698 2481 739 aures
2508 700 2670 754 quam
2703 689 2867 751 oeuli,
2898 689 3236 744 audientium
3281 692 3449 745 imbe-

202 780 304 844 τῆς
358 777 643 847 ὁρωμένης
703 778 903 846 ἀρετῆς
955 776 1276 848 βεϐαιούσης
1341 778 1408 829 τὰ
1486 776 1772 845 λεγόμενα.

1880 773 2110 829 cillitate
2136 774 2427 829 metiemur
2458 779 2854 831 narrationem.
2889 778 3024 833 Huic
3051 777 3214 851 igitur
3251 792 3304 837 et
3356 785 3446 836 alii

203 859 427 937 Ἐπειδὴ
466 869 523 921 δέ
555 871 647 922 καὶ
704 872 782 933 είς
824 872 949 933 τοὺς
988 870 1214 941 ὕστερον
1259 868 1551 939 ἐσομένους
1585 869 1646 920 τὸ
1683 867 1775 919 τοῦ

1879 866 2048 920 adem
2093 868 2387 922 maximam
2431 870 2774 924 aedificarunt
2821 872 3007 925 vicino
3048 874 3101 927 in
3142 877 3265 929 vico
3298 877 3444 930 haud

201 959 544 1028 διηγήματος
576 960 892 1030 διαϐήσεται
943 962 1306 1032 σύγγραμμα,
1343 960 1672 1029 ἀπιστότερα
1719 958 1775 1011 δὲ

1881 957 2070 1013 multis
2100 957 2299 1012 stadiis
2328 958 2646 1022 distantem.
2680 968 2734 1016 et
2762 978 2863 1031 ego
2897 977 3115 1031 quoque
3155 978 3337 1017 arcam
3370 965 3446 1018 illi

200 1050 315 1111 τοῖς
351 1049 566 1111 πολλοῖς
588 1050 657 1102 τά
676 1045 792 1103 ὦτα
816 1051 927 1104 τῶν
958 1050 1274 1121 ὀφθαλμῶν,
1308 1052 1373 1121 τῇ
1402 1050 1654 1118 ἀσθενείᾳ
1671 1050 1776 1103 τῶν

1882 1051 2068 1120 paravi
2126 1051 2183 1105 in
2249 1051 2457 1121 templo
2525 1051 2984 1121 triumphantium
3051 1055 3444 1124 aposmlorum.

201 1140 511 1192 ἀκουόντων
571 1142 920 1212 μετρήσομεν
949 1142 1046 1212 τὴν
1082 1142 1351 1215 διήγησιν.
1388 1140 1573 1210 Τούτῳ
1600 1141 1777 1193 τοίνυν

1881 1142 2035 1208 Quod
2063 1157 2187 1197 cum
2228 1142 2545 1199 rescivisset
2577 1144 2663 1197 vir
2685 1144 2926 1206 divinus.
2963 1148 3153 1202 multis
3180 1161 3267 1202 me
3306 1153 3448 1217 saepe

202 1230 562 1300 ᾠκοδόμησαν
616 1234 712 1302 μὲν
776 1234 872 1287 καὶ
924 1233 1074 1288 ἄλλοι
1134 1234 1302 1305 σηκὸν
1349 1236 1601 1303 μέγιστον
1629 1235 1686 1286 ἐν
1709 1234 1774 1301 τῇ

1879 1235 2189 1290 obtestatus
2215 1241 2321 1299 est,
2352 1240 2411 1287 ut
2443 1235 2536 1287 illo
2560 1234 2615 1288 in
2649 1244 2833 1291 monte
2863 1252 3067 1305 corpus
3101 1238 3276 1306 ipsius
3313 1252 3447 1293 con-

204 1319 522 1391 πελαζούσῃ
554 1321 735 1392 κώμῃ,
784 1324 845 1376 οὐ
898 1323 1114 1386 πολλοῖς
1171 1324 1462 1389 ἀφεστῶτα
1508 1323 1773 1385 σταδίοις’

1880 1325 2120 1381 deretur.
2185 1326 2296 1395 Ego
2342 1341 2471 1381 vero
2525 1326 2840 1397 frequenter
2899 1331 3281 1401 suggerebam,
3338 1347 3444 1386 non

203 1411 587 1465 κατεσκεύασα
615 1414 672 1466 δέ
722 1414 878 1481 κάγὼ
932 1415 1106 1485 θήκην
1134 1416 1192 1467 ἐν
1224 1415 1303 1484 τῷ
1333 1415 1437 1467 τῶν
1469 1415 1780 1468 ἀποστόλων

1880 1416 2081 1471 debere
2125 1415 2275 1469 illum
2309 1417 2399 1485 qui
2435 1427 2756 1485 prasentem
2798 1420 2970 1473 vitam
3013 1422 3338 1488 neglexerit,
3380 1423 3447 1475 de

204 1502 534 1555 καλλινίκων
564 1504 736 1574 σηκῷ.
780 1507 941 1558 Ἀλλά
994 1506 1153 1559 τοῦτο
1208 1506 1393 1576 μαθὼν
1437 1510 1465 1560 ὁ
1512 1508 1653 1570 θεῖος
1683 1507 1778 1559 άν-

1881 1506 2158 1575 sepultnra
2188 1520 2312 1561 esse
2349 1507 2664 1563 sollicitum.
2700 1508 2903 1563 Videns
2937 1518 3114 1565 tamen
3151 1511 3254 1564 hoc
3295 1512 3444 1565 illum

203 1594 439 1664 θρωπος,
474 1597 645 1649 πολλά
678 1615 746 1666 με
791 1598 1049 1661 πολλάκις
1095 1600 1443 1669 ἐλιπάρησεν,
1486 1600 1545 1651 ἐν
1587 1598 1779 1666 ἐκείνῳ

1777 1626 1779 1643 .
1881 1596 2232 1653 vehementer
2247 1597 2453 1668 1251
2474 1606 2748 1669 expetere.
2766 1602 2932 1655 annui
2953 1612 3002 1653 et
3020 1617 3278 1658 assensus
3301 1617 3442 1659 sum.

201 1686 281 1756 τῷ
305 1687 421 1757 θρει
456 1690 597 1757 ταφῇ
655 1689 985 1760 παραδοῦναι
1032 1690 1093 1743 τὸ
1149 1690 1327 1760 σῶμα,
1370 1689 1508 1759 Ἐγὼ
1546 1690 1600 1744 δὲ
1626 1687 1780 1745 εἶπον

1779 1718 1780 1723 η
1883 1700 2176 1758 areamque
2224 1691 2587 1745 revellendaui
2641 1701 2696 1747 et
2742 1708 2961 1749 sursum
3013 1692 3444 1749 transferendam

206 1779 489 1844 πολλάκις,
528 1780 602 1843 ὡς
636 1782 696 1835 οὐ
756 1784 1024 1853 προσήκει
1068 1782 1162 1835 τὸν
1189 1783 1287 1852 τῆς
1329 1782 1607 1855 παρούσης
1634 1783 1780 1852 ζωῆς
1811 1841 1851 1855 _

1835 1841 1851 1855 _
1883 1782 2091 1834 curavi.
2122 1779 2184 1832 EI.
2214 1782 2341 1851 quia
2369 1784 2601 1853 lapidem
2631 1801 2659 1839 a
2688 1787 2882 1855 pruina
2913 1786 3234 1842 labefactari
3274 1786 3451 1841 anim-
3496 1786 3500 1795 λ

205 1841 596 1939 ἀμελήσαντα,
636 1841 814 1945 ταφῆς
863 1841 1196 1945 ποιήσασθαι
1242 1841 1524 1947 πρόνοιαν.
1565 1841 1669 1939 ’⁵ος
1811 1841 1853 1899 Β

1811 1841 1853 1899 Β
1882 1873 2116 1936 adverti,
2149 1889 2315 1943 parva
2349 1876 2576 1930 aulicuIa
2604 1880 2935 1933 circumdari
2970 1894 3151 1934 arcam
3184 1879 3347 1948 jussi.
3381 1878 3450 1931 Αι

202 1959 361 2012 τοῦτο
398 1961 547 2032 αὐτῷ
574 1964 914 2035 καταθύμιον
943 1961 1100 2027 εἶδον,
1120 1967 1387 2019 ἐπένευσά
1420 1984 1498 2032 τε,
1537 1968 1630 2020 καὶ
1653 1984 1777 2019 συν-

1881 1974 2167 2033 postquam
2205 1964 2446 2035 perfecta
2473 1967 2647 2037 ipsius
2677 1968 2836 2036 jussu
2868 1970 3071 2023 fabrica
3107 1979 3311 2025 tectum
3349 1970 3448 2023 im-

204 2050 432 2121 εθέμήν,
469 2057 561 2106 καὶ
590 2056 688 2125 τὴν
736 2056 984 2128 λάρνακα
1028 2056 1304 2127 τμηθῆναι
1359 2074 1440 2121 τε,
1493 2058 1586 2111 καὶ
1618 2076 1776 2127 κομι-

1881 2057 2185 2125 posuimus,
2210 2075 2229 2105 ε
2255 2054 2372 2111 Non
2394 2060 2586 2127 patiar,
2610 2060 2806 2128 inquit,
2833 2068 2891 2112 ut
2914 2059 3100 2114 Jacobi
3138 2061 3447 2130 sepulcrum

204 2145 401 2211 σθῆναι
455 2146 567 2199 ἄνω
621 2150 917 2218 πεποίηκα.
950 2150 1103 2201 Ἐπεὶ
1150 2151 1205 2203 δὲ
1248 2152 1341 2203 τὸν
1376 2150 1521 2204 λίθον
1548 2151 1653 2203 ὑπὸ
1681 2151 1777 2220 τῆς

1884 2147 1987 2201 hoc
2014 2148 2335 2217 appelletur,
2394 2149 2487 2202 sed
2519 2150 2971 2220 triumphantium
2997 2158 3296 2223 martyrum
3322 2159 3450 2207 tem-

204 2237 417 2303 πάχνης
450 2236 806 2308 φθειρόμενον
840 2235 999 2302 εἶδον,
1024 2240 1215 2310 μικρὸν
1232 2241 1471 2293 οἰκίσκον
1504 2240 1780 2311 ἐπέτρεψα

1886 2238 2035 2306 plum
2066 2237 2168 2292 hoc
2197 2237 2314 2292 ﬁeri
2345 2240 2486 2302 volo,
2515 2250 2567 2294 et
2597 2256 2681 2295 me
2714 2243 2861 2296 velut
2896 2242 3223 2311 inquilinum
3255 2256 3448 2312 quem-

203 2327 460 2393 γενέσθαι
510 2332 576 2400 τῇ
616 2328 861 2400 λάρνακι.
911 2332 1067 2384 Ἐπεὶ
1107 2330 1162 2383 δὲ
1210 2333 1487 2393 ἐκέλευσε,
1545 2332 1637 2385 καὶ
1681 2331 1780 2403 τὴν

1886 2328 2034 2397 piant
2069 2326 2287 2381 illorum
2317 2328 2721 2384 cohabitatione
2746 2328 3051 2400 dignatum,
3085 2330 3190 2384 alia
3233 2331 3287 2384 in
3320 2345 3447 2385 arca

202 2420 494 2491 οἰκοδομὴν
545 2423 1012 2492 συμπεράναντες,
1050 2424 1141 2475 τὶν
1167 2423 1359 2493 ὄροφον
1407 2424 1778 2495 ἐπεθήκαμεν,

1883 2420 2030 2490 poni.
2067 2440 2084 2472 ι
2114 2420 2300 2490 Neque
2322 2420 2436 2475 hac
2456 2420 2595 2475 dixit
2620 2422 2800 2487 modo,
2837 2422 2932 2478 sed
2962 2424 3139 2493 reipsa
3174 2426 3446 2494 prastitit.

211 2512 384 2564 ιοῦκ
448 2513 729 2583 ἀνέξομαι,
788 2515 913 2585 ἐφη,
949 2514 1139 2567 τοῦτον
1195 2513 1453 2567 Ἰακώϐου
1498 2514 1779 2568 καλεῖσθαι

1882 2512 2140 2568 Collectis
2169 2514 2313 2566 enim
2346 2512 2591 2583 undique
2613 2515 2799 2569 multis
2826 2516 3129 2585 prophetis,
3152 2516 3448 2587 multisque

202 2604 398 2671 τάφον,
450 2604 587 2657 ἀλλὰ
644 2604 902 2675 βούλομαι
964 2606 1069 2658 τῶν
1122 2606 1447 2660 καλλινίκων
1489 2606 1779 2678 μαρτύρων

1883 2601 2171 2673 apostolis,
2206 2609 2257 2658 et
2291 2604 2628 2673 martyribus
2654 2605 3093 2673 quamplurimis,
3122 2620 3312 2660 omnes
3338 2622 3444 2660 una

203 2693 395 2748 τοῦτον
427 2697 681 2763 γενέσθαι
716 2699 904 2768 σηκὸν,
939 2699 1036 2768 ἐμὲ
1062 2698 1117 2749 δέ
1147 2692 1237 2750 οἷά
1263 2716 1383 2750 τινα
1411 2698 1660 2767 μέτοικον
1696 2700 1775 2764 είς

1882 2693 1939 2748 in
1970 2707 2097 2747 arca
2132 2694 2397 2762 reposuit,
2441 2708 2565 2748 cum
2607 2704 2921 2749 sanctorum
2966 2698 3169 2765 populo
3202 2697 3450 2751 habitare

205 2788 399 2857 ἑτέραν
422 2789 635 2842 κεῖσθαι
664 2790 859 2861 θήκην,
888 2794 1173 2862 παροικεῖν
1201 2793 1385 2855 αὐτοῖς
1417 2790 1768 2861 ἠξιωμένον.»

1884 2787 2128 2856 cupiens,
2156 2793 2209 2841 et
2237 2800 2358 2840 cum
2386 2787 2467 2841 eis
2497 2799 2804 2856 resurgere,
2835 2787 3131 2857 divinoque
3153 2797 3448 2858 conspectu

205 2882 314 2933 Καὶ
342 2882 517 2934 ταῦτα
542 2883 602 2935 οὐ
633 2884 789 2953 μόνον
814 2879 985 2948 εἶπεν,
1009 2884 1143 2937 ἀλλὰ
1168 2886 1263 2937 καὶ
1288 2884 1498 2953 ἔδρασε.
1519 2885 1629 2937 Καὶ
1646 2884 1773 2937 πολ-

1886 2877 2069 2950 potiri.
2113 2877 2291 2946 Atque
2334 2877 2437 2930 hoc
2468 2886 2651 2939 certe,
2679 2884 2884 2946 quanta
2931 2876 3096 2932 fuerit
3128 2879 3293 2933 animi
3330 2891 3448 2933 mn.-

204 2972 329 3034 λοὺς
357 2974 458 3038 μὲν
475 2976 780 3045 προφήτας,
804 2976 1030 3038 πολλοὺς
1046 2976 1101 3029 δὲ
1126 2976 1475 3038 ἀποστόλους,
1495 2974 1777 3038 πλείστους

1886 2968 2081 3032 destia,
2114 2977 2493 3037 argumentum
2534 2977 2615 3021 est
2657 2968 2933 3032 idoneum,
2965 2969 3113 3038 quod
3138 2971 3231 3039 qui
3267 2980 3448 3026 tantas

204 3062 259 3115 δὲ
288 3064 371 3116 ὅτι
418 3065 719 3135 μάρτυρας,
786 3066 1121 3136 πανταχόθεν
1172 3064 1517 3132 συναγαγὼν,
1573 3067 1630 3118 ἐν
1681 3065 1780 3135 μιᾷ

1885 3075 2016 3129 opes
2053 3067 2423 3129 congesserat,
2472 3059 2628 3127 quasi
2676 3074 2891 3112 summa
2937 3060 3120 3131 inopia
3154 3062 3448 3123 laboi'aret.

205 3151 421 3204 τέθεικε
472 3153 725 3222 λάρνακι,
789 3153 866 3224 τῷ
924 3154 1036 3207 τῶν
1090 3156 1259 3221 ἁγίων
1314 3154 1469 3224 δήμῳ
1511 3146 1852 3206 συνοικεῖνσ

1369 3172 1469 3224 ιμῳ
1511 3154 1783 3206 συνοικεῖν
1809 3146 1852 3203 C
1886 3150 1940 3203 in
1966 3150 2195 3202 divitum
2224 3157 2366 3203 cmtu
2398 3149 2645 3202 habitare
2677 3151 3034 3219 concupierit.

206 3243 490 3309 ἐθελήσας,
526 3244 619 3295 καὶ
641 3245 737 3295 σὺν
766 3243 950 3305 αὺτοῖς
973 3244 1294 3309 ἀναστῆναι,
1327 3243 1421 3295 καὶ
1451 3242 1547 3308 τῆς
1592 3241 1823 3311 θεωρίας
1866 3237 2164 3306 ἀξιωθῆναι
2214 3236 2477 3307 ποθήσας.
2526 3236 2731 3289 Ἱκανὸν
2775 3238 2831 3290 δὲ
2876 3239 3033 3292 τοῦτο
3070 3242 3448 3317 ⁸τεκμηριῶσαι

206 3332 305 3399 τὴν
350 3330 444 3382 τοῦ
487 3330 835 3400 φρονήματος
904 3330 1253 3400 μετριότητα.
1300 3330 1355 3379 ’0
1414 3340 1523 3400 γαρ
1580 3329 1832 3383 τοσοῦτον
1889 3326 2115 3379 πλοῦτον
2175 3326 2513 3396 συνειλοχὼς,
2580 3328 2655 3388 ὠς
2719 3329 2921 3401 ἐσχάτῃ
2997 3333 3159 3404 πενίᾳ
3232 3336 3438 3401 συζῶν,

205 3428 272 3493 τῇ
308 3423 417 3473 τῶν
463 3423 710 3491 εὐπόρων
757 3422 1038 3491 συμμορίᾳ
1078 3423 1358 3490 παροικεῖν
1406 3421 1772 3490 ἐπεθύμησεν.

296 3513 496 3564 ὐποῖοι
521 3512 617 3581 μὲν
643 3506 737 3563 οὖν
771 3512 869 3579 τῆς
936 3510 1239 3579 σεῦασμίας
1274 3511 1398 3578 ἐμοὶ
1442 3510 1683 3578 κεφαλῆς
1728 3512 1777 3561 ot
1955 3519 1961 3552 ε

1955 3507 2279 3575 Cuiusmodi
2305 3512 2322 3527 '
2349 3523 2481 3578 ergo
2509 3510 2806 3565 venerandi
2852 3512 2981 3565 mihi
3011 3516 3203 3584 capitis
3230 3517 3450 3575 labores

208 3602 381 3659 πόνοι,
415 3602 511 3653 καὶ
566 3602 615 3653 οἱ
664 3599 873 3666 άγῶνες
924 3599 1117 3667 ἡλίκοι,
1148 3598 1241 3649 καὶ
1280 3598 1411 3665 ὅσης
1461 3596 1644 3649 θεόθεν
1676 3596 1780 3647 ἁπ-

1887 3600 2221 3662 exstiterint,
2249 3611 2302 3655 et
2320 3611 2523 3670 quanta
2548 3605 2869 3668 certamina,
2895 3615 3265 3678 quantamque
3288 3628 3316 3665 a
3341 3612 3448 3667 Deo

212 3694 408 3744 ἐλαυσε
437 3692 679 3760 χάριτος,
711 3690 805 3742 καὶ
832 3691 963 3744 ὅσας
1008 3688 1163 3750 νίκας
1209 3686 1479 3751 νενίκηκε,
1526 3688 1617 3739 καὶ
1651 3687 1784 3748 οἵοις

1781 3704 1784 3714 ’
1884 3692 2111 3759 gratiam
2142 3692 2497 3760 adeptus'sit,
2530 3704 2664 3763 quot
2686 3695 2951 3752 victorias
2983 3704 3313 3768 reportarit,
3348 3721 3446 3759 cu-

211 3782 494 3846 στειράνοις
526 3778 1027 3846 κατακεκόσμηται,
1068 3777 1283 3845 ἀπόχρη
1323 3776 1606 3827 καὶταῦτα
1636 3775 1781 3829 διδά-

1877 3784 2116 3852 junmodi
2146 3786 2369 3840 coronis
2396 3787 2559 3841 fuerit
2596 3799 2923 3855 exornatus,
2970 3793 3186 3848 abunde.
3221 3810 3449 3866 possunt

211 3872 317 3935 ξαι.
350 3870 568 3938 Ἐπειδὴ
594 3869 647 3920 δέ
692 3885 834 3930 τινες
880 3867 1167 3919 δυσκολίαν
1211 3868 1374 3937 ήθους
1406 3867 1779 3931 ἐπαιτιῶνται,

1883 3877 1996 3930 hac
2020 3877 2239 3931 docere.
2285 3878 2388 3933 Sed
2418 3880 2543 3948 quia
2575 3888 2703 3935 sunt
2741 3883 3012 3948 nonnulli,
3045 3885 3134 3952 qui
3168 3886 3288 3955 ejus
3331 3905 3448 3941 mo-

210 3964 307 4015 καὶ
329 3960 737 4030 δυσχεραίνουσι
773 3960 834 4011 τὸ
866 3959 1164 4028 φιλέρημον
1204 3959 1296 4011 καὶ
1348 3956 1590 4027 ἡσύχιον,
1627 3957 1782 4025 ὀλίγα

1882 3966 2159 4020 rositatem
2214 3968 2595 4035 criminantur,
2651 3971 2991 4042 nimiumque
3027 3975 3337 4033 solitudinis
3396 3991 3449 4034 et

211 4053 569 4123 περὶτούτων
597 4051 787 4115 εἰπὼν,
840 4053 1014 4121 πέρας
1060 4051 1303 4120 ἐπιθήσω
1336 4053 1412 4119 τῷ
1460 4049 1778 4118 διηγήματιο

1883 4058 2082 4126 quietis
2109 4057 2349 4113 studium
2383 4060 2809 4132 reprehendunt,
2829 4064 2895 4118 de
2914 4065 2998 4120 his
3030 4079 3204 4135 pauca
3239 4069 3328 4123 ubi
3363 4071 3444 4124 di-

212 4145 499 4215 ηρόκειται
531 4145 714 4201 πᾶσιν.
739 4143 813 4205 ὼς
842 4142 999 4211 ἔφην,
1028 4144 1107 4205 είς
1132 4143 1384 4211 θεωρίαν,
1409 4140 1533 4193 οὔτε
1549 4140 1781 4211 θριγκίῳ

1883 4162 2035 4210 xero,
2077 4149 2238 4203 finem
2279 4152 2554 4221 imponam
2607 4155 2931 4207 narrationi.
2973 4154 3226 4211 Omnium
3272 4163 3449 4215 oculis

210 4235 615 4302 πεφραγμένος,
650 4232 771 4286 οὔτε
805 4232 1017 4301 διαλύσῃ
1036 4234 1140 4284 τινί
1168 4232 1199 4301 ἢ
1233 4236 1404 4302 σκηνῇ
1438 4232 1779 4301 καλυπτόμε-

1884 4240 1950 4293 ad
1981 4241 2335 4309 spectandum
2367 4245 2652 4313 expositus
2688 4254 2792 4312 est,
2821 4253 2878 4299 ut
2912 4247 3024 4315 jam
3050 4249 3183 4311 dixi,
3214 4266 3315 4306 nec
3337 4270 3450 4306 ma-

208 4341 319 4387 ειος.
354 4324 621 4385 Ἕκαστος
666 4321 723 4373 δέ
771 4322 880 4379 τῶν
928 4323 1366 4391 ἀφικνουμένων,
1422 4323 1512 4375 ὑπ’
1566 4323 1780 4383 οὐδενὸς

1885 4331 2029 4385 ceria
2053 4331 2482 4402 circumseptus,
2507 4350 2606 4389 nec
2630 4338 2849 4407 tugurio
2876 4339 3058 4407 aliquo
3087 4341 3331 4406 abditus,
3357 4357 3448 4398 aut

208 4417 394 4485 ἑρκίον
452 4415 811 4482 κωλυόμενος.
851 4413 1012 4476 εὐθὺς
1062 4414 1491 4483 παραγινόμενος
1525 4414 1780 4483 προσδια-

1775 4443 1780 4453 ν
1886 4424 2258 4479 tabernaculo.
2293 4423 2361 4478 Et
2396 4427 2489 4495 qui
2523 4427 2823 4481 adventant
2866 4444 3057 4485 onmes
3104 4433 3254 4485 nullo
3301 4437 3440 4505 sepi-

208 4504 463 4570 λέγεσθαι
479 4504 745 4573 βούλεται.
776 4502 896 4559 Τοῖς
925 4502 982 4553 δὲ
1019 4501 1197 4563 ἄλλοις
1240 4502 1472 4569 ταυτησὶ
1504 4502 1602 4570 τῆς
1626 4500 1774 4567 φιλο·
1814 4523 1855 4576 ι)

1814 4523 1855 4576 ι)
1887 4524 2068 4568 mento
2098 4516 2450 4583 prohibente,
2505 4520 2665 4572 simul
2701 4534 2768 4573 ac
2797 4532 3066 4574 venerunt
3101 4524 3305 4594 alloqui
3350 4500 3443 4581 vo-

211 4597 404 4662 σοφίας
458 4597 711 4664 ἐρασταῖς
768 4594 862 4647 καὶ
907 4594 1130 4662 θριγκία
1168 4594 1263 4645 καὶ
1316 4592 1477 4662 θύραι
1527 4591 1651 4655 εἰσὶ,
1687 4592 1779 4644 καὶ

1886 4607 2022 4659 Ιυηι.
2052 4605 2119 4659 At
2158 4608 2371 4663 caeteris
2414 4609 2577 4678 hujus
2622 4610 2985 4679 philosophia:
3027 4591 3368 4671 amatoribus
3397 4630 3446 4671 et

206 4689 437 4756 ἡσυχίας
466 4687 783 4748 ἀπόλαυσις,
819 4687 911 4739 καὶ
948 4686 1258 4751 άνοίγνυσιν
1295 4682 1558 4753 ἐθελήσας
1589 4684 1617 4735 ὁ
1649 4682 1779 4735 καθ-

1773 4712 1779 4721 ·
1882 4698 2133 4751 maceria!
2158 4708 2285 4751 sunt
2309 4709 2363 4754 et
2384 4700 2585 4769 januaa,
2617 4710 2669 4755 et
2700 4702 2882 4771 quiete
2914 4702 3015 4757 frui
3044 4705 3167 4758 licet
3198 4724 3208 4759 :
3244 4709 3438 4775 aperit-

208 4779 517 4847 ειργμένος,
556 4778 649 4829 καὶ
678 4776 1037 4829 άναῦάλλεται
1084 4776 1207 4828 ὅσον
1250 4774 1517 4843 βούλεται,
1558 4777 1651 4827 καὶ
1681 4773 1777 4841 τῆς

1881 4804 1987 4857 que
2021 4791 2065 4844 si
2098 4791 2340 4861 velitqui
2371 4796 2620 4847 reclusus
2650 4801 2755 4858 est,
2793 4802 2845 4848 et
2876 4794 3054 4849 differt
3085 4800 3260 4865 quoad
3283 4773 3442 4857 libet.

207 4872 357 4935 θείας
391 4874 708 4941 ἐμφορεῖται
747 4870 978 4940 θεωρίας
1015 4870 1139 4922 ὅσον
1178 4866 1373 4920 ἐθέλει.
1419 4866 1684 4921 Ἐνταῦθα
1720 4864 1775 4916 δὲ

1884 4880 2096 4951 1252
2136 4884 2495 4953 expleturque
2522 4884 2768 4953 quandiu
2816 4886 2929 4939 vult
2974 4864 3153 4941 divina
3202 4898 3445 4943 contem-

206 4965 410 5016 τούτων
450 4963 622 5015 οὐδέν.
671 4961 761 5013 Διὸ
807 4962 1039 5031 μάλιστα
1088 4959 1427 5029 δυσχεραίνει
1480 4960 1605 5020 τοὺς
1648 4955 1775 5025 παρ’

1881 4971 2138 5038 platione.
2180 4970 2277 5025 Hic
2308 4989 2438 5027 vero
2465 4975 2596 5027 nihil
2621 4984 2704 5029 est
2736 4977 3066 5044 hujusmodi.
3110 4977 3287 5044 Quare
3325 4981 3445 5033 illos

206 5050 371 5105 αὑτὸν
406 5052 502 5120 τῆς
540 5052 845 5122 προσευχῆς
885 5052 976 5104 τὸν
1010 5049 1201 5119 καιρὸν
1256 5048 1625 5118 ἐνοχλοῦντας.
1659 5048 1774 5099 Κᾶν

1880 5060 1974 5130 qui
2016 5062 2282 5119 orationis
2316 5072 2562 5135 tempore
2598 5068 2949 5137 interpellant
2995 5068 3100 5123 fert
3144 5072 3442 5139 a'gerrime.

210 5148 311 5216 μὶν
380 5143 737 5207 κελεύσαντος
818 5145 977 5208 εὐθὺς
1043 5146 1290 5207 ἀπίοιεν,
1365 5143 1522 5194 πάλιν
1597 5141 1777 5211 ἔχεται

1881 5152 2037 5218 Quod
2063 5155 2106 5209 si
2135 5155 2365 5222 jubente
2390 5156 2509 5226 ipso
2548 5173 2669 5211 mox
2701 5160 3051 5223 recesserint,
3081 5162 3219 5215 redit
3250 5162 3441 5215 iterum

206 5240 304 5303 ei;
357 5236 684 5307 προσευχῆς.
744 5237 805 5287 Εἰ
850 5237 907 5289 δὲ
958 5236 1267 5305 ἐπιμένοιεν
1326 5233 1627 5303 ὀχλοῦντες,
1682 5233 1775 5285 καὶ

1881 5243 1949 5297 ad
1980 5247 2307 5300 orationem.
2340 5249 2408 5299 At
2449 5250 2495 5303 si
2532 5251 2760 5305 turbare
2785 5260 3034 5321 pergant,
3074 5260 3126 5305 ct
3162 5253 3331 5307 semel
3383 5269 3446 5307 ac

207 5330 352 5392 ἆπαξ
391 5329 483 5381 καὶ
513 5328 594 5390 δὶς
639 5330 1027 5397 παρεγγυήσας
1080 5328 1152 5396 μὴ
1197 5325 1420 5387 πείσειε,
1481 5323 1775 5393 τηνικαῦτα

1882 5338 2123 5391 secundo
2147 5341 2369 5395 monitis
2402 5357 2508 5395 non
2543 5344 2898 5411 persuaserit,
2939 5352 3067 5396 tunc
3093 5345 3330 5413 graviter
3372 5343 3446 5397 fe-

207 5422 541 5491 ὀυτχεράνας
595 5421 862 5489 ἐπιτιμῶν
914 5421 1319 5489 ἀποπέμπεται.
1351 5418 1507 5486 Ἐμοὶ
1559 5417 1613 5469 δὲ
1651 5418 1773 5487 περὶ

1882 5444 2011 5483 rens
2040 5440 2092 5483 et
2126 5431 2414 5501 increpans
2442 5450 2538 5489 eos
2568 5435 2846 5488 amandat.
2886 5434 3012 5488 Mihi
3046 5447 3223 5490 autem
3250 5436 3350 5489 hac
3380 5434 3446 5487 de

206 5517 396 5567 τούτου
440 5516 573 5585 πρὸς
604 5516 766 5567 αὑτὸν
784 5516 1105 5581 γεγένηνται
1131 5513 1274 5581 λόγοι
1298 5529 1312 5544 ⁸
1345 5514 1435 5565 καί
1467 5530 1617 5575 τινας
1644 5512 1775 5581 ἔφην

1882 5533 1938 5572 re
1963 5535 2085 5572 eum
2121 5521 2213 5572 illo
2238 5537 2419 5575 sermo
2447 5522 2570 5577 fttit.
2604 5522 2717 5575 Dixi
2753 5526 2897 5577 enim
2925 5523 3237 5577 contristari
3271 5538 3444 5593 quos-

207 5609 497 5677 ἀσχάλλειν
526 5607 897 5672 ἐξελαθέντας,
936 5609 1029 5660 καὶ
1069 5607 1315 5675 εὐλογίας
1363 5606 1435 5674 μὴ
1483 5606 1776 5675 μετασχόν-

1880 5607 2029 5674 dam,
2066 5612 2157 5678 qui
2194 5612 2407 5679 expulsi
2459 5611 2702 5677 fuerant,
2748 5614 3297 5681 benedictionemqne
3340 5626 3444 5666 non

205 5717 304 5763 τας
330 5715 342 5727 ·
376 5701 466 5752 καὶ⁵
489 5700 570 5751 ὅτι
599 5699 809 5770 πρέπον
840 5700 944 5766 εἴη,
981 5700 1102 5761 τοὺς
1129 5698 1318 5749 τούτου
1340 5697 1501 5766 χάριν
1521 5698 1775 5765 ἀφικνου-

1882 5712 2222 5770 acceperant,
2255 5712 2308 5756 et
2342 5704 2661 5769 convenire,
2702 5714 2761 5758 ut
2791 5705 2881 5773 qui
2926 5704 3088 5771 hujus
3128 5704 3302 5774 gratia
3355 5716 3444 5754 ve-

210 5789 423 5857 μένους,
458 5789 549 5841 καὶ
610 5789 819 5843 πολλῶν
867 5788 1085 5859 ἡμερῶν
1135 5789 1253 5841 ὁδὸν
1302 5786 1641 5852 ὲξανύοντας,
1704 5788 1777 5857 μὴ

1883 5789 2061 5854 nium,
2104 5793 2511 5861 mullorumque
2543 5795 2748 5847 dierum
2784 5796 2886 5849 iter
2910 5794 3230 5853 conficiunt,
3264 5792 3445 5843 tristes

566 5882 809 5943 ΡΑτῑιοῐ.
874 5883 986 5941 Gn.
1027 5881 1319 5941 LXXXII.

3055 5884 3128 5941 '46
