4216 6456
732 382 857 445 1451

1677 380 2162 439 THEODORETI
2203 379 2541 440 EPISCOPI
2582 378 2948 440 CYRENSIS

3854 378 3999 443 1453

727 488 832 524 non
869 469 1151 535 recedant,
1178 470 1271 524 scd
1306 467 1495 522 latitia
1526 468 1811 529 cumulati,
1841 476 1895 521 et
1930 470 2021 535 qui
2052 467 2301 535 philoso-

2414 466 2740 537 ἀχθομένους
2778 468 3079 528 ἐπανιέναι,
3133 465 3272 519 ἀλλά
3326 467 3592 537 θυμηδίας
3642 469 3995 537 ἐμςνορουμὲ-

727 563 870 631 p'uia:
900 569 1007 616 tua:
1038 560 1563 615 commemoratione
1586 562 1895 615 nescientes
1917 560 2187 613 reﬁciant.
2211 560 2305 613 Ille

726 670 858 709 vero
884 674 896 707 :
926 672 943 703 ι
980 651 1098 705 Non
1121 652 1379 713 aliorum,
1413 651 1612 721 inquit,
1643 650 1737 705 sed
1773 652 1880 705 mei
1926 651 2101 720 ipsius
2132 664 2304 703 causa

725 746 779 798 in
807 750 1047 797 montem
1081 743 1225 796 veni.
1266 740 1404 795 Nam
1444 756 1571 795 cum
1611 741 1800 795 multis
1830 750 2182 810 peccatorum
2215 740 2302 793 ul-

722 834 946 890 ceribus
984 841 1212 903 opertus
1246 834 1389 897 sim,
1432 833 1719 888 curatione
1761 833 1994 902 plurima
2042 832 2299 903 indigeo:

722 940 955 992 eamque
993 927 1067 980 ob
1106 941 1221 980 rem
1275 925 1566 979 Dominum
1606 935 1858 980 nostrum
1903 939 2037 986 oro,
2075 934 2135 977 ut
2169 923 2302 978 mihi

726 1015 993 1071 salutaria
1027 1015 1287 1070 vitiorum
1324 1014 1567 1069 remedia
1600 1015 1829 1068 tribuat.
1858 1012 1979 1078 Quo
2010 1023 2174 1083 pacto
2206 1013 2307 1083 igi-

724 1117 818 1163 tur
838 1109 1142 1164 absurdum
1176 1107 1337 1163 valde
1374 1122 1442 1163 ac
1474 1108 1705 1163 stultum
1754 1123 1863 1160 non
1899 1109 1994 1171 sit,
2033 1108 2306 1162 orationis

727 1204 878 1257 Illum
913 1202 1232 1273 praecidere,
1276 1210 1443 1272 atque
1487 1201 1743 1256 homines
1792 1201 2015 1256 interim
2062 1199 2309 1270 alloqui?

727 1295 941 1351 Etenim
968 1295 1014 1349 si
1041 1294 1287 1363 ejusdem
1320 1301 1534 1348 natura:
1554 1292 1798 1347 hominis
1836 1291 2075 1345 famulus
2102 1306 2304 1353 essem,

728 1386 1134 1455 ministeriique
1167 1384 1431 1439 dominici
1467 1392 1737 1454 tempore,
1770 1384 1951 1437 cibum
1985 1391 2082 1436 aut
2119 1390 2307 1450 potum

728 1479 1049 1546 tempestive
1115 1478 1313 1533 afferre
1367 1478 1817 1547 prastermittens,
1873 1491 1999 1529 eum
2051 1476 2239 1545 aliquo
2276 1489 2310 1528 e

728 1569 1017 1623 conservis
1059 1568 1357 1630 fabularer,
1389 1567 1591 1636 quibus
1620 1566 1795 1634 plagis
1824 1580 1934 1617 non
1966 1564 2166 1618 merito
2195 1562 2309 1615 aﬂi-

733 1659 922 1713 cerer?
942 1657 1095 1724 Quod
1122 1659 1166 1711 si
1190 1655 1473 1726 praesidem
1504 1656 1715 1718 adiens,
1737 1655 1915 1724 deque
1943 1654 2143 1723 injuria
2174 1653 2308 1707 mihi

2407 577 2551 625 νους,
2581 562 2803 623 καὶτοῖς
2831 561 2930 627 τῆς
2960 561 3057 627 σῆς
3073 560 3391 628 φιλοσο-,ςίας
3411 560 3744 629 διηγήμασιν
3766 559 3997 612 ἐστιῶν-

2407 669 2507 716 τας
2565 653 2693 715 τοὺς
2762 650 3114 719 ἀγνοοῦντας.
3150 651 3211 705 Ὀ
3243 652 3337 716 δέ,
3378 672 3397 702 ι
3434 652 3549 704 Οὐκ
3608 651 3777 704 άλλου
3806 653 3995 719 χάριν,

2409 743 2537 813 ἔφη,
2563 744 2680 796 ἀλλ’
2710 741 2950 814 ἐμαυτοῦ
2995 742 3058 795 τὸ
3108 742 3235 813 δρος
3293 742 3620 811 κατείλητα.
3671 744 3783 794 Καὶ
3820 741 4001 793 πολλά

2407 836 2528 889 λίαν
2555 836 2969 906 ἁμαρτημάτων
3020 834 3402 905 περικείμενος
3452 835 3608 904 ἕλκη,
3638 834 3842 901 πολλῆς
3871 834 3999 884 δέου

2414 945 2512 997 μαι
2559 927 2874 999 θεραπείας.
2940 926 3054 980 Καὶ
3110 924 3304 978 τούτου
3349 926 3534 978 εἵνεκα
3584 924 3675 977 τὸν
3718 924 4001 993 ἡμέτερον

2412 1020 2647 1073 ἱκετεύω
2705 1019 3003 1089 Δεσπότην,
3032 1018 3219 1088 ὀρέξαι
3271 1034 3363 1087 μοι
3394 1017 3463 1069 τά
3498 1015 3599 1086 τῆς
3640 1014 3841 1076 κακίας
3872 1014 4003 1065 ἀλεο

2412 1112 2757 1181 ξιφάρμακα.
2788 1110 2913 1171 Πῶς
2940 1110 3123 1162 τοίνυν
3151 1109 3253 1162 οὐκ
3289 1110 3513 1171 ἄτοπον,
3546 1108 3643 1159 καὶ
3676 1107 3800 1159 λίαν
3836 1106 4004 1173 ἀνόηο

2408 1221 2522 1267 τον,
2552 1204 2808 1272 διακόψαι
2858 1202 2957 1272 μὲν
3010 1202 3101 1255 τὸν
3127 1203 3227 1271 τῆς
3260 1203 3498 1265 ἱκετείας
3539 1201 3753 1271 εἱρμὸν,
3788 1198 4003 1267 μεταξῦ

2408 1295 2467 1348 δέ
2515 1294 2752 1358 διάλεξιν
2808 1295 2945 1364 πρὸς
3009 1292 3333 1362 ἀνθρώπους
3364 1292 3737 1360 ποιήσασθαις
3779 1291 3844 1343 Et
3884 1289 4003 1358 γάρ

2411 1387 2629 1454 οἰκέτης
2662 1384 2951 1454 ἀνθρώπου
2972 1382 3248 1453 ὁμοφυοῦς
3280 1382 3597 1450 ἐτύγχανον.
3624 1383 3680 1432 ἐν
3696 1381 3751 1432 δὲ
3776 1379 3858 1448 τῷ
3896 1379 4005 1447 τῆς

2420 1475 2745 1544 δεσποτικῆς
2765 1475 3042 1535 διακονίας
3072 1473 3270 1543 καιρῷ,
3286 1470 3599 1525 καταλιπὼν
3614 1471 3675 1522 τὸ
3698 1485 4006 1539 προσενεγ-

2413 1570 2532 1621 κεῖν
2558 1569 2639 1630 είς
2662 1565 2856 1636 καιρὸν
2882 1565 2913 1634 ἦ
2947 1563 3095 1617 σιτία
3124 1564 3158 1634 ἢ
3190 1563 3348 1623 ποτά,
3380 1563 3519 1632 πρός
3561 1578 3682 1613 τινα
3718 1560 3830 1611 τῶν
3867 1560 4007 1626 ὁμο-

2410 1659 2615 1712 δούλων
2640 1657 2987 1725 ἐποιησάμην
3026 1653 3283 1719 διάλεξιν,
3331 1653 3500 1715 πόσας
3550 1652 3648 1704 οὐκ
3676 1651 3742 1704 ἂν
3771 1650 4009 1711 δικαίως

728 1765 757 1801 a
785 1750 1040 1818 quopiam
1090 1749 1237 1801 illata
1286 1746 1668 1817 expostulans.
1709 1747 2013 1800 orationem
2043 1746 2098 1799 in
2126 1745 2307 1798 medio

2414 1748 2685 1819 ἐδεξάμην
2710 1747 2960 1815 πληγάς;
2999 1748 3059 1800 Et
3085 1746 3143 1798 δέ
3175 1746 3268 1797 καὶ
3290 1744 3512 1815 ἄρχοντι
3538 1742 3877 1813 προσελθὼν,
3902 1740 4009 1792 καὶ

728 1856 894 1895 cursu
919 1840 1320 1908 abrumperem,
1340 1852 1766 1908 sermonemque
1788 1838 1954 1891 alium
1985 1835 2051 1889 ad
2070 1836 2306 1905 aliquem

2414 1842 2479 1911 ἣν
2512 1816 2772 1908 ὑπομένω
2808 1838 2961 1908 παρά
3022 1854 3170 1899 τινος
3212 1835 3569 1905 διηγούμενος
3623 1834 3860 1891 ἀδικίαν,
3915 1832 4006 1883 διο

726 1946 794 1985 ex
820 1934 839 1953 ⁹
870 1931 1181 1985 astantibus
1248 1929 1484 1994 ordirer,
1548 1946 1729 1983 annon
1764 1943 1910 1999 aegre
1949 1929 2189 1981 laturum
2215 1926 2310 1995 ju-

728 2023 904 2078 dicem
936 2032 1115 2092 putas,
1145 2036 1210 2075 ac
1255 2037 1366 2077 non
1410 2022 1586 2076 solum
1629 2036 1786 2091 Opem
1828 2028 2179 2090 negaturum,
2211 2018 2310 2074 sed

726 2112 961 2167 verbera
996 2126 1215 2180 quoque
1248 2111 1587 2172 additurum,
1617 2118 1673 2163 et
1721 2118 1876 2163 extra
1903 2109 2178 2163 cancellos
2204 2109 2312 2176 eje-

730 2204 991 2256 cturum?
1020 2201 1123 2267 Qui
1156 2218 1288 2271 ergo
1322 2200 1406 2256 fas
1433 2217 1763 2271 equumque
1795 2202 1885 2261 sit,
1907 2200 2311 2270 famulumqui-

728 2296 853 2349 dem
892 2310 1021 2365 erga
1081 2293 1385 2357 dominum,
1440 2302 1496 2347 et
1549 2292 1855 2362 supplicem
1919 2291 2133 2360 1253
2178 2306 2309 2361 erga

725 2386 963 2453 judicem
1000 2384 1265 2439 decenter
1314 2400 1372 2440 se
1422 2399 1647 2455 gerere:
1690 2399 1775 2437 me
1822 2399 1951 2436 vero
1990 2383 2056 2436 ad
2107 2382 2307 2449 Deum,

725 2478 819 2547 qui
848 2486 904 2533 et
933 2480 1302 2548 sempiternus
1335 2484 1419 2533 est
1451 2478 1734 2539 Dominus,
1765 2487 1820 2530 et
1852 2476 2021 2545 judex
2054 2476 2312 2543 aequissi-

726 2583 869 2630 mus,
889 2577 945 2621 et
973 2569 1361 2623 universorum
1387 2584 1503 2628 rex.
1531 2567 1904 2629 accedentem.
1936 2583 2001 2621 ne
2020 2570 2085 2621 ad
2112 2572 2305 2620 horum

726 2659 950 2727 quidem
982 2659 1293 2729 exemplum
1328 2658 1625 2722 accedere,
1666 2657 1759 2712 sed
1794 2659 1861 2713 ad
1893 2673 2194 2712 conservos
2225 2658 2309 2711 iu-

729 2760 815 2805 tcr
840 2752 1111 2805 orandum
1146 2767 1231 2805 me
1261 2761 1607 2815 convertere,
1635 2760 1689 2805 et
1719 2752 1937 2821 longam
1984 2750 2308 2805 confabula-

729 2844 932 2897 tionem
955 2844 1179 2898 texere?
1204 2863 1222 2895 ι
1254 2842 1377 2898 Haec
1406 2854 1459 2900 et
1487 2843 1694 2907 audivi,
1721 2851 1778 2897 et
1806 2842 1873 2896 ad
1903 2858 2001 2897 eos
2025 2844 2185 2897 retuli
2212 2842 2309 2912 qui

729 2935 1226 3003 conquerebantur.
1265 2936 1341 2989 Ac
1365 2935 1496 2989 mihi
1522 2934 1745 3005 quidem
1774 2935 1913 2989 bene
1942 2943 2199 3004 recteque
2226 2935 2311 2989 di-

727 3024 879 3080 xisse
931 3024 1169 3078 videtur.
1212 3023 1346 3079 Nam
1401 3035 1595 3093 praeter
1633 3024 1748 3079 haec
1800 3040 1923 3094 qua:
1964 3024 2110 3079 dicta
2157 3033 2308 3091 sunt,

727 3116 1014 3185 prOprium
1055 3124 1139 3171 est
1184 3118 1488 3171 amantium
1533 3119 1671 3173 alios
1709 3132 1904 3173 omnes
1935 3127 2309 3184 contemnere,

729 3208 786 3259 in
820 3221 998 3276 eoque
1027 3222 1137 3260 uno
1184 3208 1389 3261 haerere
1429 3223 1590 3276 quem
1623 3218 1808 3262 amant
1842 3216 1897 3261 et
1925 3208 2193 3278 diligunt,
2228 3219 2311 3261 at-

730 3313 838 3366 que
888 3299 1033 3351 hunc
1068 3305 1123 3351 et
1170 3307 1336 3351 noctu
1380 3299 1681 3363 somniare,
1728 3307 1784 3353 et
1833 3299 2071 3354 interdiu
2123 3299 2312 3352 animo

729 3378 973 3443 versare.
1019 3388 1314 3458 Propterea
1358 3405 1499 3459 πει-ε
1546 3390 1689 3445 ferre
1731 3391 1859 3444 mihi
1906 3390 2148 3451 videtur,
2182 3405 2308 3443 cum

734 3484 784 3535 in
814 3491 997 3552 optata
1023 3482 1487 3550 contemplatione
1510 3484 1774 3537 insistens
1794 3485 2045 3536 adamata
2064 3482 2311 3551 pulchri—

736 3572 923 3626 tudine
953 3572 1160 3641 expleri
1198 3572 1538 3641 prohibetur.
1578 3572 1868 3626 Narrando
1920 3573 2023 3626 ista
2065 3573 2315 3626 conscri-

735 3664 967 3731 psimus,
988 3662 1248 3718 brevitati
1286 3662 1540 3732 inprimis
1568 3663 1881 3723 studentes.
1913 3679 1979 3716 ne
1999 3663 2313 3732 prolixitate

720 3748 1036 3808 lectoribus
1075 3754 1237 3815 taedio
1268 3769 1539 3808 essemus.
1591 3754 1747 3819 Quod
1785 3755 1829 3809 si
1860 3764 2141 3824 superstes
2185 3756 2311 3810 huic

734 3849 1035 3901 narrationi
1075 3847 1304 3911 vixerit,
1335 3846 1438 3899 alia
1472 3846 1727 3902 videlicet
1766 3850 2029 3917 prmclara
2063 3848 2309 3904 facinora

734 3940 1017 4006 prioribus
1073 3938 1316 4006 adjiciet,
1369 3948 1425 3995 et
1480 3940 1595 3995 hac
1648 3942 1741 3995 alii
1788 3944 2163 3997 COIISCTillan
2199 3940 2311 3996 Nos

731 4031 875 4083 enim
906 4031 1031 4084 hinc
1070 4031 1372 4101 emigrandi
1416 4030 1752 4086 desiderium
1804 4035 2101 4087 maximum
2137 4042 2306 4088 tenet.

737 4122 959 4175 Pietatis
1005 4131 1187 4175 autem
1226 4122 1558 4177 athletarum
1593 4124 1928 4191 agonotheta
1984 4124 2144 4178 linem
2182 4125 2312 4180 huic

732 4213 1128 4267 certaminibus
1148 4215 1371 4284 dignum
1402 4214 1629 4281 tribuat,
1650 4228 1708 4268 ut
1739 4217 1882 4286 quod
1907 4226 2158 4286 superest
2180 4232 2311 4270 cur-

732 4320 831 4358 sus
864 4306 1037 4373 priori
1064 4307 1396 4366 consentiat.
1434 4308 1718 4377 victorque
1752 4310 1968 4363 tandem
2008 4310 2073 4362 ad
2108 4318 2306 4364 metam

732 4397 1035 4464 perveniat,
1083 4404 1137 4450 ct
1185 4398 1564 4452 inﬁrmitatem
1610 4408 1858 4452 nostram
1895 4399 2014 4467 ejus
2053 4402 2311 4468 precibus

734 4483 1057 4551 conﬁrmet,
1100 4498 1158 4539 nt
1208 4489 1550 4543 corroborati
1600 4492 1804 4545 multas
1856 4491 2043 4547 clades
2091 4505 2314 4547 nostras

733 4576 1126 4634 resarciamns.
1156 4587 1206 4631 ct
1237 4594 1303 4632 ει
1332 4580 1429 4633 hac
1458 4581 1563 4633 vita
1588 4581 1829 4637 victores
1859 4585 2215 4638 excedamus.

2413 1931 2587 1999 ἔκοψα
2618 1932 2714 2001 μὲν
2735 1933 2793 1982 ἐν
2820 1930 2971 2000 μέσῳ
3014 1930 3116 1999 τὴν
3161 1927 3418 1991 διάλεξιν,
3453 1927 3645 1988 ἄλλους
3697 1926 3753 1977 δὲ
3804 1924 4007 1990 λόγους

2406 2022 2562 2087 τινὰς
2588 2021 2726 2092 πρός
2758 2038 2909 2083 τινας
2937 2020 3044 2074 τῶν
3076 2019 3365 2088 παρόντων
3408 2016 3779 2085 ἐποιησάμην,
3813 2012 3878 2065 οὔ
3914 2029 4007 2065 σοι

2407 2115 2559 2168 δοκεῖ
2587 2114 2917 2183 δυσχερᾶναι
2948 2112 3041 2165 τὸν
3068 2110 3349 2181 δικαστὴν,
3377 2108 3469 2162 καὶ
3501 2106 3603 2176 τῆς
3641 2107 3741 2176 μὲν
3769 2107 4006 2159 ἐπικουο

2410 2207 2533 2278 ρίας
2561 2205 2954 2275 ἀποστερῆσαι,
3001 2202 3317 2273 προσθεῖναι
3344 2200 3401 2253 δὲ
3447 2200 3542 2252 καὶ
3573 2198 3869 2269 μάστιγας,
3909 2196 4008 2248 καὶ

2407 2300 2519 2351 τῶν
2554 2297 2842 2365 κιγκλίδων
2871 2295 3173 2360 ἀπελάσαι;
3207 2295 3329 2357 Πῶς
3357 2294 3537 2346 τοίνυν
3566 2294 3732 2356 ὅσιον,
3759 2291 4006 2363 δεσπότῃ

2412 2390 2512 2459 μὲν
2540 2390 2632 2441 τὸν
2658 2389 2897 2459 οἰκέτην,
2922 2389 3017 2440 καὶ
3040 2387 3268 2457 δικαστῇ
3313 2386 3409 2438 τὸν
3450 2385 3657 2455 ἱκέτην,
3687 2385 4004 2454 προσηκόνο

2409 2500 2518 2545 τως
2541 2480 2950 2551 προσφέρεσθαι
2969 2497 2983 2511 ’
3034 2481 3135 2549 ἐμὲ
3185 2480 3244 2533 δὲ
3295 2478 3375 2548 τῷ
3408 2476 3551 2547 Θεῷ,
3580 2476 3658 2546 τῷ
3678 2478 3774 2530 καὶ
3793 2474 4008 2545 αἰωνίῳ

2410 2573 2679 2644 Δεσπότη,
2707 2573 2803 2627 καὶ
2823 2572 3056 2641 δικαστῇ
3102 2570 3449 2640 δικαιοτάτῳ,
3496 2570 3589 2622 καὶ
3628 2567 3842 2636 βασιλεῖ
3888 2567 4008 2620 τῶν

2412 2666 2674 2721 ἁπάντων
2740 2664 3068 2735 προσιόντα,
3130 2663 3266 2733 μηδὲ
3324 2662 3537 2725 τούτοις
3601 2660 4009 2731 παραπλησίως

2415 2757 2690 2810 ποιεῖσθαι
2726 2757 2827 2826 τὴν
2859 2753 3142 2823 πρόσοδον,
3167 2752 3304 2806 ἀλλά
3333 2751 3537 2822 μεταξὺ
3563 2750 4010 2821 προσευχόμενον

2411 2847 2549 2919 πρὸς
2576 2848 2702 2911 τοὺς
2728 2846 3047 2915 ὁμοδούλους
3072 2828 3389 2915 τρέπεσθαι,
3441 2844 3535 2896 καὶ
3578 2843 3797 2913 μακρὰν
3826 2843 4009 2894 tants!-

2412 2938 2539 2993 σθαι
2570 2937 2843 3003 διάλεξιν;
2882 2956 2901 2989 ι
2940 2937 3125 2990 Ταῦτα
3169 2938 3264 2989 καὶ
3318 2937 3549 3006 ἥκουσα,
3582 2934 3839 3004 καὶπρὸς
3872 2934 4008 2995 τοὺς

2411 3030 2848 3102 δυσχεράναντας
2881 3028 3305 3097 διεπόρθμευσα.
3338 3027 3449 3080 Καὶ
3474 3022 3534 3080 εὖ
3570 3044 3658 3097 μοι
3688 3027 3784 3079 καὶ
3822 3026 4007 3089 καλῶς

2414 3122 2697 3193 εἰρηκέναι
2723 3122 2890 3174 δοκεῖ.
2949 3121 3089 3191 Πρὸς
3120 3121 3228 3190 γὰρ
3257 3115 3325 3173 αὖ
3366 3121 3480 3181 τοῖς
3528 3118 3864 3189 εἰρημένοις.
3910 3119 4009 3170 καὶ

2414 3214 2542 3266 ίδιον
2562 3212 2669 3265 τῶν
2695 3210 2965 3281 ἐρώντων,
2996 3211 3213 3263 πάντων
3244 3211 3345 3279 μὲν
3364 3208 3471 3260 τῶν
3496 3206 3671 3261 ἄλλων
3699 3209 4010 3277 ὑπερορᾷν,

2414 3302 2609 3372 ἐκείνῳ
2629 3301 2688 3353 δέ
2718 3300 3173 3370 προστετηκέναι,
3207 3299 3267 3350 ὃν
3304 3296 3518 3368 φιλοῦσι
3546 3298 3641 3350 καὶ⁸
3674 3297 3965 3366 στέργουσι
3988 3314 4008 3327 -

2416 3394 2511 3447 καὶ
2545 3393 2731 3446 τοῦτον
2758 3392 2977 3462 νύκτωρ
3036 3391 3400 3462 ὀνειροπολεῖν
3420 3433 3435 3455 ,
3495 3392 3590 3443 καὶ
3621 3390 3737 3460 μεθ’
3787 3393 4012 3461 ἡμέραν

2419 3482 2809 3554 φαντάζεσθαι.
2849 3481 2953 3534 Διά
3004 3481 3166 3535 τοῦτό
3200 3499 3289 3552 μοι
3348 3480 3718 3550 δυσχεραίνειν
3738 3480 3910 3541 δοκεῖ,
3950 3483 4010 3532 ἐν

2416 3581 2484 3649 τῇ
2510 3576 2824 3649 ποθουμένη
2859 3576 2958 3645 μὲν
3022 3575 3226 3646 θεωρίᾳ
3278 3574 3593 3641 γενόμενος,
3621 3573 4010 3642 ἐμπλησθῆναι

2418 3670 2478 3724 δὲ
2497 3669 2592 3722 τοῦ
2608 3668 2915 3739 ἐπεράστου
2950 3667 3291 3737 κωλυόμενος
3319 3664 3570 3725 κάλλους.
3596 3662 3781 3716 Ταῦτα
3811 3664 4007 3732 διηγη-

2424 3760 2668 3832 ματικῶς
2704 3759 3145 3831 συνεγράψαμεν,
3170 3757 3367 3827 κομιδῇ
3392 3756 3491 3825 τῆς
3525 3757 3818 3823 συντομίας
3838 3774 4006 3823 9pm-

2417 3854 2689 3917 τίσαντες,
2722 3852 2810 3905 ἵνα
2845 3849 2918 3921 μὴ
2940 3848 3019 3919 τῷ
3056 3849 3222 3921 μήκει
3243 3849 3369 3911 τοὺς
3402 3847 3830 3915 ἐντυγχάνοντας
3863 3847 4007 3899 ἀποο

2418 3942 2747 4011 κναίσωμεν.
2782 3941 2845 3993 El
2884 3940 2940 3992 δὲ
2983 3939 3079 3992 καὶ
3129 3937 3365 4007 ἐπιϐιῴη
3398 3936 3536 4007 τῷδε
3594 3934 3672 4005 τῷ
3704 3935 4009 4005 διηγήματι

2419 4034 2631 4105 χρόνον,
2704 4032 2803 4085 καὶ
2853 4030 2988 4085 ἄλλα
3056 4029 3226 4100 μυρία
3274 4026 3542 4098 δήπουθεν
3599 4025 4009 4094 κατορθώματα

2414 4128 2527 4187 τοῖς
2550 4122 2838 4194 προτέροις
2857 4118 3177 4191 προσθήσει,
3232 4118 3327 4171 καὶ
3367 4115 3743 4186 συγγράψουσι
3773 4116 4009 4168 κάκεῖνα

2415 4218 2612 4287 ἕτεροι.
2654 4216 2813 4285 Ἡμῖν
2838 4214 2948 4284 γὰρ
2967 4215 3065 4283 τῆς
3088 4210 3337 4265 ἐντεῦθεν
3368 4208 3635 4280 ἐκδημίας
3681 4208 3846 4270 πόθος
3903 4223 4007 4261 πο-

2421 4309 2539 4372 λύς.
2586 4309 2642 4360 ’0
2679 4306 2736 4359 δὲ
2782 4305 2894 4357 τῶν
2918 4304 3017 4371 τῆς
3052 4301 3338 4365 εὐσεϐείας
3378 4300 3627 4367 ἀθλητῶν
3660 4298 4009 4369 ἀγωνοθέτης

2419 4402 2515 4454 καὶ
2538 4399 2711 4466 τούτῳ
2733 4395 2895 4450 δώσει
2918 4396 3069 4457 τέλος
3103 4394 3210 4447 τῶν
3235 4394 3463 4462 ἀγώνων
3502 4391 3745 4457 ἐπάξιον,
3776 4390 3873 4443 καὶ
3901 4390 3999 4442 τοῦ

2416 4492 2617 4560 δρόμου
2653 4486 2713 4539 τὸ
2761 4486 3085 4555 λειπόμενον
3117 4484 3393 4554 παράσχοι
3431 4481 3506 4551 τῷ
3566 4482 3819 4551 προτέρῳ
3858 4496 4003 4549 συμ-

2420 4577 2621 4636 ϐαῖνον,
2679 4574 2765 4625 ἵνα
2815 4573 3109 4641 νεκηφόρος
3151 4569 3445 4625 καταλάϐοι
3499 4569 3599 4638 τὴν
3638 4568 3864 4634 νύσσαν,
3905 4568 4004 4622 καὶ

738 4666 829 4736 τὴν
884 4669 1158 4737 ἡμετέραν
1215 4670 1500 4724 ἀσθένειαν
1558 4675 1678 4735 ταῖς
1722 4673 1913 4727 τούτου
1946 4677 2276 4745 προσευχαῖς
2330 4668 2705 4741 ὑπερείσειεν·
2756 4665 2904 4726 ὅπως
2952 4662 3422 4735 ἀναρρωσθέντες,
3470 4662 3571 4723 τάς
3611 4660 3811 4724 πολλάς
3842 4662 4005 4732 ἡμῶν

747 4760 1191 4830 ιναπαλαίσωμεν
1221 4762 1407 4832 ἥττας.
1458 4764 1550 4817 καὶ
1587 4766 1724 4835 μετά
1773 4768 1929 4837 νίκης
1956 4767 2048 4819 τὸν
2084 4767 2196 4837 βίον
2234 4764 2560 4833 ἐξέλθωμεν.

873 4871 1040 4926 XXII.
1080 4903 1151 4913 -—
1195 4872 1633 4931 TllAl.ASSlUS
1676 4887 1769 4933 aut
1810 4878 2165 4935 LIMNEUS.

805 4983 1021 5038 Tillima
1058 4985 1210 5038 vicus
1247 4994 1331 5039 est
1363 4986 1503 5055 apud
1542 5002 1663 5054 nos,
1700 4990 1830 5042 olim
1863 4991 2080 5060 quidem
2120 4990 2313 5060 impie-

739 5075 863 5130 tatis
904 5073 1199 5129 Marcionis
1240 5077 1541 5133 seminibus
1590 5094 1944 5149 conspersus,
1997 5096 2143 5135 nunc
2185 5096 2317 5136 vero

738 5168 1044 5237 evangelica
1072 5167 1288 5238 1255
1322 5167 1508 5224 fruens
1539 5172 1897 5239 agricultura.
1934 5171 2072 5226 lluic
2110 5172 2175 5226 ad
2207 5189 2317 5227 me—

740 5257 929 5312 ridiem
968 5260 1263 5325 proximus
1315 5268 1399 5314 est
1449 5262 1640 5328 collis,
1704 5279 1880 5333 neque
1938 5279 2096 5334 asper
2134 5265 2314 5327 valde,

738 5364 914 5419 nequc
941 5349 1230 5402 admodum
1269 5352 1511 5416 acclivis,
1539 5353 1591 5406 in
1617 5369 1725 5422 quo
1765 5356 2062 5411 asceticum
2099 5355 2315 5410 habita-

738 5442 918 5495 culum
950 5441 1189 5497 condidit
1218 5441 1574 5499 admirandns
1597 5443 1943 5511 Thalassius,
1978 5448 2061 5502 vir
2093 5447 2314 5502 dotibus

2658 4874 2785 4928 ΚΒ.
2820 4902 2887 4911 --
2914 4868 3292 4922 ΘΑΛΑΣΣῙΟΣ
3327 4867 3360 4937 ἢ
3395 4866 3752 4920 ΛΙΜΝΑΙΟΣ.

2496 4985 2728 5057 Τιλλίμα
2781 4981 2942 5052 κώμη
3000 4981 3084 5043 τίς
3143 4982 3259 5032 ἐστι
3318 4980 3448 5048 παρ’
3485 4981 3639 5048 ἡμῖν,
3694 4978 3867 5032 πάλαι
3909 4979 4010 5049 μὲν

2426 5081 2525 5150 τῆς
2604 5075 2931 5148 Μαρκίωνος
3010 5070 3264 5133 ἀσεϐείας
3344 5070 3608 5141 δεξαμένη
3675 5069 3744 5122 τὰ
3836 5074 4008 5144 σπέρ-

2430 5183 2600 5237 ματα,
2650 5162 2745 5216 νῦν
2798 5162 2855 5214 δὲ
2902 5161 3001 5231 τῆς
3034 5158 3398 5228 εὐαγγελικῆς
3431 5159 3779 5213 ἀπολαύουσα
3826 5178 4008 5230 γεωρ-

2425 5254 2568 5328 γίας,
2625 5255 2843 5325 Ταύτης
2891 5252 3027 5323 πρὸς
3084 5251 3428 5320 μεσημϐρίαν
3490 5251 3651 5319 λόφος
3704 5268 3787 5313 τις
3834 5253 4007 5315 ἐστὶν,

2425 5348 2549 5403 οὕτε
2584 5348 2705 5400 λίαν
2738 5344 2962 5416 τραχὺς,
3004 5341 3125 5395 οὕτε
3178 5342 3320 5413 μάλα
3360 5342 3689 5412 προσάντης.
3734 5341 3827 5394 Ἕν
3859 5342 4015 5412 αὐτῷ

2423 5442 2485 5495 τὸ
2523 5438 2818 5509 ἀσκηταὶ»)
2851 5436 3100 5505 ἐδείματο
3124 5432 3467 5501 καταγώγιον
3494 5432 3796 5496 Θαλάσσιος
3819 5434 3848 5487 6
3882 5431 4010 5488 θαυ-

1994 5623 2222 5678 νΛῐὶΗῖ
2262 5620 2669 5676 LECTIONES.

816 5739 862 5773 ³³
896 5738 1177 5793 Ηείίιηηια.
1219 5741 1434 5796 Hervct.
