4216 6456
232 382 254 443 1
267 381 294 442 εί
301 383 369 443 53

1450 378 1853 438 RELIGIOSA
1895 377 2276 438 HISTORIA.

3347 379 3476 444 1451

235 497 451 563 μάσιος,
479 494 615 564 ἀνὴρ
648 494 858 556 πολλοῖς
894 493 1325 563 κατακοσμηθεὶς
1357 495 1596 560 ἀγαθοῖς,
1631 495 1792 547 ἀπλό·
1831 500 1873 554 Α

1831 500 1873 554 Α
1906 494 2096 546 multis
2131 501 2380 558 ornatus,
2426 494 2518 547 sed
2566 509 2776 548 morum
2819 495 3188 566 simplicitate,
3225 509 3475 549 mansuc—

229 601 352 655 τητι
393 585 447 636 δὲ
496 586 678 656 ἧθους,
728 586 821 638 καὶ
863 585 1149 656 πραότητι,
1193 586 1285 637 καὶ
1334 587 1678 655 φρονήματος
1712 603 1804 654 με-

229 680 499 751 τριότητι,
529 681 652 740 τοὺς
683 679 766 731 ἐπ’
799 678 961 730 αὑτοῦ
1003 696 1065 744 γε
1106 677 1422 746 ἀνθριῖλπους
1474 679 1803 744 ὑπερϐαλλὸ·

231 788 414 836 μενος.
453 771 560 822 Καὶ
610 773 767 823 τοῦτο
810 771 952 838 λέγω
983 772 1081 822 οὐκ
1113 772 1247 839 ἀκοῇ
1298 772 1433 840 μόνη
1465 773 1800 840 πειθόμενος,

226 861 366 913 ἀλλὰ
399 863 490 913 καὶ
521 863 686 932 πείρα
726 865 1086 932 χρησάμενος.
1119 861 1429 914 Κατέλαϐον
1464 863 1571 931 γάρ
1601 864 1688 914 τὸν
1715 864 1804 914 ἄν·

226 950 351 1020 δρα,
383 953 478 1004 καὶ
529 952 786 1015 πολλάκις
843 955 939 1021 τῆς
994 953 1249 1018 γλυκείας
1296 953 1458 1004 αὑτοῦ
1512 953 1803 1022 ἀπήλαυσα

229 1040 538 1101 συνουσίας.
577 1040 670 1102 Εἰς
700 1043 790 1094 τὸν
819 1041 970 1092 τοῦδε
1013 1041 1170 1110 χορὸν
1211 1042 1452 1093 ἐτέλεσεν
1475 1045 1502 1093 ὀ
1527 1042 1620 1095 νῦν
1654 1045 1802 1113 παρὰ

229 1133 451 1183 πάντων
481 1133 738 1202 ᾁδόμενος
771 1135 1056 1202 Λιμναῖος,
1091 1135 1183 1184 καὶ
1225 1134 1418 1202 κομιδῇ
1448 1135 1562 1196 νέος
1597 1134 1670 1186 ὢν
1706 1137 1802 1204 τὴν

227 1225 572 1294 παλαίστραν
615 1227 831 1294 ἐκείνην
874 1226 1214 1286 καταλαϐὼν,
1257 1229 1355 1294 τὴν
1399 1227 1571 1297 ἄκραν
1601 1227 1803 1295 ταύτην

229 1314 548 1382 φιλοσοφίαν
586 1315 765 1377 καλῶς
807 1316 1134 1368 ἐπαιδεύετο.
1188 1318 1295 1368 Καὶ
1337 1318 1549 1386 πρῶτον
1600 1319 1658 1370 τὸ
1705 1319 1801 1388 τῆς

227 1405 474 1472 γλώττης
524 1405 675 1468 εἰδὼς
709 1407 1002 1469 εύόλισθον,
1042 1409 1324 1476 μειράκιον
1367 1409 1441 1460 ὢν
1490 1409 1588 1469 ἔτι,
1645 1413 1801 1480 σιγᾷν

225 1495 589 1563 ἐνομοθέτησε
643 1496 867 1566 ταύτην,
909 1497 1003 1548 καὶ
1051 1497 1299 1548 πλεῖστον
1340 1498 1420 1550 ὅτι
1456 1499 1686 1566 μάλιστα
1723 1501 1800 1551 δι-

225 1587 439 1637 ετέλεσε
496 1588 691 1656 χρόνον
743 1589 909 1657 μηδὲν
963 1589 1096 1656 πρὸς
1150 1589 1350 1657 μηδένα
1408 1591 1795 1660 φθεγγόμενος.

236 1678 456 1746 Ἐπειδὴ
496 1679 548 1730 δὲ
597 1679 963 1748 ἀποχρώντως
1014 1679 1110 1746 τῆς
1149 1679 1241 1731 τοῦ
1299 1679 1444 1732 θείου
1493 1683 1797 1751 πρεσϐύτου

220 1768 571 1831 διδασκαλίας
631 1770 913 1839 μετέλαχῖ,
971 1772 1064 1822 καὶ
1113 1772 1406 1838 ἐκμαγεῖον
1461 1773 1652 1824 ἑαυτὸν
1701 1775 1799 1842 τῆς

222 1861 435 1911 ἐκείνου
481 1861 758 1929 ἀπέφηνεν
791 1863 1009 1930 ἀρετῆς,
1050 1864 1199 1931 παρα
1233 1864 1323 1914 τὸν
1371 1864 1538 1932 μέγαν
1571 1865 1796 1931 ἀφίκετο
1831 1840 1871 1894 Β

222 1951 488 2019 Μάρωνα,
527 1946 588 2004 οὗ
640 1953 733 2003 καὶ
778 1953 1012 2021 πρόσθεν
1047 1954 1416 2023 ἐμνήσθημεν.
1461 1957 1710 2023 Ἀφίκετο
1739 1958 1794 2010 δὲ

222 2041 362 2093 κατὰ
403 2042 493 2094 τον
539 2041 698 2094 αὑτὸν
752 2044 962 2112 χρόνον,
998 2045 1117 2095 καθ’
1171 2044 1227 2096 ὃν
1259 2047 1284 2096 ὁ
1323 2045 1464 2108 θεῖος
1516 2047 1788 2108 Ἰάκωϐος.

221 2133 432 2202 Πολλὴν
466 2135 520 2185 δὲ
561 2135 653 2187 καί
681 2134 926 2185 ἐντεῦθεν
978 2136 1140 2187 πάλιν
1180 2136 1447 2204 ὠφέλειαν
1491 2139 1789 2208 τρυγήσας,

220 2227 317 2277 καὶ
367 2226 458 2276 τὴν
511 2227 799 2297 ὑπαίθριον
844 2228 955 2296 βίον
1003 2228 1271 2296 ζηλώσας,
1313 2231 1554 2300 κορυφὴν
1601 2233 1793 2300 ἑτέραν

219 2316 512 2379 κατέλαϐε,
540 2318 731 2386 κώμης
751 2321 891 2382 τινὸς
920 2321 1340 2390 ὑπερκειμένην,
1366 2323 1431 2392 ἢν
1463 2323 1790 2392 ὀνομάζουσι.

219 2406 534 2476 Ταργαλᾶν.
571 2410 656 2459 Ἐν
684 2409 854 2480 ταύτῃ
893 2410 1048 2478 μέχρι
1080 2412 1174 2463 καὶ
1209 2414 1444 2480 τήμερον
1470 2413 1788 2477 διετέλεσεν,

218 2499 319 2549 οὐκ
347 2499 586 2551 οἰκίσκον
616 2497 773 2568 ἔχων,
806 2500 864 2552 οὐ
899 2502 1123 2571 σκηνὴν,
1156 2503 1215 2554 οὐ
1243 2503 1506 2572 καλύϐην,
1534 2505 1665 2556 ἀλλὰ
1692 2523 1791 2573 γυ-

223 2590 342 2658 μνῷ
373 2589 602 2660 θριγκίῳ
637 2592 1107 2661 περιειργόμενος,
1145 2593 1206 2644 ἐκ
1237 2593 1400 2645 λίθων
1440 2595 1792 2666 ᾡκοδομημέο

221 2699 346 2741 νων,
385 2680 506 2732 οὐδὲ
541 2681 698 2750 πηλῷ
735 2684 1219 2752 συνηρμοσμένων.
1263 2683 1446 2754 Θύραν
1469 2685 1525 2738 δὲ
1555 2689 1791 2758 σμικράν

217 2783 340 2822 τινα
392 2771 503 2840 ἔχει
541 2771 696 2840 πηλῷ
725 2773 987 2841 διηνεκῶς
1045 2776 1443 2845 κεχρισμένην-
1479 2777 1547 2847 ἣν
1596 2777 1790 2830 οὕποτε

221 2861 324 2929 μὲν
374 2861 649 2928 ἀνοίγνυσι
709 2861 820 2914 τῶν
853 2861 1027 2915 ἄλλων
1083 2865 1514 2935 ἀφικνουμένων,
1571 2869 1692 2936 ἐμοὶ
1734 2869 1789 2920 δὲ

222 2952 373 3020 μόνῳ
407 2954 835 3024 παραγενομένῳ
867 2955 1027 3007 τοῦτο
1057 2959 1229 3007 ποιεῖν
1259 2959 1562 3027 ἐπιτρέπει.
1587 2960 1788 3013 Τούτου

218 3045 381 3111 χάριν
421 3044 836 3114 συναγείρονται
878 3046 1186 3116 πάμπολλοι
1215 3049 1496 3112 πάντοθεν,
1528 3051 1626 3118 τῆς
1651 3053 1791 3121 ἐμῆς

217 3137 457 3205 ἀφίξεως
479 3137 813 3206 αίσθόμενοι,
845 3139 1173 3208 κοινωνῆσαί
1209 3158 1296 3210 μοι
1328 3142 1427 3210 τῆς
1462 3144 1666 3195 εἰσόδου
1697 3163 1791 3197 πο-

217 3227 459 3288 θοῦντες.
494 3229 616 3289 Τοῖς
649 3228 704 3280 δὲ
754 3229 940 3282 ἄλλοτέ
977 3247 1104 3282 ποτε
1163 3232 1299 3297 πρὸς
1356 3232 1516 3284 αὑτὸν
1544 3233 1786 3300 φοιτῶσι,

217 3319 307 3370 ἲιά
339 3321 576 3387 σμικράς
602 3336 748 3382 τινος
782 3319 995 3389 θυρίδος
1039 3321 1435 3392 διαλεγόμενος.
1471 3325 1790 3392 μεταδίδωσι

218 3410 316 3477 τῆς
344 3409 620 3476 εὐλογίας,
647 3411 922 3472 πλείστοις
951 3411 1040 3463 διὰ
1084 3413 1284 3481 ταύτης
1311 3415 1408 3483 τὴν
1440 3416 1648 3480 ὑγίειαν
1689 3417 1790 3468 δωο

222 3499 510 3568 ρούμενος.
551 3501 641 3570 Τῷ
665 3503 772 3571 γάρ
799 3503 891 3553 τοῦ
913 3504 1160 3572 Σωτῆρος
1181 3504 1402 3571 ὀνόματι
1431 3508 1786 3577 κεχρημένος,

219 3591 314 3641 καὶ
345 3593 533 3653 νόσους
564 3593 748 3654 παύει,
783 3595 877 3646 καὶ
924 3594 1185 3662 δαίμονας
1217 3594 1510 3658 ἐξελαύνει,
1561 3601 1652 3652 καὶ
1693 3600 1790 3669 τὴν

217 3684 584 3752 ἀποστολικην
616 3686 862 3752 μιμεῖται
905 3683 1374 3753 θαυματουργίαν.
1404 3687 1477 3737 υὺ
1529 3687 1686 3756 μόνον
1733 3689 1790 3740 δὲ

217 3779 328 3836 τοῖς
362 3776 441 3837 εἰς
489 3777 649 3828 αὐτὸν
682 3776 1100 3845 ἀφικνουμένοις
1132 3776 1423 3839 ἀναϐλύζει
1477 3778 1574 3846 τὴν
1623 3779 1786 3840 ῐασιν,

217 3861 359 3919 ἀλλᾶ
387 3870 477 3920 καὶ
520 3869 596 3931 τῷ
632 3870 816 3938 οἰκείῳ
876 3868 1080 3935 ταύτην
1123 3869 1381 3931 πολλάκις
1425 3871 1786 3939 προσενήνοχε

220 3959 452 4027 σώματι.
493 3959 793 4027 Ἐπανέστη
827 3959 936 4028 γὰρ
965 3958 1110 4028 αὑτῷ
1134 3961 1300 4011 πάλαι
1328 3960 1455 4010 ποτὲ
1487 3958 1580 4011 τοῦ
1613 3959 1785 4011 κώλου

215 4050 277 4102 τὸ
323 4049 524 4111 πάθος·
577 4049 673 4110 τὰς
717 4050 773 4101 δὲ
822 4049 1069 4102 ἐντεῦθεν
1119 4049 1407 4118 γινομένας
1459 4049 1648 4112 ὀδύνας
1697 4051 1787 4102 καὶ

217 4141 512 4207 ἀλγηδόνας
550 4143 694 4193 ῐσασι
730 4142 827 4208 μέν
857 4140 1100 4210 ἀκριϐῶς
1121 4142 1172 4192 οί
1207 4142 1304 4210 τὴν
1337 4143 1530 4210 πεῖραν
1559 4141 1786 4209 δεξάμε-

217 4248 318 4292 νοι,
357 4231 502 4283 ίσασι
541 4233 597 4284 δὲ
627 4233 721 4284 καὶ
748 4234 795 4285 οἰ
827 4231 1014 4284 τούτου
1050 4231 1330 4298 γενόμενοι
1353 4230 1559 4284 θεαταί.
1591 4232 1786 4284 Καλιν-

214 4324 433 4377 δοῦνται
452 4325 522 4392 γά
531 4343 562 4396 ρ
583 4328 695 4386 τοῖς
719 4325 954 4378 λυττῶσι
972 4324 1388 4394 παραπλησίως,
1412 4325 1536 4394 τῇδε
1563 4326 1782 4376 κάκεῖσε

217 4433 411 4486 περιστ
423 4418 730 4487 ρεφόμενοι,
759 4418 849 4469 xal.
871 4416 986 4486 ἅμα
1011 4418 1135 4480 τοὺς
1155 4417 1320 4478 πόδας
1341 4418 1668 4478 ἐκτείνοντες
1693 4417 1784 4468 καὶ

1909 585 2135 649 tudine,
2187 585 2464 657 animique
2530 588 2790 642 modestia
2842 589 3096 642 omnibus
3147 589 3321 641 aetatis
3366 603 3474 640 sua:

1910 676 2221 730 hominibus
2255 679 2602 732 antecellens.
2632 677 2786 742 Quod
2816 679 3027 744 quidem
3061 693 3165 730 non
3199 677 3313 730 sola
3338 681 3350 696 '
3381 693 3478 728 au-

1906 764 2114 818 ditione
2166 773 2365 822 ductus
2414 767 2569 828 diro,
2633 766 2728 820 sed
2781 767 3136 835 experientia.
3192 765 3472 818 llomiuem

1904 856 2048 908 enim
2095 859 2361 919 conveni,
2415 869 2468 911 et
2517 861 2669 912 suavi
2715 859 2836 927 ejus
2885 872 3183 926 congressu
3235 871 3476 925 persaepe

1906 948 2110 1014 potitus
2145 965 2286 1002 sum.
2319 949 2373 1002 In
2406 951 2524 1017 ejus
2557 952 2784 1003 chorum
2819 959 3072 1020 receptus
3102 951 3295 1016 estqui
3327 965 3473 1001 nunc

1906 1039 1974 1090 ab
2016 1042 2270 1094 omnibus
2307 1042 2630 1095 decantatur
2671 1041 2963 1106 Limnaaus,
3009 1041 3340 1110 juveniSque
3378 1040 3475 1093 ad-

1906 1130 2124 1183 modum
2173 1133 2474 1199 palzestram
2510 1134 2654 1186 illam
2709 1133 3026 1200 ingressus,
3093 1133 3158 1184 ad
3200 1134 3472 1185 summam

1905 1221 2045 1274 hanc
2080 1223 2478 1292 philosophiam
2508 1225 2646 1278 belle
2682 1226 2968 1279 institutus
2996 1233 3098 1278 est.
3133 1225 3208 1275 Ac
3235 1223 3472 1291 primum

1903 1313 2146 1365 omnium
2179 1314 2439 1367 lubricam
2473 1318 2650 1370 sciens
2675 1331 2796 1370 esse
2829 1316 3091 1385 linguam,
3124 1313 3304 1366 adhuc
3341 1312 3472 1365 ado~

1904 1402 2235 1457 lescentnlus
2271 1404 2473 1458 silentii
2505 1406 2672 1472 legem
2707 1407 2829 1458 huic
2857 1405 3136 1474 imposuit.
3163 1404 3472 1472 mansitque

1905 1493 2226 1561 longissimo
2277 1502 2519 1563 tempore
2566 1495 2702 1548 nihil
2735 1495 2829 1547 ulli
2882 1495 3176 1563 quidquam
3214 1494 3464 1561 loquens.

1904 1583 2193 1653 Postquam
2217 1602 2345 1641 vero
2373 1588 2540 1640 divini
2577 1589 2725 1642 senis
2757 1587 3063 1641 doctrinam
3101 1586 3313 1639 abunde
3343 1600 3466 1652 per-

1903 1678 2067 1745 cepit,
2100 1677 2427 1746 virtutisque
2457 1681 2603 1732 illius
2627 1680 2854 1748 eﬂigiem
2883 1679 2936 1730 in
2967 1677 3149 1746 scipso
3175 1676 3466 1743 expressit,

1904 1766 1968 1819 ad
1995 1783 2252 1837 magnum
2286 1768 2561 1822 Maronem
2585 1786 2644 1823 se
2680 1771 2929 1831 contulit,
2972 1769 3131 1833 cujus
3164 1783 3326 1836 supra
3356 1783 3467 1818 nte-

1904 1861 2162 1913 minimus
2188 1880 2200 1914 :
2236 1863 2491 1915 convenit
2521 1873 2698 1916 autem
2731 1863 2919 1915 eodem
2943 1862 3062 1930 ipso
3097 1872 3338 1930 tempore
3360 1876 3468 1929 quo

1902 1949 2118 2004 divinus
2150 1951 2403 2006 Jacobus.
2441 1954 2502 2005 Et
2546 1953 2774 2004 multum
2809 1952 2936 2004 hinc
2967 1966 3187 2019 quoque
3215 1949 3466 2002 utilitatis

1902 2039 2140 2093 l‘ructnm
2195 2056 2318 2094 cum
2369 2041 2630 2110 cepisset,
2690 2042 2922 2109 vitasque
2989 2041 3252 2094 subdialis
3300 2054 3477 2092 temu-

1900 2132 2074 2186 landze
2111 2133 2292 2187 studio
2323 2141 2616 2195 teneretur,
2667 2147 2928 2186 cacumen
2967 2133 3194 2186 alterum
3229 2145 3457 2200 occupa-

1900 2224 1996 2283 vit,
2033 2224 2152 2276 vico
2182 2225 2396 2277 cuidam
2448 2225 2761 2286 imminens,
2796 2240 2956 2292 quem
2987 2222 3274 2292 Targalam
3300 2223 3346 2254 ’δ
3372 2238 3466 2275 vo-

1899 2325 2047 2368 cant.
2095 2314 2170 2368 lbi
2232 2315 2297 2368 ad
2342 2316 2487 2369 hunc
2529 2331 2702 2386 uSque
2746 2316 2884 2369 diem
2931 2316 3318 2384 perseveravit,
3366 2330 3466 2367 nec

1899 2405 2285 2460 dnmunculam
2318 2408 2550 2471 habens,
2579 2423 2679 2462 nec
2709 2407 3139 2470 tabernaculum,
3165 2425 3264 2462 nec.
3305 2415 3464 2476 tugu-

1899 2499 2061 2557 rium,
2102 2499 2195 2551 sed
2245 2499 2389 2552 nuda
2441 2499 2674 2553 maceria
2705 2497 3098 2562 circumdatus,
3138 2500 3363 2554 structis
3397 2513 3462 2552 ex

1901 2589 2167 2657 lapidibus
2201 2606 2266 2644 ne
2294 2591 2409 2644 luto
2439 2591 2658 2659 quidem
2690 2591 2981 2659 copulatis.
3025 2589 3254 2644 Januatn
3281 2598 3461 2645 autem

1900 2680 2060 2734 habet
2088 2683 2200 2734 luto
2233 2697 2446 2751 semper
2475 2683 2766 2734 obductam
2802 2699 2813 2733 :
2844 2694 3006 2750 quam
3044 2679 3464 2734 adventantibus

1899 2771 2019 2824 aliis
2038 2787 2310 2840 nunquam
2327 2772 2520 2840 aperit,
2542 2771 2669 2824 mihi
2688 2771 2776 2823 uni
2800 2785 2921 2823 cum
2947 2770 3104 2824 venio
3117 2770 3326 2831 aperire
3344 2785 3464 2838 per-

1898 2863 2082 2915 mittit.
2107 2864 2344 2931 Eamque
2363 2864 2435 2916 ob
2455 2878 2565 2917 rem
2584 2873 2780 2916 coeunt
2795 2861 3006 2931 1255
3021 2862 3258 2931 undique
3288 2861 3428 2930 pluri
3444 2889 3461 2900 -

1899 2951 1992 3013 mi,
2013 2966 2133 3004 cum
2153 2953 2219 3005 de
2235 2955 2464 3008 adventu
2496 2969 2618 3006 meo
2634 2955 2880 3014 audiunt,
2904 2955 3106 3005 intrare
3123 2965 3332 3005 mecum
3353 2967 3462 3004 una

1897 3045 2199 3111 cupientes.
2225 3045 2359 3100 Cum
2399 3047 2610 3100 caeteris
2637 3054 2838 3106 autem,
2871 3045 2961 3113 qui
2987 3045 3094 3098 alio
3125 3054 3364 3112 tempore
3390 3040 3460 3096 ad

1897 3149 2020 3187 eum
2053 3136 2303 3197 veniunt,
2332 3153 2428 3205 per
2456 3137 2707 3206 exiguam
2730 3135 3023 3206 quamdam
3062 3135 3354 3190 fenestram
3379 3135 3460 3187 lo-

1895 3241 2090 3292 quens.
2148 3228 2579 3282 benedictionem
2639 3228 2746 3282 illis
2790 3228 3049 3294 impertit.
3101 3228 3459 3296 plurimisque

1893 3331 1990 3384 per
2018 3331 2135 3370 eam
2163 3319 2449 3373 sanitatem
2493 3319 2739 3385 largitur.
2773 3317 3074 3372 Salvatoris
3115 3320 3258 3371 enim
3297 3326 3459 3373 utens

1895 3407 2133 3468 nomine,
2177 3409 2395 3462 morbos
2436 3408 2780 3477 comprimit,
2824 3405 3095 3461 daemones
3120 3409 3361 3475 expellit,
3397 3414 3453 3460 et

1892 3497 2188 3563 apostolica
2245 3497 2490 3550 imitatur
2534 3497 2817 3550 miracula.
2877 3494 2993 3549 Non
3048 3497 3226 3548 solmn
3273 3505 3452 3550 autem

1893 3588 2236 3640 venientibus
2286 3587 2351 3640 ad
2406 3603 2463 3640 se
2521 3588 2856 3641 curationem
2896 3587 3119 3649 ,trihuit,
3173 3586 3265 3641 sed
3315 3588 3454 3639 hanc

1893 3693 2034 3746 sape
2056 3694 2155 3730 suo
2194 3679 2362 3745 ipsius
2392 3679 2623 3747 ‘corpori
2669 3678 2939 3733 exhibuit.
2996 3678 3265 3731 luvaserat
3307 3680 3450 3732 enim

1892 3769 2042 3821 illum
2070 3769 2182 3836 jam
2208 3769 2414 3837 pridem
2447 3769 2668 3822 morbus
2700 3769 2908 3822 colicus
2944 3784 3140 3836 :quam
3167 3782 3322 3820 acres
3345 3767 3455 3819 sint

1891 3869 2069 3912 autem
2104 3861 2192 3927 qui
2224 3860 2350 3911 hinc
2380 3860 2633 3912 oriuntur
2675 3859 2892 3913 dolores
2921 3867 2975 3912 ct
3014 3859 3310 3919 cruciatus,
3352 3873 3452 3926 op-

1891 3953 2024 4004 time
2078 3953 2256 4004 sciunt
2305 3951 2379 4004 illi
2422 3951 2639 4020 quidem
2681 3952 2772 4018 qui
2826 3958 2954 4004 sunt
2989 3950 3216 4018 experti,
3271 3950 3453 4004 sciunt

1890 4059 2020 4096 vero
2049 4045 2210 4096 etiam
2234 4045 2324 4112 qui
2348 4052 2680 4112 spectatores
2715 4041 3450 4096 luerunt.Volutanlurenim

1891 4137 2186 4191 furentium
2229 4152 2403 4198 more,
2443 4137 2580 4188 hanc
2615 4145 2668 4189 et
2708 4137 2852 4188 illam
2895 4135 2948 4188 in
2991 4141 3197 4202 partem
3227 4149 3285 4187 se
3323 4148 3454 4186 con-

1888 4237 2184 4286 vertentes.
2216 4237 2270 4280 et
2294 4227 2455 4296 pedes
2490 4227 2650 4280 simul
2681 4226 2982 4280 extendunt
3005 4239 3054 4279 et
3077 4225 3448 4278 contrahunt:

1891 4319 2164 4372 interdum
2201 4319 2411 4380 sedent,
2440 4325 2494 4372 et
2526 4327 2851 4386 exsurgunt,
2883 4326 2937 4369 et
2964 4316 3268 4378 ambulant,
3298 4316 3450 4384 quie-

1887 4420 1993 4463 tetn
2022 4411 2257 4478 aliquam
2284 4409 2540 4463 omnibus
2565 4409 2740 4462 modis
2773 4416 3130 4476 aucupantes.
3157 4407 3368 4460 Idcirco
3397 4417 3453 4461 et

216 4505 612 4567 συστέλλοντες.
631 4505 786 4558 Ἐστι
801 4507 857 4558 δὲ
877 4507 965 4558 ὅτε
995 4506 1088 4558 καὶ
1111 4505 1393 4576 κάθηνται,
1411 4508 1504 4558 καὶ
1529 4506 1779 4558 ἀνίσταν-
1812 4526 1856 4580 ι)

1812 4526 1856 4580 ι)
1888 4501 2099 4556 balneis
2125 4501 2386 4561 assident,
2423 4509 2474 4552 et
2519 4501 2720 4552 intrant
2762 4499 3011 4559 subinde,
3062 4498 3313 4552 solatium
3350 4499 3449 4550 ali-

213 4612 326 4659 ται,
359 4599 455 4649 καὶ
503 4597 831 4666 βαδίζουσιν,
868 4597 1185 4665 άναπαύλης
1217 4596 1361 4660 τινδς
1411 4598 1574 4667 πόρον
1602 4599 1780 4665 εὑρεῖν

218 4685 620 4755 μηχανώμενοι.
641 4687 742 4738 Διά
761 4687 920 4739 τοῦτο
949 4688 1041 4738 καὶ
1072 4687 1370 4755 βαλανείοις
1397 4687 1784 4756 προσεδρεύουο

213 4793 288 4836 σι,
334 4777 428 4828 καὶ
472 4778 726 4840 πολλάκις
781 4779 998 4840 εἰσίασι,
1044 4779 1400 4848 ψυχαγωγίας
1449 4780 1591 4840 τινὸς
1648 4781 1781 4831 ἁπο-

212 4867 486 4930 λαύοντες.
520 4870 626 4920 Καὶ
667 4870 718 4921 τί
764 4869 846 4921 δεῖ
885 4869 1166 4938 μηκύνειν,
1218 4871 1286 4922 τά
1320 4872 1454 4922 πᾶσι
1506 4871 1642 4939 δῆλα
1689 4871 1780 4922 καὶ

214 4962 360 5029 σαφῆ
390 4961 822 5026 καταλέγοντας;
882 4961 1120 5030 Τοιούτῳ
1160 4961 1319 5014 πάθει
1371 4963 1776 5030 προσπαλαίων,

213 5055 305 5105 καὶ
339 5051 628 5113 τοσαύταις
675 5052 769 5104 καὶ
799 5052 1149 5122 τηλικαύταις
1190 5053 1401 5116 ὀδύναις
1433 5055 1776 5122 βαλλόμενος,

209 5143 312 5194 οὒκ
353 5143 601 5212 ἰατρικῆς
625 5145 944 5213 ἐπικουρίας
989 5145 1326 5214 ἁπήλαυσεν,
1359 5147 1418 5198 οὺ
1455 5146 1642 5213 κλίνης
1687 5149 1781 5214 ην-

215 5237 431 5304 έσχετο,
458 5236 518 5287 οὺ
545 5235 640 5306 τὴν
670 5236 777 5288 ἀπὸ
817 5239 1119 5305 φαρμάκων
1146 5239 1175 5307 l‘,
1205 5240 1384 5292 σιτίων
1423 5240 1778 5309 ψυχαγωγίαν

211 5326 447 5392 ἐδέξατο.
485 5325 621 5378 Ἀλλ’
662 5326 755 5378 ἐπὶ
786 5327 994 5389 σανίδος
1033 5331 1205 5397 χαμαὶ
1242 5331 1498 5399 κειμένης
1525 5331 1770 5400 καθήμε-

210 5434 322 5483 νος,
351 5420 626 5488 προσευχῇ
659 5420 754 5472 καὶ
795 5420 1051 5488 σφραγῖδι
1089 5420 1187 5490 την
1212 5421 1506 5491 θεραπείαν
1537 5422 1773 5484 ἐδέξατο,

1886 4593 2033 4661 quod
2064 4593 2359 4661 capientes.
2401 4591 2461 4643 Et
2513 4591 2640 4659 qttid
2701 4591 2884 4643 multis
2925 4604 3061 4656 opus
3091 4601 3174 4642 est
3223 4603 3285 4642 ea
3329 4605 3449 4658 qua:

1887 4685 2141 4738 omnibus
2191 4691 2374 4750 aperta
2425 4689 2482 4734 et
2533 4679 2818 4733 manifesta
2849 4686 2866 4699 ‘
2905 4688 3033 4733 sunt
3089 4679 3450 4747 percensere?

1883 4775 2016 4829 Cum
2053 4774 2363 4841 hujusmodi
2389 4776 2582 4825 morlto
2606 4773 2934 4833 colluctans,
2961 4780 3013 4824 et
3052 4779 3132 4823 tot
3170 4771 3447 4838 tantisque

1882 4866 2159 4920 doloribus
2189 4865 2488 4925 cruciatus,
2527 4862 2860 4916 medicorum
2904 4877 3006 4930 ope
3041 4877 3146 4914 non
3178 4869 3263 4914 est
3293 4876 3445 4922 usus,

1887 4975 1994 5012 non
2026 4959 2148 5011 lecti
2190 4955 2458 5024 perfugio,
2514 4969 2620 5006 non
2681 4953 2790 5006 ullo
2838 4953 3254 5021 pharmacorum
3298 4951 3448 5003 cilio-

1886 5066 2074 5103 rumve
2133 5050 2434 5102 levamento
2467 5065 2477 5098 :
2511 5047 2602 5099 sed
2645 5060 2807 5112 super
2841 5044 3022 5096 tabula
3072 5043 3220 5094 humi
3252 5043 3450 5095 sedens

1886 5143 2131 5195 oratione
2173 5139 2273 5192 sibi
2324 5139 2614 5205 crucisque
2649 5138 2808 5204 signo
2852 5135 3177 5188 medicinam
3222 5133 3363 5189 fecit,
3394 5139 3448 5184 ct

1883 5234 2050 5287 divini
2085 5233 2319 5285 nominis
2363 5233 2616 5284 cautione
2664 5229 2878 5280 dolores
2925 5225 3252 5293 consopit-it.
3299 5223 3446 5276 Alias

1882 5331 2067 5385 etiam,
2103 5325 2230 5378 dum
2263 5335 2419 5377 nocte
2455 5323 2782 5383 ambulat-et,
2817 5319 3056 5388 viperam
3087 5317 3446 5370 dormientem

1885 5419 2138 5478 calcavit,
2166 5431 2286 5485 qua:
2327 5416 2565 5485 plantam
2602 5413 2752 5480 pedis
2795 5408 3057 5463 invadens
3090 5409 3142 5462 in
3174 5423 3234 5461 ea
3261 5410 3448 5459 dentes

1463 5595 1687 5650 VARUE
1728 5593 2126 5650 LECTIONES.

282 5747 332 5779 ²⁴’
360 5749 678 5816 Targallam.
717 5748 933 5803 licrvct.
