4216 6456
750 369 886 434 1455

1699 364 2181 424 ΤΙΙΕΟΒΟΠΕΤΙ
2218 358 2554 422 EPISCOPI
2595 364 2957 424 CYRENSIS

3857 363 3997 428 1456

745 483 944 538 infixit.
983 479 1283 535 Subvenire
1319 479 1440 548 pedi
1478 477 1605 531 dum
1640 488 1893 540 conatur,
1945 476 2228 530 inflectens
2257 491 2315 528 se

2421 475 2510 526 καὶ
2565 481 2632 545 τῇ
2676 475 2773 543 τῆς
2816 474 2963 536 θείας
3024 474 3395 544 προσηγορίας
3433 475 3612 545 ἐπῳδῇ
3664 474 3764 538 τὰς
3797 476 3995 527 ὀδύνας

744 589 969 628 manum
1001 571 1259 629 admovit,
1278 577 1332 623 et
1355 585 1416 624 os
1437 569 1650 639 1256
1672 570 1859 622 bestia:
1877 571 1928 621 in
1956 585 2072 620 caui
2094 584 2320 621 conver-

745 669 808 719 tit
845 684 856 718 :
894 663 981 716 cui
1022 677 1218 716 rursus
1251 661 1385 715 lasva
1430 677 1591 715 manu
1644 677 1800 729 opem
1840 660 2044 724 ferens,
2086 662 2139 712 in
2182 661 2322 714 hanc

743 770 960 825 quoque
991 753 1179 807 bestiae
1209 753 1345 806 iram
1374 755 1555 808 traxit.
1594 752 1886 822 Postquam
1910 761 2089 805 autem
2115 753 2319 805 rabiem

741 846 979 915 explevit
1025 850 1264 914 (morsus
1303 846 1504 915 quippe
1555 861 1722 914 supra
1778 844 1964 898 decem
2011 845 2318 908 intulerat),

741 940 874 992 abiit
917 939 1030 1000 illa,
1073 953 1344 1007 suumque
1383 939 1435 991 in
1476 938 1763 992 latibulum
1804 954 1861 992 se
1897 938 2104 1006 recepit
2141 955 2153 990 :
2205 938 2320 1004 ipse

741 1043 873 1082 vero
907 1027 1122 1082 acerbis
1147 1028 1385 1096 undique
1410 1027 1693 1081 doloribus
1726 1027 2094 1079 cruciabatur.
2117 1025 2220 1078 Sed
2253 1042 2320 1079 ne

742 1124 874 1170 tunc
906 1115 1126 1185 quidem
1171 1115 1395 1169 medicae
1417 1117 1551 1170 artis
1585 1117 1788 1170 auxilio
1821 1117 1896 1169 uti
1925 1117 2148 1184 placuit,
2175 1119 2319 1170 sola-

741 1224 848 1276 que
878 1207 998 1262 Iidei
1043 1209 1330 1275 pharmaca
1362 1209 1684 1263 vulneribus
1725 1209 1841 1263 suis
1885 1209 2154 1269 adhibuit,
2193 1224 2319 1261 ora-

739 1301 944 1353 tionem
963 1308 1011 1352 et
1039 1299 1254 1364 signum
1278 1301 1479 1360 crucis,
1501 1309 1554 1353 et
1587 1301 1986 1353 invocationem
2021 1299 2136 1354 Dei.
2183 1300 2316 1351 Pro-

737 1401 924 1460 pterea
961 1400 1165 1452 autem,
1191 1399 1250 1445 ut
1285 1390 1544 1454 arbitror,
1567 1392 1759 1446 saevire
1792 1395 1844 1445 in
1879 1406 2095 1446 sacrum
2115 1405 2317 1459 corpus

738 1483 966 1536 bestiam
1001 1483 1147 1537 illam
1174 1484 1426 1552 permisit
1461 1484 1841 1537 universorum
1891 1484 2056 1546 Deus,
2088 1492 2146 1536 ut
2171 1483 2314 1535 divi-

740 1589 822 1628 nae
860 1575 1006 1628 illius
1044 1573 1239 1627 animae
1291 1575 1607 1643 patientiam
1654 1575 1912 1628 omnibus
1956 1574 2312 1644 patefaceret.

737 1665 891 1720 Hanc
923 1665 1068 1720 enim
1101 1665 1220 1732 ejus
1253 1665 1724 1733 dispensationem
1759 1665 1810 1719 in
1840 1675 2067 1720 strenuo
2099 1679 2316 1735 quoque

733 1755 874 1809 ano
899 1765 1214 1824 usurpatam
1245 1756 1547 1822 cernimus,
1573 1773 1732 1826 quem
1765 1757 2019 1812 maximis
2053 1767 2104 1811 et
2133 1757 2316 1810 multi-

2425 565 2692 634 ἐκοίμισε.
2722 566 2828 616 Καὶ
2855 564 3040 616 ἄλλοτε
3082 563 3295 634 νύκτωρ
3330 564 3582 633 βαδίζων,
3619 564 3785 633 ἔχεως
3821 565 3999 630 ἐπέϐη

2423 655 2807 718 καθεύδοντοςο
2848 658 2875 707 ὁ
2919 656 2973 708 δὲ
3021 656 3116 707 τοῦ
3167 656 3370 726 ταρσοῦ
3418 655 3830 725 ἐπιλαϐόμενος,
3871 655 4000 716 τοὺς

2422 751 2640 812 ὀδόντας
2673 750 2903 819 ἐπήγνυ.
2941 749 3250 818 Ἐπαμῦναι
3303 748 3359 801 δέ
3407 748 3485 819 τῷ
3517 749 3636 800 ποδὶ
3689 748 3998 818 πειραθεὶς,

2423 842 2734 895 κατέκυπτε
2771 840 2890 910 μὲν,
2949 841 3041 892 καὶ
3099 841 3196 910 τὴν
3239 842 3398 909 χεῖρα
3439 839 3612 909 τούτῳ
3664 838 3997 908 προσέφερε,

2426 931 2690 1001 μετέφερε
2728 930 2783 983 δὲ
2817 933 2893 993 είς
2921 929 3126 1000 ταύτην
3157 929 3250 983 τοῦ
3277 929 3469 1000 θηρίου
3504 929 3567 983 τὸ
3589 931 3791 999 στόμα·
3834 929 4002 980 πάλιν

2419 1022 2477 1073 δὲ
2503 1024 2568 1090 τῇ
2597 1020 2865 1090 εὑωνύμῳ
2896 1020 3241 1090 χρησάμενος
3270 1021 3349 1082 είς
3381 1019 3633 1090 βοήθειαν
3659 1020 3758 1088 τῆς
3781 1020 4001 1088 ἑτέρας,

2422 1109 2570 1166 εἷλκε
2601 1113 2695 1165 καὶ
2722 1114 2863 1166 κατά
2895 1112 3099 1182 ταύτης
3123 1113 3213 1166 τὸν
3248 1113 3340 1166 τοῦ
3385 1113 3575 1181 θηρίου
3609 1113 3796 1180 θυμόν.
3847 1110 4003 1162 Ἐπεὶ

2421 1211 2476 1264 δὲ
2506 1212 2665 1280 κόρον
2695 1211 2850 1264 ἔλαϐε
2886 1211 2983 1281 τῆς
3007 1211 3204 1280 μανίας
3232 1211 3476 1280 (πλείονα
3509 1212 3618 1281 γὰρ
3637 1211 3786 1278 αὑτῷ
3807 1211 3840 1280 ἦ
3864 1211 4001 1263 δέκα

2422 1303 2787 1372 προσενήνοχε
2846 1303 3122 1371 δήγματα,
3160 1301 3221 1354 τὸ
3256 1302 3355 1370 μὲν
3384 1302 3616 1370 ἀπέστη,
3649 1302 3740 1352 καὶ
3779 1301 3868 1352 τὸν
3904 1318 4002 1369 χη-

2423 1390 2594 1460 ραμὸν
2621 1390 2711 1442 τὸν
2741 1392 2938 1442 οἰκεῖον
2976 1390 3270 1442 κατέλαϐεν
3290 1407 3302 1418 ο
3336 1393 3363 1442 ὁ
3393 1391 3447 1442 δὲ
3477 1391 3738 1443 πάντοθεν
3775 1393 4002 1459 πικραῖς

2419 1481 2681 1535 ἐϐάλλετο
2714 1483 2949 1546 ὀδύναις.
2971 1484 3108 1536 Ἀλλ’
3144 1485 3265 1536 οὑδέ
3309 1485 3430 1536 τότε
3475 1485 3571 1552 τῆς
3610 1484 3859 1553 ἰατρικῆς
3904 1486 4005 1551 ὴν-

2421 1575 2610 1644 έσχετο
2638 1576 2832 1647 τέχνης
2856 1594 2868 1606 ο
2898 1577 3030 1629 ἀλλά
3066 1579 3176 1640 τοῖς
3204 1577 3389 1629 ἕλκεσι
3421 1578 3723 1647 προσέφερε
3753 1575 3892 1645 μόνα
3933 1577 4004 1627 τα

2417 1669 2517 1736 τῆς
2546 1667 2780 1730 πίστεως
2809 1667 3095 1736 φάρμακα,
3133 1669 3402 1737 σφραγῖδα
3425 1669 3517 1720 καὶ
3545 1669 3871 1738 προσευχὴν,
3905 1667 4003 1719 καὶ

2419 1758 2514 1811 τοῦ
2544 1757 2681 1811 Θεοῦ
2707 1759 2806 1828 τὴν
2838 1759 3146 1829 ἐπίκλησιν.
3174 1759 3275 1811 Διά
3325 1759 3481 1810 τοῦτο
3510 1760 3588 1818 δὲ,
3617 1754 3791 1828 οἶμαι,
3826 1761 3921 1811 καὶ
3973 1761 4002 1810 ὁ

736 1849 970 1916 plicihus
998 1846 1468 1916 agitariﬂuctibus
1507 1865 1699 1916 passus
1733 1860 1839 1910 est,
1872 1865 1997 1902 cum
2035 1851 2307 1918 guberna-

2419 1850 2522 1903 τῶν
2554 1851 2692 1903 ὅλων
2716 1850 2849 1913 Θεὸς
2879 1854 3030 1904 εἴασε
3062 1853 3200 1904 κατὰ
3236 1852 3331 1904 τοῦ
3361 1851 3503 1922 ἱεροῦ
3539 1851 3788 1920 σώματος
3817 1852 3878 1903 τὸ
3904 1851 4003 1918 θη-

735 1941 870 1994 toris
919 1941 1242 2008 sapientiam
1293 1941 1548 1995 omnibus
1599 1941 1760 1995 vellet
1799 1943 2108 1998 ostendere.
2152 1942 2308 1998 Unde

733 2031 876 2083 enim
912 2032 1049 2085 alias
1075 2030 1156 2085 vel
1182 2030 1328 2084 illius
1353 2031 1748 2096 fortitudinem,
1792 2034 1877 2087 vel
1916 2034 2082 2104 hujus
2108 2036 2315 2104 patien-

733 2122 866 2174 tiam
899 2130 1242 2191 perspectam
1291 2123 1657 2188 haberemus,
1705 2125 1812 2178 nisi
1866 2127 2088 2194 pietatis
2139 2128 2313 2182 hostis

733 2215 966 2266 telorum
998 2213 1052 2265 in
1089 2227 1184 2266 eos
1220 2229 1419 2280 genera
1463 2215 1647 2268 omnia
1688 2218 2020 2284 conjiciendi
2075 2228 2316 2288 potesta-

733 2315 842 2360 tem
901 2306 1256 2374 accepisset?
1303 2306 1435 2372 Qua:
1469 2323 1600 2378 ergo
1647 2309 1749 2362 viri
1789 2312 2054 2378 patientia
2123 2312 2313 2378 fuerit,

732 2397 870 2450 satis
899 2398 1096 2452 docere
1124 2397 1230 2451 ista
1264 2407 1497 2467 possunt
1527 2417 1539 2451 :
1571 2415 1717 2454 nunc
1751 2402 1873 2469 ejus
1916 2403 2316 2460 humanitatem

732 2488 958 2542 aliunde
987 2490 1362 2543 ostendamus.
1406 2489 1605 2546 Multos
1647 2491 1794 2544 enim
1834 2494 2012 2547 oculis
2043 2505 2234 2565 captos
2263 2504 2317 2549 et

733 2579 1048 2633 mendicare
1087 2588 1311 2634 coactos
1355 2595 1480 2633 cum
1529 2583 1580 2635 in
1618 2599 1785 2636 unum
1820 2594 2227 2654 congregasset,
2263 2595 2318 2640 et

734 2668 997 2736 utrinque
1053 2667 1122 2720 ad
1183 2677 1365 2721 ortum
1407 2679 1461 2723 et
1511 2684 1768 2724 occasum
1823 2671 2134 2727 habitacula
2185 2691 2318 2729 con-

733 2759 1051 2820 struxisset,
1073 2758 1126 2811 in
1154 2758 1239 2812 his
1261 2759 1458 2829 degere
1481 2761 1603 2816 illos
1625 2770 1676 2815 et
1702 2761 1868 2816 Deum
1888 2763 2315 2833 laudarejussit,

733 2850 991 2904 alimenta
1025 2851 1106 2905 eis
1140 2853 1454 2906 necessaria
1495 2853 1564 2906 ab
1593 2853 1660 2908 iis
1683 2856 1776 2923 qui
1815 2855 1881 2908 ad
1915 2856 2092 2925 ipsum
2137 2859 2318 2913 venie-

734 2941 865 2996 bant
903 2941 1241 3011 suppeditari
1307 2943 1657 3013 praecipiens.
1710 2945 1826 3014 Ipse
1867 2957 2051 3002 autem
2105 2950 2318 3004 medius

735 3032 878 3086 inter
921 3048 1018 3086 eos
1045 3036 1344 3090 concln3ns
1375 3045 1427 3089 et
1461 3037 1561 3090 hos
1587 3047 1640 3092 et
1675 3039 1797 3093 illos
1840 3039 1908 3092 ad
1963 3040 2317 3110 hymnodiam

734 3126 961 3177 excitat.
999 3123 1182 3193 Itaque
1219 3127 1341 3180 illos
1375 3127 1540 3182 Deum
1574 3129 1794 3184 assidue
1820 3132 2105 3187 laudantes
2129 3135 2320 3189 audire

733 3223 834 3269 est.
866 3213 1040 3268 Tanta
1071 3227 1154 3269 est
1192 3229 1450 3286 perpetua
1488 3221 1637 3275 illius
1677 3238 1805 3292 erga
1839 3225 2317 3292 ejusdemnaturze

733 3307 1029 3375 participes
1055 3309 1397 3363 humanitas.
1435 3310 1700 3364 Initorum
1742 3324 1924 3366 autem
1956 3317 2059 3370 sub
2083 3317 2176 3371 dio
2203 3335 2320 3373 cer-

734 3397 1002 3449 taminum
1033 3398 1206 3466 ipsius
1237 3408 1290 3452 et
1328 3398 1724 3469 magnilacobi
1768 3403 1980 3474 1257
2046 3406 2187 3460 idem
2237 3418 2320 3462 est

736 3488 998 3554 temporis
1033 3489 1292 3556 spatium.
1353 3489 1618 3545 Octavum
1680 3497 1825 3547 enim
1861 3507 1912 3548 et
1977 3497 2318 3552 tricesimum

737 3592 939 3630 annum
967 3577 1078 3646 jam
1106 3580 1475 3647 expleverunt.

2421 1943 2534 2012 ρίον
2589 1945 2765 1995 ἐκεῖνο
2795 1942 3074 2012 λυττῆσαι,
3118 1943 3203 1995 ἵνα
3237 1944 3447 2012 γυμνὴν
3503 1943 3674 1996 ἀπασι
3711 1943 3809 2010 τῆς
3844 1944 4000 2006 θείας

2419 2034 2634 2102 ἐκείνης
2672 2033 2850 2103 ψυχῆς
2900 2034 3238 2104 ἐπιδείξηται
3275 2035 3373 2104 τὴν
3427 2037 3742 2105 καρτερίαν.
3778 2034 3999 2103 Ταύτην

2419 2126 2530 2195 γάρ
2558 2125 2722 2176 αὑτοῦ
2755 2127 2848 2176 καὶ
2878 2127 2968 2178 ἐπὶ
3001 2125 3094 2178 τοῦ
3127 2126 3377 2194 γενναίου
3413 2126 3532 2178 Ἰὼϐ
3561 2127 3658 2195 τὴν
3684 2126 4001 2192 οἰκονομίαν

2421 2219 2658 2288 ὁρῶμεν.
2688 2216 2916 2278 Πολλαίς
2961 2217 3069 2286 γὰρ
3099 2217 3260 2270 αὑτὸν
3301 2220 3396 2268 καὶ
3432 2218 3796 2279 παντοδαπαῖς
3843 2217 4000 2268 εἴασε

2417 2308 2734 2379 τρικυμίαις
2789 2307 3240 2378 περικλυσθῆναι,
3270 2307 3440 2371 δεῖξαι
3491 2307 3584 2360 τοῦ
3643 2309 4000 2378 κυϐερνήτου

2417 2399 2520 2468 τὴν
2558 2399 2748 2467 σοφίαν
2803 2397 3009 2451 ἅπασιν
3065 2397 3344 2469 ἐθελήσας.
3403 2398 3572 2450 Πόθεν
3617 2399 3724 2468 γὰρ
3774 2399 4002 2451 ἂλλοθεν

2418 2489 2686 2560 ἔγνωμεν,
2720 2491 2752 2562 ἢ
2785 2491 2884 2560 τὴν
2919 2491 3128 2544 ἐκείνου
3175 2492 3447 2563 ἀνδρείαν,
3497 2493 3529 2562 ῆ
3575 2492 3765 2545 τούτου
3797 2509 3859 2561 γε
3898 2493 4001 2562 τὴν

2421 2583 2742 2654 καρτερίαν,
2775 2584 2824 2635 εί
2873 2583 2949 2652 μὴ
3003 2582 3189 2652 χώραν
3233 2582 3424 2636 ἐλαϐεν
3458 2585 3672 2652 ἀφιέναι
3700 2584 3827 2653 βέλη
3861 2602 4003 2636 παν-

2418 2675 2624 2727 τοδαπά
2656 2676 2778 2728 κατ’
2808 2675 2986 2729 αὑτῶν
3018 2677 3046 2728 ὁ
3071 2675 3170 2746 τῆς
3207 2675 3487 2738 εὐσεϐείας
3531 2676 3854 2740 ἀντίπαλοςς
3888 2677 4002 2744 Τὴν

2423 2767 2522 2836 μὲν
2549 2763 2643 2818 οὑν
2675 2766 2769 2819 τοῦ
2815 2767 3008 2837 ἀνδρὸς
3058 2767 3354 2838 καρτερίαν
3388 2769 3546 2821 ίκανά
3593 2769 3688 2820 καὶ
3717 2768 3893 2821 ταῦτα
3921 2769 4002 2820 διο

2423 2857 2580 2920 δάξαι
2603 2874 2616 2886 ·
2650 2856 2748 2928 τὴν
2771 2858 2828 2910 δὲ
2872 2858 3285 2929 φιλανθρωπίαν
3320 2859 3587 2928 ἑτέρωθεν
3617 2859 3999 2930 ἐπιδείξωμεν.

2422 2950 2656 3013 Πολλοὺς
2693 2953 2802 3020 γὰρ
2837 2950 2895 3004 τὸ
2949 2950 3169 3020 βλέπειν
3216 2952 3625 3022 ἀφῃρημένους,
3670 2954 3763 3004 καὶ
3818 2971 3994 3022 προς-

2420 3047 2595 3096 αιτεῖν
2638 3045 3088 3114 ἠναγκασμένους
3134 3045 3481 3112 συναγαγὼν,
3523 3046 3617 3098 καὶ
3657 3047 4004 3115 ἑκατέρωθεν

2424 3137 2561 3206 πρὸς
2588 3137 2661 3188 ἕω
2694 3137 2787 3189 καὶ
2825 3136 2959 3207 πρὸς
2992 3137 3234 3204 ἑσπέραν
3282 3138 3612 3207 δειμάμενος
3647 3138 4000 3205 καταγώγιιι

2421 3229 2628 3295 διάγειν
2658 3231 2714 3282 ἐν
2740 3228 2948 3291 τούτοις
2981 3231 3075 3280 καὶ
3101 3230 3192 3281 τὸν
3225 3229 3356 3280 Θεὸν
3401 3230 3587 3297 ὑμνεῖν
3619 3229 4002 3298 παρεγγύησε,

2422 3321 2519 3389 τὴν
2555 3320 2858 3387 ἀναγκαίαν
2895 3322 3077 3382 αὑτοῖς
3111 3320 3317 3390 τροφὴν
3365 3321 3514 3390 παρὰ
3551 3321 3657 3372 τῶν
3709 3324 3787 3382 εἰς
3836 3323 4005 3374 cam

2425 3412 2842 3480 ἀφικνουμένων
2870 3411 3218 3481 χορηγεῖσθαι
3247 3412 3500 3466 κελεύων.
3533 3414 3710 3474 Μέσας
3737 3413 3791 3465 δὲ
3821 3415 4005 3466 αὑτήν

2428 3506 2844 3574 καθειργμένος,
2879 3507 2972 3556 καὶ
3025 3504 3247 3566 τούτους
3300 3505 3582 3567 κάκείνους
3614 3507 3692 3567 εἰς
3723 3507 4006 3575 ὑμνῳδίαν

2427 3598 2690 3666 διήγειρε,
2722 3599 2815 3649 καὶ
2847 3597 2994 3648 ἐστιν
3029 3596 3259 3649 ἀκοῦσαι
3288 3598 3465 3649 αὑτῶν
3494 3599 3754 3668 διηνεκῶς
3784 3600 3876 3651 τὸν
3909 3605 4004 3650 Δε-

738 3669 942 3737 σπὰτην
973 3670 1302 3737 ὑμνούντων.
1343 3674 1588 3746 Τοσαύτη
1625 3677 1749 3746 περὶ
1778 3679 1903 3742 τοὺς
1937 3682 2200 3749 ὁμοφυεῖς
2263 3688 2644 3758 φιλανθρωπία
2695 3692 3035 3758 κεχρημένος
3067 3688 3310 3740 διετέλει.
3382 3688 3503 3740 Τῶν
3585 3690 3640 3742 δὲ
3693 3691 4002 3760 ὑπαιθρίων

733 3760 960 3851 ἀγῴνων
1000 3760 1148 3830 αὑτῷ
1181 3779 1239 3813 τε
1291 3765 1387 3816 καὶ
1430 3767 1508 3835 τῷ
1545 3769 1767 3836 μεγάλῳ
1819 3770 2060 3840 Ἰακώϐῳ
2091 3775 2118 3824 ὁ
2157 3776 2319 3838 αὑτός
2360 3779 2472 3830 ἐστι
2508 3781 2718 3846 χρόνος.
2759 3780 2984 3846 Ὄγδοον
3019 3779 3129 3848 γὰρ
3179 3781 3274 3832 καὶ
3312 3781 3632 3849 τριακοστὸν
3707 3782 3807 3851 ἠδη
3876 3799 4002 3834 συν-

735 3850 1059 3920 επλήρωσαν
1090 3851 1228 3914 ἔτος.

1192 3945 1376 3998 XXIII.
1405 3977 1474 3986 ——
1502 3950 1516 3966 ⁴
1538 3947 1862 4007 JOANNhS.

809 4032 922 4087 Iloc
955 4035 1119 4088 etiam
1154 4038 1278 4090 vitae
1315 4053 1489 4107 genus
1519 4043 1806 4098 wtnulatus
1843 4055 1926 4099 est
1949 4045 2211 4111 Joannes,
2234 4052 2313 4104 vir

739 4127 961 4180 lenitate
998 4131 1139 4180 inter
1159 4139 1352 4183 caetera
1400 4141 1452 4185 et
1493 4139 1914 4193 mansuetudine
1955 4141 2210 4195 illustris.
2263 4145 2312 4198 Is

737 4233 988 4286 asperam
1041 4222 1334 4288 quamdam
1385 4226 1719 4293 crepidinem
1787 4246 1909 4284 cum
1962 4247 2307 4303 occupasset,

739 4305 992 4371 frigidam
1036 4316 1091 4360 et
1135 4311 1602 4378 septentrionibus
1639 4322 1965 4385 expositam,
2013 4323 2066 4375 in
2107 4339 2168 4376 ea
2227 4328 2308 4377 vi-

737 4397 872 4464 ginti
913 4405 966 4450 et
994 4399 1236 4466 quinque
1263 4415 1438 4454 annos
1471 4403 1736 4460 hactenus
1761 4412 2052 4479 transegit,
2083 4424 2307 4467 contra-

724 4488 850 4540 rias
904 4489 1047 4541 aeris
1094 4488 1322 4555 injurias
1378 4493 1681 4559 perferens.
1745 4498 1975 4570 Reliqua
2034 4521 2198 4568 vero,
2242 4524 2309 4562 ne

2912 3960 3040 4013 Kl".
3070 3989 3139 4001 —
3177 3960 3500 4014 ῐΩΑΝΝΗΣ.

2489 4054 2708 4122 Ταύτην
2737 4051 2978 4120 ἐζήλωσε
3007 4053 3107 4120 τὴν
3129 4052 3404 4105 πολιτείαν
3436 4055 3527 4106 καὶ
3556 4055 3828 4121 Ἰωάννης,
3857 4056 4003 4126 ἀνὴρ

2419 4147 2555 4216 πρὸς
2580 4149 2694 4202 τοῖς
2728 4145 2909 4209 ἄλλοις
2945 4146 3245 4216 ήμερότητι
3286 4149 3382 4199 καὶ⁸
3429 4148 3692 4217 πραότητι
3739 4147 3998 4216 λάμπων.

2428 4240 2650 4310 Ῥαχίαν
2677 4238 2735 4292 δέ
2781 4241 3045 4308 τραχεῖαν
3105 4238 3450 4305 καταλαϐὼν,
3493 4240 3856 4310 δυσχείμαρον
3903 4243 4000 4295 καὶ

2417 4336 2807 4403 προσάρκτιον,
2845 4333 2905 4385 ἐν
2935 4333 3119 4405 ἐκείνῃ
3148 4331 3287 4394 τέως
3315 4333 3474 4386 πέντε
3507 4334 3598 4385 καὶ
3630 4335 3799 4386 εἴκοσι
3824 4335 4000 4388 διετέο

2417 4425 2571 4478 λεσεν
2595 4425 2711 4493 ἔτη,
2750 4425 2848 4488 τάς
2887 4425 3136 4485 ἐναντίας
3173 4423 3267 4475 τοῦ
3312 4425 3471 4492 ἀέρος
3507 4425 3794 4494 δεχόμενος
3827 4443 3998 4494 προσ-

2418 4517 2599 4580 ϐολάς.
2630 4518 2812 4571 Τάλλα
2836 4518 2894 4570 δὲ
2925 4519 3123 4580 πάντα,
3151 4517 3238 4570 ἶνα
3283 4517 3356 4586 μὴ
3387 4517 3506 4570 καθ’
3535 4519 3762 4571 ἕκαστον
3793 4519 3999 4592 διεξέρ-

740 4578 958 4646 singula
997 4594 1313 4649 persequar,
1334 4585 1533 4652 victus,
1569 4591 1823 4656 vestitus.
1849 4593 2091 4666 ferrique
2115 4612 2309 4664 onera,

2419 4578 2621 4680 χωμαι,
2662 4610 2862 4681 τροφὴ,
2898 4610 2990 4662 καὶ
3031 4578 3219 4678 ἐσθὴς,
3257 4578 3356 4662 καί
3385 4610 3451 4662 τά
3474 4611 3568 4663 τοῦ
3610 4611 3833 4682 σιδήρου
3865 4578 3997 4682 pop-

737 4669 1070 4739 supradictis
1102 4674 1302 4727 similia
1352 4689 1479 4732 sunt
1522 4684 1725 4738 omnia.
1766 4683 1952 4741 Rebus
1996 4697 2177 4743 autem
2212 4692 2314 4744 hu-

740 4760 920 4814 manis
949 4762 1379 4820 omuibustanto
1395 4777 1478 4822 est
1499 4773 1770 4839 superior,
1804 4785 1859 4828 ut
1891 4791 1956 4831 ex
1987 4778 2071 4831 his
2107 4781 2311 4834 nullam

739 4852 996 4918 decerpat
1061 4856 1510 4914 consolationem.
1577 4861 1748 4933 Cujus
1810 4869 1886 4921 rei
1957 4869 2311 4924 manifestum

743 4943 1002 4996 indicium
1057 4959 1180 4997 mox
1229 4952 1518 5015 proferam.
1581 4953 1712 5006 Nam
1778 4974 1902 5009 cum
1964 4960 2311 5030 amygdalum

744 5035 946 5101 probus
961 5035 1180 5102 quidam
1207 5039 1286 5090 vir
1314 5054 1530 5110 propter
1562 5045 1683 5113 ejus
1705 5048 1962 5102 lectulum
1988 5052 2310 5119 plantasset,

744 5135 796 5175 et
844 5127 928 5176 illa
968 5131 1224 5196 temporis
1263 5149 1523 5190 successu
1565 5140 1728 5192 arbor
1771 5141 1912 5194 facta
1951 5145 2197 5197 umbram
2236 5146 2312 5198 illi

748 5218 1028 5281 prebcret,
1057 5221 1342 5287 visumque
1386 5228 1710 5292 oblectaret,
1745 5233 1996 5287 abscindi
2025 5236 2211 5303 jussit,
2248 5253 2314 5290 ne

746 5309 874 5374 quid
902 5310 1024 5362 inde
1053 5327 1265 5381 caperet
1285 5319 1485 5376 solatii.
1518 5321 1666 5378 Ilanc
1695 5341 1918 5396 quoque
1941 5329 2105 5381 vitam
2141 5333 2314 5385 Moses

747 5402 1026 5468 amplexus
1061 5415 1164 5469 est,
1198 5411 1290 5476 qui
1339 5412 1390 5465 iu
1433 5415 1580 5468 edito
1620 5420 1854 5481 quodam
1899 5422 2104 5476 vertice
2129 5421 2316 5477 Barine

749 5490 862 5543 \‘ico
897 5492 1213 5552 imminente
1238 5501 1501 5571 decertat,
1531 5516 1584 5560 et
1622 5510 1927 5566 Antiochus
1955 5514 2037 5564 vir
2068 5515 2311 5581 grandze-

747 5597 863 5637 vus.
883 5586 972 5651 qui
1009 5587 1386 5646 desertissimo
1413 5596 1464 5648 in
1491 5611 1668 5652 monte
1692 5605 1982 5656 maceriam
2011 5608 2307 5665 etstruxil,

743 5685 794 5726 et
837 5676 1138 5731 Antoninus
1179 5684 1246 5745 ’⁵,
1305 5688 1396 5752 qui
1443 5689 1494 5740 iu
1552 5693 1706 5743 senili
1760 5710 1992 5763 corpore
2041 5696 2309 5759 jttvmium

2417 4701 2529 4764 τία,
2555 4704 2665 4763 τοῖς
2713 4701 3138 4770 προειρημένοις
3172 4702 3289 4753 ἐστὶ
3341 4704 3717 4772 παραπλήσια.
3749 4704 3908 4758 Οὕτω
3939 4705 3997 4758 δέ

2422 4791 2538 4841 ἐστι
2570 4790 2675 4842 τῶν
2710 4791 3070 4859 ἀνθρωπίνων
3099 4791 3356 4843 ἁπάντων
3386 4791 3698 4862 ὑπέρτερος,
3727 4792 3804 4856 ὡς
3834 4795 3998 4864 μηδε-

2422 4882 2551 4949 μίαν
2578 4885 2640 4933 ὲκ
2669 4881 2877 4934 τούτων
2907 4882 3251 4950 καρποῦσθαι
3284 4883 3632 4954 παραψυχήν.
3665 4885 3776 4941 Καὶ
3801 4885 3996 4939 τούτου

2418 4978 2718 5043 τεκμήριον
2745 4975 2975 5042 ἐναργὲς
3016 4975 3218 5028 αὐτίκα
3267 4976 3594 5045 παρέξομαι.
3640 4978 3858 5049 Ἐπειδὴ
3887 4982 3996 5051 γάρ

2419 5081 2505 5128 τις
2537 5065 2645 5117 τῶν
2678 5066 2981 5118 σπουδαίων
3012 5067 3329 5136 ἀμυγδάλην
3361 5069 3491 5138 παρ’
3531 5071 3699 5139 αὑτὴν
3728 5071 3997 5138 ἐφύτευσε

2419 5157 2516 5226 τὴν
2551 5156 2795 5221 στιϐάδα,
2819 5155 2938 5209 εἶτα
2964 5157 3039 5225 τῷ
3066 5159 3245 5227 χρόνῳ
3274 5159 3490 5230 δένδρον
3529 5163 3809 5232 γινομένη,
3839 5167 3997 5218 σκιάν

2419 5260 2478 5294 τε
2513 5244 2660 5313 αὑτῷ
2684 5249 2933 5314 παρεῖχε,
2959 5248 3050 5297 καὶ
3089 5248 3186 5316 τὴν
3217 5247 3341 5316 ὄψιν
3379 5250 3574 5313 εἱστία,
3608 5252 3996 5324 ἀποτμηθῆναι

2421 5331 2731 5395 ἐκέλευσεν,
2776 5334 2862 5384 ἵνα
2936 5336 3068 5403 μηδὲ
3117 5337 3244 5405 μιᾶς
3291 5338 3499 5389 ἐκεῖθεν
3556 5339 3800 5411 ἀπολαύῃ
3852 5344 3997 5413 ψυχ-

2422 5424 2688 5491 αγωγίας.
2714 5426 2915 5477 Τοῦτον
2949 5427 3234 5494 ¹ξςσπάσατο
3265 5428 3354 5480 τὸν
3378 5429 3491 5498 βίον
3522 5432 3612 5483 καὶ
3641 5433 3903 5504 Μωῦσῆς,
3941 5439 3999 5489 ἐν

2422 5515 2598 5585 ὑψηλῇ
2629 5535 2731 5568 τινι
2759 5521 2968 5588 κορυφῇ
3014 5519 3226 5586 Ῥαμᾶς
3260 5521 3627 5594 ὑπερκειμένη
3657 5525 3757 5592 τῆς
3778 5526 3997 5596 κώμης,

2419 5607 2846 5675 ἀγωνιζόμενος⁹
2887 5611 2978 5660 καὶ
3034 5609 3329 5678 Ἀντίοχος,
3371 5612 3510 5683 ἀνὴρ
3556 5615 3886 5684 πρεσϐύτης,
3940 5621 3987 5668 ἐκ

2418 5700 2760 5768 ἑρημωτάτῳ
2793 5702 2942 5770 τόπῳ
2977 5701 3032 5751 εδ
3061 5701 3311 5769 θριγκίον
3334 5702 3696 5774 δειμάμενος·
3736 5709 3832 5760 καὶ
3872 5711 3996 5760 Ἀν-

1988 5790 2213 5845 VARle
2252 5793 2650 5848 LECTIONES.

813 5858 860 5894 εδ
889 5857 1164 5918 Antonius.
1203 5866 1364 5924 Ilerv.
