  <div class='ocr_page' id='page_1' title='image "/cluster/home/n/w/nwhite01/storage/ocr_20150623/82/nnc1.0046979700/774.png"; bbox 0 0 4216 6456; ppageno 0'>
   <div class='ocr_carea' id='block_1_1' title="bbox 189 387 325 449">
    <p class='ocr_par' dir='ltr' id='par_1_1' title="bbox 189 387 325 449">
     <span class='ocr_line' id='line_1_1' title="bbox 189 387 325 449; baseline -0.015 -1"><span class='ocrx_word' id='word_1_1' title='bbox 189 387 325 449; x_wconf 76' lang='grc'><strong>1457</strong></span> 
     </span>
    </p>
   </div>
   <div class='ocr_carea' id='block_1_2' title="bbox 1426 394 2251 462">
    <p class='ocr_par' dir='ltr' id='par_1_2' title="bbox 1426 394 2251 462">
     <span class='ocr_line' id='line_1_2' title="bbox 1426 394 2251 462; baseline 0.01 -8"><span class='ocrx_word' id='word_1_2' title='bbox 1426 394 1829 456; x_wconf 81' lang='lat' dir='ltr'><strong>RELIGIOSA</strong></span> <span class='ocrx_word' id='word_1_3' title='bbox 1861 398 2226 459; x_wconf 70' lang='lat' dir='ltr'><strong>HISTORIA</strong></span> <span class='ocrx_word' id='word_1_4' title='bbox 2239 447 2251 462; x_wconf 94' lang='lat'><strong>.</strong></span> 
     </span>
    </p>
   </div>
   <div class='ocr_carea' id='block_1_3' title="bbox 3312 401 3445 469">
    <p class='ocr_par' dir='ltr' id='par_1_3' title="bbox 3312 401 3445 469">
     <span class='ocr_line' id='line_1_3' title="bbox 3312 401 3445 469; baseline 0.015 -2"><span class='ocrx_word' id='word_1_5' title='bbox 3312 401 3445 469; x_wconf 61' lang='lat'><strong>1458</strong></span> 
     </span>
    </p>
   </div>
   <div class='ocr_carea' id='block_1_4' title="bbox 180 502 1769 581">
    <p class='ocr_par' dir='ltr' id='par_1_4' title="bbox 180 502 1760 581">
     <span class='ocr_line' id='line_1_4' title="bbox 180 502 1760 581; baseline 0.001 -20"><span class='ocrx_word' id='word_1_6' title='bbox 180 513 426 573; x_wconf 79' lang='grc' dir='ltr'>τωνίνος,</span> <span class='ocrx_word' id='word_1_7' title='bbox 456 514 513 564; x_wconf 74' lang='grc' dir='ltr'>ἰν</span> <span class='ocrx_word' id='word_1_8' title='bbox 544 504 877 577; x_wconf 78' lang='grc' dir='ltr'>γεγηρακότι</span> <span class='ocrx_word' id='word_1_9' title='bbox 910 502 1122 575; x_wconf 81' lang='grc' dir='ltr'>σώματι</span> <span class='ocrx_word' id='word_1_10' title='bbox 1154 507 1268 569; x_wconf 81' lang='grc' dir='ltr'>τοῖς</span> <span class='ocrx_word' id='word_1_11' title='bbox 1302 506 1441 570; x_wconf 85' lang='grc' dir='ltr'>νέοις</span> <span class='ocrx_word' id='word_1_12' title='bbox 1470 510 1760 581; x_wconf 83' lang='grc' dir='ltr'>παραπλη-</span> 
     </span>
    </p>
   </div>
   <div class='ocr_carea' id='block_1_5' title="bbox 1854 502 3452 581">
    <p class='ocr_par' dir='ltr' id='par_1_5' title="bbox 1870 508 3452 580">
     <span class='ocr_line' id='line_1_5' title="bbox 1870 508 3452 580; baseline 0.006 -16"><span class='ocrx_word' id='word_1_13' title='bbox 1870 511 2043 565; x_wconf 88' lang='lat' dir='ltr'><strong>instar</strong></span> <span class='ocrx_word' id='word_1_14' title='bbox 2078 510 2329 567; x_wconf 82' lang='lat' dir='ltr'><strong>desudat.</strong></span> <span class='ocrx_word' id='word_1_15' title='bbox 2356 509 2559 580; x_wconf 79' lang='lat' dir='ltr'><strong>Estque</strong></span> <span class='ocrx_word' id='word_1_16' title='bbox 2587 508 2673 565; x_wconf 88' lang='lat' dir='ltr'><strong>his</strong></span> <span class='ocrx_word' id='word_1_17' title='bbox 2700 512 2955 567; x_wconf 86' lang='lat' dir='ltr'><strong>omnibus</strong></span> <span class='ocrx_word' id='word_1_18' title='bbox 2978 513 3165 569; x_wconf 81' lang='lat' dir='ltr'><strong>eadem</strong></span> <span class='ocrx_word' id='word_1_19' title='bbox 3191 518 3452 579; x_wconf 79' lang='lat' dir='ltr'><strong>vestis,ct</strong></span> 
     </span>
    </p>
   </div>
   <div class='ocr_carea' id='block_1_6' title="bbox 180 596 1761 671">
    <p class='ocr_par' dir='ltr' id='par_1_6' title="bbox 180 596 1761 671">
     <span class='ocr_line' id='line_1_6' title="bbox 180 596 1761 671; baseline -0.001 -16"><span class='ocrx_word' id='word_1_20' title='bbox 180 604 314 665; x_wconf 65' lang='grc' dir='ltr'>σίως</span> <span class='ocrx_word' id='word_1_21' title='bbox 343 600 770 669; x_wconf 77' lang='grc' dir='ltr'><strong>ἀγωνιζόμενος.</strong></span> <span class='ocrx_word' id='word_1_22' title='bbox 804 597 914 650; x_wconf 60' lang='grc' dir='ltr'><strong>Καὶ⁵</strong></span> <span class='ocrx_word' id='word_1_23' title='bbox 944 596 1091 650; x_wconf 71' lang='grc' dir='ltr'>ἔστιν</span> <span class='ocrx_word' id='word_1_24' title='bbox 1128 597 1312 661; x_wconf 77' lang='grc' dir='ltr'>αὐτοῖς</span> <span class='ocrx_word' id='word_1_25' title='bbox 1342 597 1503 669; x_wconf 81' lang='grc' dir='ltr'>ἐσθὴς</span> <span class='ocrx_word' id='word_1_26' title='bbox 1541 601 1575 671; x_wconf 85' lang='grc' dir='ltr'><strong>ή</strong></span> <span class='ocrx_word' id='word_1_27' title='bbox 1602 600 1761 671; x_wconf 79' lang='grc' dir='ltr'>αὑτὴ.</span> 
     </span>
    </p>
   </div>
   <div class='ocr_carea' id='block_1_7' title="bbox 179 692 1764 768">
    <p class='ocr_par' dir='ltr' id='par_1_7' title="bbox 179 692 1764 768">
     <span class='ocr_line' id='line_1_7' title="bbox 179 692 1764 768; baseline -0.003 -16"><span class='ocrx_word' id='word_1_28' title='bbox 179 697 275 752; x_wconf 71' lang='grc' dir='ltr'>καὶ</span> <span class='ocrx_word' id='word_1_29' title='bbox 300 699 500 768; x_wconf 58' lang='grc' dir='ltr'>τροφὴ,</span> <span class='ocrx_word' id='word_1_30' title='bbox 528 696 631 749; x_wconf 80' lang='grc' dir='ltr'>καὶ</span> <span class='ocrx_word' id='word_1_31' title='bbox 687 693 896 758; x_wconf 78' lang='grc' dir='ltr'><strong>στάσις,</strong></span> <span class='ocrx_word' id='word_1_32' title='bbox 930 692 1025 746; x_wconf 68' lang='grc' dir='ltr'>καὶ</span> <span class='ocrx_word' id='word_1_33' title='bbox 1077 693 1378 765; x_wconf 77' lang='grc' dir='ltr'><strong>προσευχὴ,</strong></span> <span class='ocrx_word' id='word_1_34' title='bbox 1413 695 1507 747; x_wconf 75' lang='grc' dir='ltr'>καὶ</span> <span class='ocrx_word' id='word_1_35' title='bbox 1548 694 1764 748; x_wconf 80' lang='grc' dir='ltr'>παννύ-</span> 
     </span>
    </p>
   </div>
   <div class='ocr_carea' id='block_1_8' title="bbox 177 772 1760 861">
    <p class='ocr_par' dir='ltr' id='par_1_8' title="bbox 177 772 1760 861">
     <span class='ocr_line' id='line_1_8' title="bbox 177 772 1760 861; baseline -0.001 -19"><span class='ocrx_word' id='word_1_36' title='bbox 177 809 286 861; x_wconf 84' lang='grc' dir='ltr'>χιοι</span> <span class='ocrx_word' id='word_1_37' title='bbox 314 772 491 848; x_wconf 69' lang='grc' dir='ltr'>π’όνοι.</span> <span class='ocrx_word' id='word_1_38' title='bbox 520 790 615 842; x_wconf 70' lang='grc' dir='ltr'>καὶ</span> <span class='ocrx_word' id='word_1_39' title='bbox 652 786 990 857; x_wconf 76' lang='grc' dir='ltr'><strong>πανημέριοι</strong></span> <span class='ocrx_word' id='word_1_40' title='bbox 1013 801 1026 815; x_wconf 91' lang='grc'><strong>·</strong></span> <span class='ocrx_word' id='word_1_41' title='bbox 1061 786 1155 839; x_wconf 78' lang='grc' dir='ltr'><strong>καὶ</strong></span> <span class='ocrx_word' id='word_1_42' title='bbox 1188 785 1313 839; x_wconf 75' lang='grc' dir='ltr'>οὔτε</span> <span class='ocrx_word' id='word_1_43' title='bbox 1344 787 1537 856; x_wconf 88' lang='grc' dir='ltr'>χρόνου</span> <span class='ocrx_word' id='word_1_44' title='bbox 1568 787 1760 857; x_wconf 78' lang='grc' dir='ltr'>μῆκος,</span> 
     </span>
    </p>
   </div>
   <div class='ocr_carea' id='block_1_9' title="bbox 177 875 1797 953">
    <p class='ocr_par' dir='ltr' id='par_1_9' title="bbox 177 875 1797 953">
     <span class='ocr_line' id='line_1_9' title="bbox 177 875 1797 953; baseline -0.003 -19"><span class='ocrx_word' id='word_1_45' title='bbox 177 882 239 934; x_wconf 74' lang='grc' dir='ltr'>οὗ</span> <span class='ocrx_word' id='word_1_46' title='bbox 273 882 477 951; x_wconf 84' lang='grc' dir='ltr'>γῆρας,</span> <span class='ocrx_word' id='word_1_47' title='bbox 512 880 613 932; x_wconf 77' lang='grc' dir='ltr'>οὐκ</span> <span class='ocrx_word' id='word_1_48' title='bbox 654 878 910 931; x_wconf 87' lang='grc' dir='ltr'>ἀσθένεια</span> <span class='ocrx_word' id='word_1_49' title='bbox 951 875 1167 944; x_wconf 84' lang='grc' dir='ltr'>φύσεως</span> <span class='ocrx_word' id='word_1_50' title='bbox 1195 876 1409 947; x_wconf 87' lang='grc' dir='ltr'>ἐλέγχει</span> <span class='ocrx_word' id='word_1_51' title='bbox 1438 877 1535 947; x_wconf 81' lang='grc' dir='ltr'>τὴν</span> <span class='ocrx_word' id='word_1_52' title='bbox 1562 894 1761 947; x_wconf 87' lang='grc' dir='ltr'>καρτε-</span> <span class='ocrx_word' id='word_1_53' title='bbox 1794 950 1797 953; x_wconf 16' lang='grc' dir='ltr'>ν</span> 
     </span>
    </p>
   </div>
   <div class='ocr_carea' id='block_1_10' title="bbox 180 967 1765 1044">
    <p class='ocr_par' dir='ltr' id='par_1_10' title="bbox 180 967 1765 1044">
     <span class='ocr_line' id='line_1_10' title="bbox 180 967 1765 1044; baseline -0.001 -20"><span class='ocrx_word' id='word_1_54' title='bbox 180 973 328 1044; x_wconf 86' lang='grc' dir='ltr'>ρίαν,</span> <span class='ocrx_word' id='word_1_55' title='bbox 362 972 481 1025; x_wconf 85' lang='grc' dir='ltr'>ἀλλ’</span> <span class='ocrx_word' id='word_1_56' title='bbox 528 968 847 1041; x_wconf 80' lang='grc' dir='ltr'><strong>ἀκμάζοντα</strong></span> <span class='ocrx_word' id='word_1_57' title='bbox 876 970 934 1022; x_wconf 86' lang='grc' dir='ltr'><strong>ἐν</strong></span> <span class='ocrx_word' id='word_1_58' title='bbox 980 969 1192 1030; x_wconf 79' lang='grc' dir='ltr'>ἑαυτοῖς</span> <span class='ocrx_word' id='word_1_59' title='bbox 1224 967 1408 1038; x_wconf 81' lang='grc' dir='ltr'>έχουσι</span> <span class='ocrx_word' id='word_1_60' title='bbox 1455 969 1547 1021; x_wconf 82' lang='grc' dir='ltr'>τὸν</span> <span class='ocrx_word' id='word_1_61' title='bbox 1586 969 1765 1039; x_wconf 81' lang='grc' dir='ltr'>ἔρωτα</span> 
     </span>
    </p>
   </div>
   <div class='ocr_carea' id='block_1_11' title="bbox 177 1044 1766 1126">
    <p class='ocr_par' dir='ltr' id='par_1_11' title="bbox 177 1044 1766 1126">
     <span class='ocr_line' id='line_1_11' title="bbox 177 1044 1766 1126; baseline 0.001 -13"><span class='ocrx_word' id='word_1_62' title='bbox 177 1061 274 1114; x_wconf 74' lang='grc' dir='ltr'><strong>τοῦ</strong></span> <span class='ocrx_word' id='word_1_63' title='bbox 300 1044 508 1114; x_wconf 78' lang='grc' dir='ltr'>πονεῖν.</span> <span class='ocrx_word' id='word_1_64' title='bbox 542 1061 653 1113; x_wconf 73' lang='grc' dir='ltr'><strong>Καὶ</strong></span> <span class='ocrx_word' id='word_1_65' title='bbox 704 1058 899 1121; x_wconf 82' lang='grc' dir='ltr'>ἀλλους</span> <span class='ocrx_word' id='word_1_66' title='bbox 938 1058 994 1110; x_wconf 84' lang='grc' dir='ltr'><strong>δέ</strong></span> <span class='ocrx_word' id='word_1_67' title='bbox 1042 1057 1330 1121; x_wconf 78' lang='grc' dir='ltr'><strong>πλείστους</strong></span> <span class='ocrx_word' id='word_1_68' title='bbox 1358 1058 1666 1126; x_wconf 78' lang='grc' dir='ltr'>ἀγωνιστάς</span> <span class='ocrx_word' id='word_1_69' title='bbox 1706 1062 1766 1116; x_wconf 91' lang='grc' dir='ltr'><strong>ἐν</strong></span> 
     </span>
    </p>
   </div>
   <div class='ocr_carea' id='block_1_12' title="bbox 178 1148 1766 1225">
    <p class='ocr_par' dir='ltr' id='par_1_12' title="bbox 178 1148 1766 1225">
     <span class='ocr_line' id='line_1_12' title="bbox 178 1148 1766 1225; baseline 0.004 -24"><span class='ocrx_word' id='word_1_70' title='bbox 178 1153 290 1215; x_wconf 84' lang='grc' dir='ltr'>τοῖς</span> <span class='ocrx_word' id='word_1_71' title='bbox 326 1152 619 1221; x_wconf 76' lang='grc' dir='ltr'><strong>ἡμετέροις</strong></span> <span class='ocrx_word' id='word_1_72' title='bbox 651 1151 896 1221; x_wconf 87' lang='grc' dir='ltr'>μέρεσιν,</span> <span class='ocrx_word' id='word_1_73' title='bbox 926 1148 1078 1219; x_wconf 78' lang='grc' dir='ltr'>δρεσί</span> <span class='ocrx_word' id='word_1_74' title='bbox 1117 1167 1174 1203; x_wconf 89' lang='grc' dir='ltr'><strong>τε</strong></span> <span class='ocrx_word' id='word_1_75' title='bbox 1209 1151 1303 1204; x_wconf 76' lang='grc' dir='ltr'>καὶ</span> <span class='ocrx_word' id='word_1_76' title='bbox 1340 1150 1563 1215; x_wconf 88' lang='grc' dir='ltr'>πεδίοις,</span> <span class='ocrx_word' id='word_1_77' title='bbox 1601 1156 1629 1206; x_wconf 86' lang='grc' dir='ltr'><strong>ό</strong></span> <span class='ocrx_word' id='word_1_78' title='bbox 1667 1155 1766 1225; x_wconf 84' lang='grc' dir='ltr'>τῆς</span> 
     </span>
    </p>
   </div>
   <div class='ocr_carea' id='block_1_13' title="bbox 182 1239 1762 1314">
    <p class='ocr_par' dir='ltr' id='par_1_13' title="bbox 182 1239 1762 1314">
     <span class='ocr_line' id='line_1_13' title="bbox 182 1239 1762 1314; baseline 0.003 -20"><span class='ocrx_word' id='word_1_79' title='bbox 182 1243 391 1314; x_wconf 83' lang='grc' dir='ltr'>ἀρετῆς</span> <span class='ocrx_word' id='word_1_80' title='bbox 430 1242 775 1312; x_wconf 80' lang='grc' dir='ltr'><strong>ἀγωνοθέτης</strong></span> <span class='ocrx_word' id='word_1_81' title='bbox 822 1239 935 1313; x_wconf 85' lang='grc' dir='ltr'>έχει</span> <span class='ocrx_word' id='word_1_82' title='bbox 974 1241 1127 1304; x_wconf 79' lang='grc' dir='ltr'>Θεὸς,</span> <span class='ocrx_word' id='word_1_83' title='bbox 1178 1240 1271 1305; x_wconf 77' lang='grc' dir='ltr'>οὓς</span> <span class='ocrx_word' id='word_1_84' title='bbox 1306 1244 1401 1295; x_wconf 73' lang='grc' dir='ltr'>καὶ</span> <span class='ocrx_word' id='word_1_85' title='bbox 1456 1243 1762 1314; x_wconf 85' lang='grc' dir='ltr'>ἀριθμῆσαι</span> 
     </span>
    </p>
   </div>
   <div class='ocr_carea' id='block_1_14' title="bbox 178 1331 1766 1405">
    <p class='ocr_par' dir='ltr' id='par_1_14' title="bbox 178 1331 1766 1405">
     <span class='ocr_line' id='line_1_14' title="bbox 178 1331 1766 1405; baseline 0.003 -21"><span class='ocrx_word' id='word_1_86' title='bbox 178 1334 342 1402; x_wconf 83' lang='grc' dir='ltr'>μόνον</span> <span class='ocrx_word' id='word_1_87' title='bbox 407 1334 507 1385; x_wconf 76' lang='grc' dir='ltr'>οὐκ</span> <span class='ocrx_word' id='word_1_88' title='bbox 566 1332 812 1397; x_wconf 73' lang='grc' dir='ltr'>εὐπετὲς,</span> <span class='ocrx_word' id='word_1_89' title='bbox 912 1331 1042 1402; x_wconf 83' lang='grc' dir='ltr'>μήτι</span> <span class='ocrx_word' id='word_1_90' title='bbox 1116 1347 1179 1399; x_wconf 87' lang='grc' dir='ltr'><strong>γε</strong></span> <span class='ocrx_word' id='word_1_91' title='bbox 1245 1331 1311 1403; x_wconf 85' lang='grc' dir='ltr'>δὴ</span> <span class='ocrx_word' id='word_1_92' title='bbox 1377 1334 1605 1387; x_wconf 71' lang='grc' dir='ltr'>ἑκάστου</span> <span class='ocrx_word' id='word_1_93' title='bbox 1651 1334 1766 1405; x_wconf 89' lang='grc' dir='ltr'>βίον</span> 
     </span>
    </p>
   </div>
   <div class='ocr_carea' id='block_1_15' title="bbox 176 1420 1765 1493">
    <p class='ocr_par' dir='ltr' id='par_1_15' title="bbox 176 1420 1765 1493">
     <span class='ocr_line' id='line_1_15' title="bbox 176 1420 1765 1493; baseline 0.003 -19"><span class='ocrx_word' id='word_1_94' title='bbox 176 1421 524 1493; x_wconf 67' lang='grc' dir='ltr'>συγγράψαι.</span> <span class='ocrx_word' id='word_1_95' title='bbox 573 1420 879 1493; x_wconf 83' lang='grc' dir='ltr'>Ἀρκοῦσαν</span> <span class='ocrx_word' id='word_1_96' title='bbox 910 1420 1091 1473; x_wconf 77' lang='grc' dir='ltr'>τοίνυν</span> <span class='ocrx_word' id='word_1_97' title='bbox 1139 1423 1201 1474; x_wconf 76' lang='grc' dir='ltr'>ἐκ</span> <span class='ocrx_word' id='word_1_98' title='bbox 1247 1422 1454 1477; x_wconf 88' lang='grc' dir='ltr'>τούτων</span> <span class='ocrx_word' id='word_1_99' title='bbox 1496 1424 1765 1493; x_wconf 81' lang='grc' dir='ltr'>ὠφέλειαν</span> 
     </span>
    </p>
   </div>
   <div class='ocr_carea' id='block_1_16' title="bbox 173 1512 1765 1587">
    <p class='ocr_par' dir='ltr' id='par_1_16' title="bbox 173 1512 1765 1587">
     <span class='ocr_line' id='line_1_16' title="bbox 173 1512 1765 1587; baseline 0.003 -22"><span class='ocrx_word' id='word_1_100' title='bbox 173 1517 289 1576; x_wconf 74' lang='grc' dir='ltr'>τοῖς</span> <span class='ocrx_word' id='word_1_101' title='bbox 325 1514 613 1584; x_wconf 85' lang='grc' dir='ltr'>κερδάνειν</span> <span class='ocrx_word' id='word_1_102' title='bbox 649 1512 997 1583; x_wconf 82' lang='grc' dir='ltr'>βουλομένοις</span> <span class='ocrx_word' id='word_1_103' title='bbox 1022 1512 1442 1583; x_wconf 78' lang='grc' dir='ltr'>προτεθεικότες</span> <span class='ocrx_word' id='word_1_104' title='bbox 1469 1516 1554 1584; x_wconf 79' lang='grc' dir='ltr'>ἐφ’</span> <span class='ocrx_word' id='word_1_105' title='bbox 1578 1516 1765 1587; x_wconf 72' lang='grc' dir='ltr'>ἕτερον</span> 
     </span>
    </p>
   </div>
   <div class='ocr_carea' id='block_1_17' title="bbox 177 1603 1765 1679">
    <p class='ocr_par' dir='ltr' id='par_1_17' title="bbox 177 1603 1765 1679">
     <span class='ocr_line' id='line_1_17' title="bbox 177 1603 1765 1679; baseline 0.003 -22"><span class='ocrx_word' id='word_1_106' title='bbox 177 1603 317 1669; x_wconf 76' lang='grc' dir='ltr'>εἶδος</span> <span class='ocrx_word' id='word_1_107' title='bbox 341 1607 652 1677; x_wconf 75' lang='grc' dir='ltr'>διηγήσεως</span> <span class='ocrx_word' id='word_1_108' title='bbox 683 1604 974 1677; x_wconf 78' lang='grc' dir='ltr'>τρέψομαι,</span> <span class='ocrx_word' id='word_1_109' title='bbox 1010 1606 1104 1658; x_wconf 77' lang='grc' dir='ltr'>καὶ</span> <span class='ocrx_word' id='word_1_110' title='bbox 1136 1604 1240 1676; x_wconf 81' lang='grc' dir='ltr'>τῆς</span> <span class='ocrx_word' id='word_1_111' title='bbox 1270 1606 1475 1662; x_wconf 80' lang='grc' dir='ltr'>τούτων</span> <span class='ocrx_word' id='word_1_112' title='bbox 1512 1608 1765 1679; x_wconf 79' lang='grc' dir='ltr'>εὐλογίας</span> 
     </span>
    </p>
   </div>
   <div class='ocr_carea' id='block_1_18' title="bbox 180 1695 745 1767">
    <p class='ocr_par' dir='ltr' id='par_1_18' title="bbox 180 1695 745 1767">
     <span class='ocr_line' id='line_1_18' title="bbox 180 1695 745 1767; baseline 0.004 -18"><span class='ocrx_word' id='word_1_113' title='bbox 180 1714 282 1767; x_wconf 85' lang='grc' dir='ltr'><strong>μετ</strong></span> <span class='ocrx_word' id='word_1_114' title='bbox 293 1697 518 1757; x_wconf 78' lang='grc' dir='ltr'>αλαδετν</span> <span class='ocrx_word' id='word_1_115' title='bbox 556 1695 745 1762; x_wconf 83' lang='grc' dir='ltr'>ἀξιῶν.</span> 
     </span>
    </p>
   </div>
   <div class='ocr_carea' id='block_1_19' title="bbox 283 1790 1550 1863">
    <p class='ocr_par' dir='ltr' id='par_1_19' title="bbox 283 1790 1550 1863">
     <span class='ocr_line' id='line_1_19' title="bbox 283 1790 1550 1863; baseline 0.006 -21"><span class='ocrx_word' id='word_1_116' title='bbox 283 1803 301 1833; x_wconf 74' lang='grc' dir='ltr'><strong>λ</strong></span> <span class='ocrx_word' id='word_1_117' title='bbox 396 1791 521 1845; x_wconf 70' lang='lat' dir='ltr'><strong>KA&#39;.</strong></span> <span class='ocrx_word' id='word_1_118' title='bbox 548 1820 617 1832; x_wconf 77' lang='grc' dir='ltr'><strong>-ι</strong></span> <span class='ocrx_word' id='word_1_119' title='bbox 641 1790 929 1845; x_wconf 78' lang='grc' dir='ltr'><strong>ΖΕΒΙΝΑΣ</strong></span> <span class='ocrx_word' id='word_1_120' title='bbox 966 1793 999 1863; x_wconf 81' lang='grc' dir='ltr'>ἢ</span> <span class='ocrx_word' id='word_1_121' title='bbox 1039 1793 1550 1849; x_wconf 83' lang='grc' dir='ltr'><strong>ΠΟΛΥΧΡΟΝΙΟΣ.</strong></span> 
     </span>
    </p>
   </div>
   <div class='ocr_carea' id='block_1_20' title="bbox 1871 602 3447 675">
    <p class='ocr_par' dir='ltr' id='par_1_20' title="bbox 1871 602 3447 675">
     <span class='ocr_line' id='line_1_20' title="bbox 1871 602 3447 675; baseline 0.007 -23"><span class='ocrx_word' id='word_1_122' title='bbox 1871 602 2068 665; x_wconf 89' lang='lat' dir='ltr'><strong>victus,</strong></span> <span class='ocrx_word' id='word_1_123' title='bbox 2112 612 2166 656; x_wconf 89' lang='lat' dir='ltr'><strong>et</strong></span> <span class='ocrx_word' id='word_1_124' title='bbox 2201 602 2387 669; x_wconf 75' lang='lat' dir='ltr'><strong>statio,</strong></span> <span class='ocrx_word' id='word_1_125' title='bbox 2419 611 2472 657; x_wconf 90' lang='lat' dir='ltr'><strong>et</strong></span> <span class='ocrx_word' id='word_1_126' title='bbox 2510 602 2712 666; x_wconf 89' lang='lat' dir='ltr'><strong>oratio,</strong></span> <span class='ocrx_word' id='word_1_127' title='bbox 2748 606 3116 675; x_wconf 88' lang='lat' dir='ltr'><strong>nocturnique</strong></span> <span class='ocrx_word' id='word_1_128' title='bbox 3160 621 3224 661; x_wconf 90' lang='lat' dir='ltr'><strong>ac</strong></span> <span class='ocrx_word' id='word_1_129' title='bbox 3258 606 3447 663; x_wconf 85' lang='lat' dir='ltr'><strong>diurni</strong></span> 
     </span>
    </p>
   </div>
   <div class='ocr_carea' id='block_1_21' title="bbox 1869 692 3445 765">
    <p class='ocr_par' dir='ltr' id='par_1_21' title="bbox 1869 692 3445 765">
     <span class='ocr_line' id='line_1_21' title="bbox 1869 692 3445 765; baseline 0.004 -19"><span class='ocrx_word' id='word_1_130' title='bbox 1869 692 2089 747; x_wconf 76' lang='lat' dir='ltr'><strong>labores</strong></span> <span class='ocrx_word' id='word_1_131' title='bbox 2136 694 2380 746; x_wconf 90' lang='lat' dir='ltr'><strong>continui</strong></span> <span class='ocrx_word' id='word_1_132' title='bbox 2422 712 2433 745; x_wconf 90' lang='lat'><strong>:</strong></span> <span class='ocrx_word' id='word_1_133' title='bbox 2479 703 2531 746; x_wconf 88' lang='lat' dir='ltr'><strong>et</strong></span> <span class='ocrx_word' id='word_1_134' title='bbox 2558 708 2750 763; x_wconf 79' lang='lat' dir='ltr'><strong>neque</strong></span> <span class='ocrx_word' id='word_1_135' title='bbox 2774 696 3046 763; x_wconf 76' lang='lat' dir='ltr'><strong>temporis</strong></span> <span class='ocrx_word' id='word_1_136' title='bbox 3085 696 3445 765; x_wconf 69' lang='lat' dir='ltr'><strong>diuturnitas,</strong></span> 
     </span>
    </p>
   </div>
   <div class='ocr_carea' id='block_1_22' title="bbox 1868 783 3446 853">
    <p class='ocr_par' dir='ltr' id='par_1_22' title="bbox 1868 783 3446 853">
     <span class='ocr_line' id='line_1_22' title="bbox 1868 783 3446 853; baseline 0.004 -16"><span class='ocrx_word' id='word_1_137' title='bbox 1868 797 2045 852; x_wconf 88' lang='lat' dir='ltr'><strong>neque</strong></span> <span class='ocrx_word' id='word_1_138' title='bbox 2078 783 2317 846; x_wconf 89' lang='lat' dir='ltr'><strong>senium,</strong></span> <span class='ocrx_word' id='word_1_139' title='bbox 2364 799 2538 853; x_wconf 87' lang='lat' dir='ltr'><strong>neque</strong></span> <span class='ocrx_word' id='word_1_140' title='bbox 2571 784 2918 840; x_wconf 81' lang='lat' dir='ltr'><strong>imbecillitas</strong></span> <span class='ocrx_word' id='word_1_141' title='bbox 2954 794 3161 842; x_wconf 73' lang='lat' dir='ltr'><strong>natura:</strong></span> <span class='ocrx_word' id='word_1_142' title='bbox 3181 798 3446 843; x_wconf 88' lang='lat' dir='ltr'><strong>constan-</strong></span> 
     </span>
    </p>
   </div>
   <div class='ocr_carea' id='block_1_23' title="bbox 1856 873 3445 946">
    <p class='ocr_par' dir='ltr' id='par_1_23' title="bbox 1856 873 3445 946">
     <span class='ocr_line' id='line_1_23' title="bbox 1856 873 3445 946; baseline 0.004 -20"><span class='ocrx_word' id='word_1_143' title='bbox 1856 875 2000 936; x_wconf 76' lang='lat' dir='ltr'><strong>tiam</strong></span> <span class='ocrx_word' id='word_1_144' title='bbox 2056 873 2283 944; x_wconf 73' lang='lat' dir='ltr'><strong>frangit,</strong></span> <span class='ocrx_word' id='word_1_145' title='bbox 2330 874 2423 929; x_wconf 89' lang='lat' dir='ltr'><strong>sed</strong></span> <span class='ocrx_word' id='word_1_146' title='bbox 2478 883 2730 946; x_wconf 76' lang='lat' dir='ltr'><strong>vegetum</strong></span> <span class='ocrx_word' id='word_1_147' title='bbox 2787 876 2840 930; x_wconf 91' lang='lat' dir='ltr'><strong>in</strong></span> <span class='ocrx_word' id='word_1_148' title='bbox 2903 876 3101 946; x_wconf 88' lang='lat' dir='ltr'><strong>seipsis</strong></span> <span class='ocrx_word' id='word_1_149' title='bbox 3160 879 3445 934; x_wconf 90' lang='lat' dir='ltr'><strong>laborandl</strong></span> 
     </span>
    </p>
   </div>
   <div class='ocr_carea' id='block_1_24' title="bbox 1869 964 3445 1039">
    <p class='ocr_par' dir='ltr' id='par_1_24' title="bbox 1869 964 3445 1039">
     <span class='ocr_line' id='line_1_24' title="bbox 1869 964 3445 1039; baseline 0.004 -21"><span class='ocrx_word' id='word_1_150' title='bbox 1869 964 2108 1020; x_wconf 86' lang='lat' dir='ltr'><strong>retinent</strong></span> <span class='ocrx_word' id='word_1_151' title='bbox 2142 967 2408 1021; x_wconf 86' lang='lat' dir='ltr'><strong>studium.</strong></span> <span class='ocrx_word' id='word_1_152' title='bbox 2442 967 2596 1021; x_wconf 84' lang='lat' dir='ltr'><strong>Alios</strong></span> <span class='ocrx_word' id='word_1_153' title='bbox 2632 976 2895 1037; x_wconf 67' lang='lat' dir='ltr'><strong>praeterea</strong></span> <span class='ocrx_word' id='word_1_154' title='bbox 2931 969 3246 1039; x_wconf 88' lang='lat' dir='ltr'><strong>complures</strong></span> <span class='ocrx_word' id='word_1_155' title='bbox 3281 972 3334 1024; x_wconf 92' lang='lat' dir='ltr'><strong>in</strong></span> <span class='ocrx_word' id='word_1_156' title='bbox 3380 971 3445 1025; x_wconf 83' lang='lat' dir='ltr'><strong>fl-</strong></span> 
     </span>
    </p>
   </div>
   <div class='ocr_carea' id='block_1_25' title="bbox 1868 1046 3447 1130">
    <p class='ocr_par' dir='ltr' id='par_1_25' title="bbox 1868 1046 3447 1130">
     <span class='ocr_line' id='line_1_25' title="bbox 1868 1046 3447 1130; baseline 0.004 -21"><span class='ocrx_word' id='word_1_157' title='bbox 1868 1054 2033 1110; x_wconf 89' lang='lat' dir='ltr'><strong>nibus</strong></span> <span class='ocrx_word' id='word_1_158' title='bbox 2070 1058 2312 1123; x_wconf 86' lang='lat' dir='ltr'><strong>nostris,</strong></span> <span class='ocrx_word' id='word_1_159' title='bbox 2361 1059 2750 1129; x_wconf 86' lang='lat' dir='ltr'><strong>montibusque</strong></span> <span class='ocrx_word' id='word_1_160' title='bbox 2790 1068 2845 1113; x_wconf 92' lang='lat' dir='ltr'><strong>et</strong></span> <span class='ocrx_word' id='word_1_161' title='bbox 2898 1046 3141 1130; x_wconf 85' lang='lat' dir='ltr'><strong>campis,</strong></span> <span class='ocrx_word' id='word_1_162' title='bbox 3207 1062 3447 1116; x_wconf 77' lang='lat' dir='ltr'><strong>athletas</strong></span> 
     </span>
    </p>
   </div>
   <div class='ocr_carea' id='block_1_26' title="bbox 1872 1147 3447 1221">
    <p class='ocr_par' dir='ltr' id='par_1_26' title="bbox 1872 1147 3447 1221">
     <span class='ocr_line' id='line_1_26' title="bbox 1872 1147 3447 1221; baseline 0.004 -20"><span class='ocrx_word' id='word_1_163' title='bbox 1872 1147 2033 1201; x_wconf 91' lang='lat' dir='ltr'><strong>habet</strong></span> <span class='ocrx_word' id='word_1_164' title='bbox 2076 1149 2297 1205; x_wconf 84' lang='lat' dir='ltr'><strong>virtutis</strong></span> <span class='ocrx_word' id='word_1_165' title='bbox 2342 1150 2669 1221; x_wconf 82' lang='lat' dir='ltr'><strong>agonotheta</strong></span> <span class='ocrx_word' id='word_1_166' title='bbox 2715 1148 2881 1215; x_wconf 87' lang='lat' dir='ltr'><strong>Deus,</strong></span> <span class='ocrx_word' id='word_1_167' title='bbox 2916 1168 3055 1221; x_wconf 87' lang='lat' dir='ltr'><strong>quos</strong></span> <span class='ocrx_word' id='word_1_168' title='bbox 3096 1154 3178 1208; x_wconf 81' lang='lat' dir='ltr'><strong>vel</strong></span> <span class='ocrx_word' id='word_1_169' title='bbox 3217 1168 3447 1209; x_wconf 84' lang='lat' dir='ltr'><strong>enume-</strong></span> 
     </span>
    </p>
   </div>
   <div class='ocr_carea' id='block_1_27' title="bbox 1870 1236 3443 1313">
    <p class='ocr_par' dir='ltr' id='par_1_27' title="bbox 1870 1236 3443 1313">
     <span class='ocr_line' id='line_1_27' title="bbox 1870 1236 3443 1313; baseline 0.006 -23"><span class='ocrx_word' id='word_1_170' title='bbox 1870 1252 1992 1291; x_wconf 84' lang='lat' dir='ltr'><strong>rare</strong></span> <span class='ocrx_word' id='word_1_171' title='bbox 2014 1236 2235 1293; x_wconf 79' lang='lat' dir='ltr'><strong>diﬂicile</strong></span> <span class='ocrx_word' id='word_1_172' title='bbox 2256 1239 2348 1302; x_wconf 91' lang='lat' dir='ltr'><strong>sit,</strong></span> <span class='ocrx_word' id='word_1_173' title='bbox 2388 1240 2589 1296; x_wconf 88' lang='lat' dir='ltr'><strong>nedum</strong></span> <span class='ocrx_word' id='word_1_174' title='bbox 2637 1240 2853 1312; x_wconf 75' lang='lat'><strong>1258</strong></span> <span class='ocrx_word' id='word_1_175' title='bbox 2894 1242 3234 1313; x_wconf 78' lang='lat' dir='ltr'><strong>singulorum</strong></span> <span class='ocrx_word' id='word_1_176' title='bbox 3276 1245 3443 1299; x_wconf 87' lang='lat' dir='ltr'><strong>vitam</strong></span> 
     </span>
    </p>
   </div>
   <div class='ocr_carea' id='block_1_28' title="bbox 1868 1328 3442 1406">
    <p class='ocr_par' dir='ltr' id='par_1_28' title="bbox 1868 1328 3442 1406">
     <span class='ocr_line' id='line_1_28' title="bbox 1868 1328 3442 1406; baseline 0.006 -25"><span class='ocrx_word' id='word_1_177' title='bbox 1868 1330 2236 1384; x_wconf 81' lang='lat' dir='ltr'><strong>conscribere.</strong></span> <span class='ocrx_word' id='word_1_178' title='bbox 2272 1328 2452 1394; x_wconf 83' lang='lat' dir='ltr'><strong>Quare</strong></span> <span class='ocrx_word' id='word_1_179' title='bbox 2480 1346 2605 1385; x_wconf 90' lang='lat' dir='ltr'><strong>cum</strong></span> <span class='ocrx_word' id='word_1_180' title='bbox 2632 1347 2697 1384; x_wconf 82' lang='lat' dir='ltr'><strong>ex</strong></span> <span class='ocrx_word' id='word_1_181' title='bbox 2734 1332 2821 1387; x_wconf 90' lang='lat' dir='ltr'><strong>his</strong></span> <span class='ocrx_word' id='word_1_182' title='bbox 2849 1331 3207 1387; x_wconf 77' lang='lat' dir='ltr'><strong>sufﬁcientem</strong></span> <span class='ocrx_word' id='word_1_183' title='bbox 3249 1334 3315 1389; x_wconf 92' lang='lat' dir='ltr'><strong>iis</strong></span> <span class='ocrx_word' id='word_1_184' title='bbox 3350 1338 3442 1406; x_wconf 90' lang='lat' dir='ltr'><strong>qui</strong></span> 
     </span>
    </p>
   </div>
   <div class='ocr_carea' id='block_1_29' title="bbox 1870 1421 3444 1494">
    <p class='ocr_par' dir='ltr' id='par_1_29' title="bbox 1870 1421 3444 1494">
     <span class='ocr_line' id='line_1_29' title="bbox 1870 1421 3444 1494; baseline 0.004 -20"><span class='ocrx_word' id='word_1_185' title='bbox 1870 1421 2082 1475; x_wconf 90' lang='lat' dir='ltr'><strong>lucrum</strong></span> <span class='ocrx_word' id='word_1_186' title='bbox 2118 1432 2342 1491; x_wconf 82' lang='lat' dir='ltr'><strong>captant</strong></span> <span class='ocrx_word' id='word_1_187' title='bbox 2397 1423 2688 1477; x_wconf 87' lang='lat' dir='ltr'><strong>utilitatem</strong></span> <span class='ocrx_word' id='word_1_188' title='bbox 2735 1426 3209 1494; x_wconf 81' lang='lat' dir='ltr'><strong>proposuerimus,</strong></span> <span class='ocrx_word' id='word_1_189' title='bbox 3247 1424 3444 1481; x_wconf 89' lang='lat' dir='ltr'><strong>horum</strong></span> 
     </span>
    </p>
   </div>
   <div class='ocr_carea' id='block_1_30' title="bbox 1867 1510 3441 1582">
    <p class='ocr_par' dir='ltr' id='par_1_30' title="bbox 1867 1510 3441 1582">
     <span class='ocr_line' id='line_1_30' title="bbox 1867 1510 3441 1582; baseline 0.003 -17"><span class='ocrx_word' id='word_1_190' title='bbox 1867 1510 2027 1565; x_wconf 82' lang='lat' dir='ltr'><strong>etiam</strong></span> <span class='ocrx_word' id='word_1_191' title='bbox 2058 1523 2114 1565; x_wconf 89' lang='lat' dir='ltr'><strong>ut</strong></span> <span class='ocrx_word' id='word_1_192' title='bbox 2149 1512 2535 1567; x_wconf 80' lang='lat' dir='ltr'><strong>benedictione</strong></span> <span class='ocrx_word' id='word_1_193' title='bbox 2583 1512 2830 1567; x_wconf 79' lang='lat' dir='ltr'><strong>fruamur</strong></span> <span class='ocrx_word' id='word_1_194' title='bbox 2876 1523 3131 1582; x_wconf 82' lang='lat' dir='ltr'><strong>orantes,</strong></span> <span class='ocrx_word' id='word_1_195' title='bbox 3174 1516 3239 1569; x_wconf 87' lang='lat' dir='ltr'><strong>ad</strong></span> <span class='ocrx_word' id='word_1_196' title='bbox 3283 1518 3441 1569; x_wconf 70' lang='lat' dir='ltr'><strong>aliam</strong></span> 
     </span>
    </p>
   </div>
   <div class='ocr_carea' id='block_1_31' title="bbox 1868 1589 2681 1665">
    <p class='ocr_par' dir='ltr' id='par_1_31' title="bbox 1868 1589 2681 1665">
     <span class='ocr_line' id='line_1_31' title="bbox 1868 1589 2681 1665; baseline 0.001 -9"><span class='ocrx_word' id='word_1_197' title='bbox 1868 1589 2239 1657; x_wconf 81' lang='lat' dir='ltr'><strong>narrationem</strong></span> <span class='ocrx_word' id='word_1_198' title='bbox 2277 1613 2681 1665; x_wconf 81' lang='lat' dir='ltr'><strong>convertentur.</strong></span> 
     </span>
    </p>
   </div>
   <div class='ocr_carea' id='block_1_32' title="bbox 1973 1784 3303 1848">
    <p class='ocr_par' dir='ltr' id='par_1_32' title="bbox 1973 1784 3303 1848">
     <span class='ocr_line' id='line_1_32' title="bbox 1973 1784 3303 1848; baseline 0.005 -7"><span class='ocrx_word' id='word_1_199' title='bbox 1973 1784 2163 1841; x_wconf 79' lang='lat' dir='ltr'><strong>XXIV.</strong></span> <span class='ocrx_word' id='word_1_200' title='bbox 2190 1817 2256 1826; x_wconf 90' lang='lat'><strong>—</strong></span> <span class='ocrx_word' id='word_1_201' title='bbox 2291 1785 2580 1842; x_wconf 79' lang='lat' dir='ltr'><strong>ZEBINAS</strong></span> <span class='ocrx_word' id='word_1_202' title='bbox 2623 1796 2715 1843; x_wconf 85' lang='lat' dir='ltr'><strong>aut</strong></span> <span class='ocrx_word' id='word_1_203' title='bbox 2755 1789 3303 1848; x_wconf 80' lang='lat' dir='ltr'><strong>POLYCllRONIUS.</strong></span> 
     </span>
    </p>
   </div>
   <div class='ocr_carea' id='block_1_33' title="bbox 252 1847 1769 1955">
    <p class='ocr_par' dir='ltr' id='par_1_33' title="bbox 252 1847 1759 1955">
     <span class='ocr_line' id='line_1_33' title="bbox 252 1847 1759 1955; baseline 0.003 -22"><span class='ocrx_word' id='word_1_204' title='bbox 252 1880 485 1934; x_wconf 77' lang='grc' dir='ltr'>Ζεόινᾶν</span> <span class='ocrx_word' id='word_1_205' title='bbox 510 1880 693 1952; x_wconf 83' lang='grc' dir='ltr'>ᾄδουσι</span> <span class='ocrx_word' id='word_1_206' title='bbox 732 1882 895 1953; x_wconf 88' lang='grc' dir='ltr'>μέχρι</span> <span class='ocrx_word' id='word_1_207' title='bbox 928 1847 1022 1936; x_wconf 69' lang='grc' dir='ltr'>καὶ</span> <span class='ocrx_word' id='word_1_208' title='bbox 1050 1885 1291 1955; x_wconf 85' lang='grc' dir='ltr'>τήμερον</span> <span class='ocrx_word' id='word_1_209' title='bbox 1322 1886 1371 1938; x_wconf 88' lang='grc' dir='ltr'><strong>οί</strong></span> <span class='ocrx_word' id='word_1_210' title='bbox 1418 1884 1516 1955; x_wconf 83' lang='grc' dir='ltr'>τῆς</span> <span class='ocrx_word' id='word_1_211' title='bbox 1537 1847 1759 1937; x_wconf 35' lang='grc' dir='ltr'>-ἐκείνου</span> 
     </span>
    </p>
   </div>
   <div class='ocr_carea' id='block_1_34' title="bbox 1854 1847 3443 1955">
    <p class='ocr_par' dir='ltr' id='par_1_34' title="bbox 1941 1876 3443 1954">
     <span class='ocr_line' id='line_1_34' title="bbox 1941 1876 3443 1954; baseline 0.009 -24"><span class='ocrx_word' id='word_1_212' title='bbox 1941 1876 2205 1932; x_wconf 87' lang='lat' dir='ltr'><strong>Zebinam</strong></span> <span class='ocrx_word' id='word_1_213' title='bbox 2250 1879 2520 1949; x_wconf 86' lang='lat' dir='ltr'><strong>hodieque</strong></span> <span class='ocrx_word' id='word_1_214' title='bbox 2577 1880 2877 1949; x_wconf 66' lang='lat' dir='ltr'><strong>praedicant</strong></span> <span class='ocrx_word' id='word_1_215' title='bbox 2921 1884 3013 1954; x_wconf 87' lang='lat' dir='ltr'><strong>qui</strong></span> <span class='ocrx_word' id='word_1_216' title='bbox 3060 1884 3244 1942; x_wconf 80' lang='lat' dir='ltr'><strong>videre</strong></span> <span class='ocrx_word' id='word_1_217' title='bbox 3292 1888 3443 1944; x_wconf 89' lang='lat' dir='ltr'><strong>illum</strong></span> 
     </span>
    </p>
   </div>
   <div class='ocr_carea' id='block_1_35' title="bbox 178 1970 1761 2061">
    <p class='ocr_par' dir='ltr' id='par_1_35' title="bbox 178 1970 1761 2061">
     <span class='ocr_line' id='line_1_35' title="bbox 178 1970 1761 2061; baseline 0.003 -38"><span class='ocrx_word' id='word_1_218' title='bbox 178 1972 309 2061; x_wconf 52' lang='grc' dir='ltr'>θέας</span> <span class='ocrx_word' id='word_1_219' title='bbox 347 1970 665 2041; x_wconf 75' lang='grc' dir='ltr'>ἠξιωμένοι.</span> <span class='ocrx_word' id='word_1_220' title='bbox 697 1973 834 2025; x_wconf 75' lang='grc' dir='ltr'>Φασὶ</span> <span class='ocrx_word' id='word_1_221' title='bbox 874 1972 930 2026; x_wconf 79' lang='grc' dir='ltr'>δὲ</span> <span class='ocrx_word' id='word_1_222' title='bbox 963 1973 1125 2027; x_wconf 83' lang='grc' dir='ltr'>αὑτὸν</span> <span class='ocrx_word' id='word_1_223' title='bbox 1165 1975 1245 2037; x_wconf 89' lang='grc' dir='ltr'><strong>είς</strong></span> <span class='ocrx_word' id='word_1_224' title='bbox 1274 1973 1454 2044; x_wconf 84' lang='grc' dir='ltr'>γῆρας</span> <span class='ocrx_word' id='word_1_225' title='bbox 1490 1973 1761 2028; x_wconf 89' lang='grc' dir='ltr'>ἐλάσαντα</span> 
     </span>
    </p>
   </div>
   <div class='ocr_carea' id='block_1_36' title="bbox 182 2062 1761 2139">
    <p class='ocr_par' dir='ltr' id='par_1_36' title="bbox 182 2062 1761 2139">
     <span class='ocr_line' id='line_1_36' title="bbox 182 2062 1761 2139; baseline 0.003 -22"><span class='ocrx_word' id='word_1_226' title='bbox 182 2062 342 2135; x_wconf 79' lang='grc' dir='ltr'>βαθὺ.</span> <span class='ocrx_word' id='word_1_227' title='bbox 372 2064 469 2116; x_wconf 68' lang='grc' dir='ltr'>καὶ</span> <span class='ocrx_word' id='word_1_228' title='bbox 504 2067 616 2128; x_wconf 83' lang='grc' dir='ltr'>τοῖς</span> <span class='ocrx_word' id='word_1_229' title='bbox 664 2065 847 2129; x_wconf 76' lang='grc' dir='ltr'>αὐτοῖς</span> <span class='ocrx_word' id='word_1_230' title='bbox 876 2066 1064 2131; x_wconf 80' lang='grc' dir='ltr'>πόνοις</span> <span class='ocrx_word' id='word_1_231' title='bbox 1108 2066 1304 2137; x_wconf 82' lang='grc' dir='ltr'>μέχρις</span> <span class='ocrx_word' id='word_1_232' title='bbox 1330 2066 1504 2137; x_wconf 79' lang='grc' dir='ltr'>αὐτῆς</span> <span class='ocrx_word' id='word_1_233' title='bbox 1550 2069 1761 2139; x_wconf 86' lang='grc' dir='ltr'>χρησά-</span> 
     </span>
    </p>
   </div>
   <div class='ocr_carea' id='block_1_37' title="bbox 185 2156 1760 2233">
    <p class='ocr_par' dir='ltr' id='par_1_37' title="bbox 185 2156 1760 2233">
     <span class='ocr_line' id='line_1_37' title="bbox 185 2156 1760 2233; baseline 0.003 -25"><span class='ocrx_word' id='word_1_234' title='bbox 185 2173 350 2227; x_wconf 80' lang='grc' dir='ltr'>μενον</span> <span class='ocrx_word' id='word_1_235' title='bbox 381 2156 482 2224; x_wconf 82' lang='grc' dir='ltr'>τῆς</span> <span class='ocrx_word' id='word_1_236' title='bbox 512 2156 791 2226; x_wconf 75' lang='grc' dir='ltr'>τελευτῆς,</span> <span class='ocrx_word' id='word_1_237' title='bbox 835 2157 1017 2233; x_wconf 36' lang='grc' dir='ltr'>μηδενί</span> <span class='ocrx_word' id='word_1_238' title='bbox 1036 2158 1145 2211; x_wconf 86' lang='grc' dir='ltr'><strong>τῶν</strong></span> <span class='ocrx_word' id='word_1_239' title='bbox 1178 2160 1278 2230; x_wconf 80' lang='grc' dir='ltr'>τῆς</span> <span class='ocrx_word' id='word_1_240' title='bbox 1318 2157 1569 2229; x_wconf 86' lang='grc' dir='ltr'>νεότητος</span> <span class='ocrx_word' id='word_1_241' title='bbox 1600 2160 1760 2229; x_wconf 78' lang='grc' dir='ltr'>ἀμεῖ-</span> 
     </span>
    </p>
   </div>
   <div class='ocr_carea' id='block_1_38' title="bbox 180 2247 1763 2322">
    <p class='ocr_par' dir='ltr' id='par_1_38' title="bbox 180 2247 1763 2322">
     <span class='ocr_line' id='line_1_38' title="bbox 180 2247 1763 2322; baseline 0.002 -21"><span class='ocrx_word' id='word_1_242' title='bbox 180 2249 284 2318; x_wconf 69' lang='grc' dir='ltr'><strong>ψαι</strong></span> <span class='ocrx_word' id='word_1_243' title='bbox 319 2248 401 2318; x_wconf 86' lang='grc' dir='ltr'><strong>τῷ</strong></span> <span class='ocrx_word' id='word_1_244' title='bbox 453 2247 741 2320; x_wconf 82' lang='grc' dir='ltr'>βαρυτάτῳ</span> <span class='ocrx_word' id='word_1_245' title='bbox 794 2248 1115 2321; x_wconf 72' lang='grc' dir='ltr'>βιαζόμενον</span> <span class='ocrx_word' id='word_1_246' title='bbox 1158 2250 1321 2322; x_wconf 81' lang='grc' dir='ltr'>γήρᾳ.</span> <span class='ocrx_word' id='word_1_247' title='bbox 1388 2251 1763 2304; x_wconf 83' lang='grc' dir='ltr'>Ἑπλεονέκτει</span> 
     </span>
    </p>
   </div>
   <div class='ocr_carea' id='block_1_39' title="bbox 182 2340 1763 2416">
    <p class='ocr_par' dir='ltr' id='par_1_39' title="bbox 182 2340 1763 2416">
     <span class='ocr_line' id='line_1_39' title="bbox 182 2340 1763 2416; baseline 0.002 -21"><span class='ocrx_word' id='word_1_248' title='bbox 182 2342 259 2406; x_wconf 79' lang='grc' dir='ltr'><strong>δέ,</strong></span> <span class='ocrx_word' id='word_1_249' title='bbox 290 2342 368 2405; x_wconf 82' lang='grc' dir='ltr'><strong>ὡς</strong></span> <span class='ocrx_word' id='word_1_250' title='bbox 396 2340 625 2411; x_wconf 71' lang='grc' dir='ltr'>ἔφασαν,</span> <span class='ocrx_word' id='word_1_251' title='bbox 650 2345 776 2407; x_wconf 73' lang='grc' dir='ltr'>τοὺς</span> <span class='ocrx_word' id='word_1_252' title='bbox 802 2344 888 2397; x_wconf 82' lang='grc' dir='ltr'>ἐπ’</span> <span class='ocrx_word' id='word_1_253' title='bbox 911 2342 1078 2396; x_wconf 74' lang='grc' dir='ltr'>αὑτοῦ</span> <span class='ocrx_word' id='word_1_254' title='bbox 1110 2343 1317 2407; x_wconf 86' lang='grc' dir='ltr'>πάντας</span> <span class='ocrx_word' id='word_1_255' title='bbox 1344 2343 1667 2415; x_wconf 82' lang='grc' dir='ltr'>ἀνθρώπους</span> <span class='ocrx_word' id='word_1_256' title='bbox 1694 2347 1763 2416; x_wconf 78' lang='grc' dir='ltr'>τῇ</span> 
     </span>
    </p>
   </div>
   <div class='ocr_carea' id='block_1_40' title="bbox 183 2430 1765 2503">
    <p class='ocr_par' dir='ltr' id='par_1_40' title="bbox 183 2430 1765 2503">
     <span class='ocr_line' id='line_1_40' title="bbox 183 2430 1765 2503; baseline -0.001 -20"><span class='ocrx_word' id='word_1_257' title='bbox 183 2431 283 2502; x_wconf 85' lang='grc' dir='ltr'>τῆς</span> <span class='ocrx_word' id='word_1_258' title='bbox 333 2433 648 2502; x_wconf 79' lang='grc' dir='ltr'>προσευχῆς</span> <span class='ocrx_word' id='word_1_259' title='bbox 700 2430 1021 2503; x_wconf 77' lang='grc' dir='ltr'>προσεδρίᾳ.</span> <span class='ocrx_word' id='word_1_260' title='bbox 1065 2431 1154 2483; x_wconf 88' lang='grc' dir='ltr'>Ἑν</span> <span class='ocrx_word' id='word_1_261' title='bbox 1205 2432 1377 2502; x_wconf 84' lang='grc' dir='ltr'>ταύτῃ</span> <span class='ocrx_word' id='word_1_262' title='bbox 1426 2430 1535 2502; x_wconf 86' lang='grc' dir='ltr'><strong>γάρ</strong></span> <span class='ocrx_word' id='word_1_263' title='bbox 1572 2430 1765 2500; x_wconf 83' lang='grc' dir='ltr'>διημε-</span> 
     </span>
    </p>
   </div>
   <div class='ocr_carea' id='block_1_41' title="bbox 188 2519 1764 2593">
    <p class='ocr_par' dir='ltr' id='par_1_41' title="bbox 188 2519 1764 2593">
     <span class='ocr_line' id='line_1_41' title="bbox 188 2519 1764 2593; baseline 0.001 -20"><span class='ocrx_word' id='word_1_264' title='bbox 188 2521 367 2593; x_wconf 85' lang='grc' dir='ltr'>ρεύων</span> <span class='ocrx_word' id='word_1_265' title='bbox 397 2539 454 2575; x_wconf 92' lang='grc' dir='ltr'><strong>τε</strong></span> <span class='ocrx_word' id='word_1_266' title='bbox 486 2522 579 2574; x_wconf 71' lang='grc' dir='ltr'>καὶ</span> <span class='ocrx_word' id='word_1_267' title='bbox 601 2521 1052 2592; x_wconf 86' lang='grc' dir='ltr'>διανυκτερεύων,</span> <span class='ocrx_word' id='word_1_268' title='bbox 1085 2521 1145 2573; x_wconf 84' lang='grc' dir='ltr'>οὐ</span> <span class='ocrx_word' id='word_1_269' title='bbox 1181 2520 1339 2591; x_wconf 87' lang='grc' dir='ltr'>μόνον</span> <span class='ocrx_word' id='word_1_270' title='bbox 1370 2522 1469 2574; x_wconf 77' lang='grc' dir='ltr'>οὐκ</span> <span class='ocrx_word' id='word_1_271' title='bbox 1492 2519 1764 2592; x_wconf 73' lang='grc' dir='ltr'>ἐλάμϐανε</span> 
     </span>
    </p>
   </div>
   <div class='ocr_carea' id='block_1_42' title="bbox 185 2602 1762 2693">
    <p class='ocr_par' dir='ltr' id='par_1_42' title="bbox 185 2602 1762 2693">
     <span class='ocr_line' id='line_1_42' title="bbox 185 2602 1762 2693; baseline 0 -28"><span class='ocrx_word' id='word_1_272' title='bbox 185 2614 372 2683; x_wconf 85' lang='grc' dir='ltr'>κόρον,</span> <span class='ocrx_word' id='word_1_273' title='bbox 428 2612 567 2665; x_wconf 87' lang='grc' dir='ltr'><strong>ἀλλά</strong></span> <span class='ocrx_word' id='word_1_274' title='bbox 609 2612 705 2665; x_wconf 73' lang='grc' dir='ltr'>καὶ</span> <span class='ocrx_word' id='word_1_275' title='bbox 741 2602 1207 2684; x_wconf 79' lang='grc' dir='ltr'>θερμότεροντδν</span> <span class='ocrx_word' id='word_1_276' title='bbox 1246 2612 1409 2693; x_wconf 29' lang='grc' dir='ltr'>πόνθον</span> <span class='ocrx_word' id='word_1_277' title='bbox 1459 2614 1762 2683; x_wconf 73' lang='grc' dir='ltr'>εἰργάζετο.</span> 
     </span>
    </p>
   </div>
   <div class='ocr_carea' id='block_1_43' title="bbox 197 2701 1784 2778">
    <p class='ocr_par' dir='ltr' id='par_1_43' title="bbox 197 2701 1784 2778">
     <span class='ocr_line' id='line_1_43' title="bbox 197 2701 1784 2778; baseline -0.002 -22"><span class='ocrx_word' id='word_1_278' title='bbox 197 2703 365 2757; x_wconf 74' lang='grc' dir='ltr'><strong>⁹Α).λά</strong></span> <span class='ocrx_word' id='word_1_279' title='bbox 422 2704 518 2757; x_wconf 73' lang='grc' dir='ltr'>καὶ</span> <span class='ocrx_word' id='word_1_280' title='bbox 565 2706 682 2765; x_wconf 81' lang='grc' dir='ltr'>τοϊς</span> <span class='ocrx_word' id='word_1_281' title='bbox 731 2703 867 2772; x_wconf 79' lang='grc' dir='ltr'>πρὸς</span> <span class='ocrx_word' id='word_1_282' title='bbox 917 2703 1079 2757; x_wconf 75' lang='grc' dir='ltr'>αὑτὸν</span> <span class='ocrx_word' id='word_1_283' title='bbox 1122 2701 1178 2756; x_wconf 82' lang='grc' dir='ltr'><strong>δέ</strong></span> <span class='ocrx_word' id='word_1_284' title='bbox 1238 2718 1302 2771; x_wconf 84' lang='grc' dir='ltr'><strong>γε</strong></span> <span class='ocrx_word' id='word_1_285' title='bbox 1350 2702 1784 2778; x_wconf 56' lang='grc' dir='ltr'>ἀφικνουμένοις</span> 
     </span>
    </p>
   </div>
   <div class='ocr_carea' id='block_1_44' title="bbox 185 2791 1768 2864">
    <p class='ocr_par' dir='ltr' id='par_1_44' title="bbox 185 2791 1768 2864">
     <span class='ocr_line' id='line_1_44' title="bbox 185 2791 1768 2864; baseline -0.001 -18"><span class='ocrx_word' id='word_1_286' title='bbox 185 2793 347 2860; x_wconf 84' lang='grc' dir='ltr'>όλίγα</span> <span class='ocrx_word' id='word_1_287' title='bbox 381 2792 521 2845; x_wconf 82' lang='grc' dir='ltr'>ἀττα</span> <span class='ocrx_word' id='word_1_288' title='bbox 550 2791 958 2863; x_wconf 88' lang='grc' dir='ltr'>διαλεγόμενος,</span> <span class='ocrx_word' id='word_1_289' title='bbox 1000 2793 1266 2861; x_wconf 85' lang='grc' dir='ltr'>κατάγειν</span> <span class='ocrx_word' id='word_1_290' title='bbox 1291 2792 1356 2845; x_wconf 88' lang='grc' dir='ltr'><strong>ἐκ</strong></span> <span class='ocrx_word' id='word_1_291' title='bbox 1388 2792 1495 2845; x_wconf 90' lang='grc' dir='ltr'><strong>τῶν</strong></span> <span class='ocrx_word' id='word_1_292' title='bbox 1524 2791 1768 2864; x_wconf 81' lang='grc' dir='ltr'>οὐρανῶν</span> 
     </span>
    </p>
   </div>
   <div class='ocr_carea' id='block_1_45' title="bbox 185 2879 1768 2953">
    <p class='ocr_par' dir='ltr' id='par_1_45' title="bbox 185 2879 1768 2953">
     <span class='ocr_line' id='line_1_45' title="bbox 185 2879 1768 2953; baseline -0.002 -18"><span class='ocrx_word' id='word_1_293' title='bbox 185 2882 287 2935; x_wconf 70' lang='grc' dir='ltr'>οὐκ</span> <span class='ocrx_word' id='word_1_294' title='bbox 337 2882 587 2951; x_wconf 78' lang='grc' dir='ltr'>ἠνείχετο</span> <span class='ocrx_word' id='word_1_295' title='bbox 645 2880 744 2953; x_wconf 80' lang='grc' dir='ltr'><strong>τήν</strong></span> <span class='ocrx_word' id='word_1_296' title='bbox 797 2880 1076 2935; x_wconf 66' lang='grc' dir='ltr'>διάνοιαν*</span> <span class='ocrx_word' id='word_1_297' title='bbox 1140 2880 1255 2933; x_wconf 88' lang='grc' dir='ltr'>ἀλλ’</span> <span class='ocrx_word' id='word_1_298' title='bbox 1313 2879 1476 2944; x_wconf 80' lang='grc' dir='ltr'>εὐθὺς</span> <span class='ocrx_word' id='word_1_299' title='bbox 1546 2879 1768 2932; x_wconf 87' lang='grc' dir='ltr'>ἐκείνων</span> 
     </span>
    </p>
   </div>
   <div class='ocr_carea' id='block_1_46' title="bbox 186 2970 1769 3043">
    <p class='ocr_par' dir='ltr' id='par_1_46' title="bbox 186 2970 1769 3043">
     <span class='ocr_line' id='line_1_46' title="bbox 186 2970 1769 3043; baseline -0.003 -16"><span class='ocrx_word' id='word_1_300' title='bbox 186 2972 694 3042; x_wconf 84' lang='grc' dir='ltr'>ἀπαλλαττόμενος,</span> <span class='ocrx_word' id='word_1_301' title='bbox 760 2970 837 3034; x_wconf 83' lang='grc' dir='ltr'><strong>ὡς</strong></span> <span class='ocrx_word' id='word_1_302' title='bbox 889 2971 1023 3042; x_wconf 83' lang='grc' dir='ltr'>μηδὲ</span> <span class='ocrx_word' id='word_1_303' title='bbox 1082 2971 1220 3041; x_wconf 80' lang='grc' dir='ltr'>πρὸς</span> <span class='ocrx_word' id='word_1_304' title='bbox 1262 2970 1435 3043; x_wconf 85' lang='grc' dir='ltr'>βραχὺ</span> <span class='ocrx_word' id='word_1_305' title='bbox 1481 2970 1769 3042; x_wconf 76' lang='grc' dir='ltr'>χωρισθεὶς</span> 
     </span>
    </p>
   </div>
   <div class='ocr_carea' id='block_1_47' title="bbox 184 3062 1765 3133">
    <p class='ocr_par' dir='ltr' id='par_1_47' title="bbox 184 3062 1765 3133">
     <span class='ocr_line' id='line_1_47' title="bbox 184 3062 1765 3133; baseline -0.001 -16"><span class='ocrx_word' id='word_1_306' title='bbox 184 3063 283 3117; x_wconf 76' lang='grc' dir='ltr'>τοῦ</span> <span class='ocrx_word' id='word_1_307' title='bbox 304 3063 416 3115; x_wconf 87' lang='grc' dir='ltr'><strong>τῶν</strong></span> <span class='ocrx_word' id='word_1_308' title='bbox 439 3063 576 3116; x_wconf 83' lang='grc' dir='ltr'>ὅλων</span> <span class='ocrx_word' id='word_1_309' title='bbox 614 3062 777 3126; x_wconf 83' lang='grc' dir='ltr'>Θεοῦ,</span> <span class='ocrx_word' id='word_1_310' title='bbox 808 3062 972 3117; x_wconf 91' lang='grc' dir='ltr'>πάλιν</span> <span class='ocrx_word' id='word_1_311' title='bbox 1006 3062 1103 3133; x_wconf 82' lang='grc' dir='ltr'>τὴν</span> <span class='ocrx_word' id='word_1_312' title='bbox 1142 3062 1377 3116; x_wconf 75' lang='grc' dir='ltr'>ἱκετείαν</span> <span class='ocrx_word' id='word_1_313' title='bbox 1409 3062 1765 3131; x_wconf 84' lang='grc' dir='ltr'>προσέφερεν.</span> 
     </span>
    </p>
   </div>
   <div class='ocr_carea' id='block_1_48' title="bbox 154 3152 1771 3225">
    <p class='ocr_par' dir='ltr' id='par_1_48' title="bbox 154 3152 1771 3225">
     <span class='ocr_line' id='line_1_48' title="bbox 154 3152 1771 3225; baseline -0.002 -17"><span class='ocrx_word' id='word_1_314' title='bbox 154 3158 161 3163; x_wconf 83' lang='grc'><strong>’</strong></span> <span class='ocrx_word' id='word_1_315' title='bbox 200 3153 428 3225; x_wconf 79' lang='grc' dir='ltr'>Ἐπειδὴ</span> <span class='ocrx_word' id='word_1_316' title='bbox 470 3154 527 3208; x_wconf 89' lang='grc' dir='ltr'><strong>δέ</strong></span> <span class='ocrx_word' id='word_1_317' title='bbox 557 3154 660 3223; x_wconf 83' lang='grc' dir='ltr'>τὴν</span> <span class='ocrx_word' id='word_1_318' title='bbox 708 3153 931 3224; x_wconf 80' lang='grc' dir='ltr'>διηνεκῆ</span> <span class='ocrx_word' id='word_1_319' title='bbox 968 3154 1158 3207; x_wconf 87' lang='grc' dir='ltr'>στάσιν</span> <span class='ocrx_word' id='word_1_320' title='bbox 1211 3153 1273 3206; x_wconf 83' lang='grc' dir='ltr'><strong>τὺ</strong></span> <span class='ocrx_word' id='word_1_321' title='bbox 1317 3154 1494 3223; x_wconf 84' lang='grc' dir='ltr'>γῆρας</span> <span class='ocrx_word' id='word_1_322' title='bbox 1550 3152 1771 3217; x_wconf 79' lang='grc' dir='ltr'>ἀλύπως</span> 
     </span>
    </p>
   </div>
   <div class='ocr_carea' id='block_1_49' title="bbox 188 3238 1771 3318">
    <p class='ocr_par' dir='ltr' id='par_1_49' title="bbox 188 3238 1771 3318">
     <span class='ocr_line' id='line_1_49' title="bbox 188 3238 1771 3318; baseline -0.003 -17"><span class='ocrx_word' id='word_1_323' title='bbox 188 3247 381 3318; x_wconf 74' lang='grc' dir='ltr'>φέρειν</span> <span class='ocrx_word' id='word_1_324' title='bbox 408 3247 509 3300; x_wconf 75' lang='grc' dir='ltr'>οὐκ</span> <span class='ocrx_word' id='word_1_325' title='bbox 538 3238 649 3313; x_wconf 83' lang='grc' dir='ltr'><strong>εῖά,</strong></span> <span class='ocrx_word' id='word_1_326' title='bbox 675 3247 914 3317; x_wconf 74' lang='grc' dir='ltr'>ἔρεισμα</span> <span class='ocrx_word' id='word_1_327' title='bbox 940 3245 1114 3316; x_wconf 87' lang='grc' dir='ltr'>τούτῳ</span> <span class='ocrx_word' id='word_1_328' title='bbox 1143 3244 1241 3316; x_wconf 80' lang='grc' dir='ltr'>τὴν</span> <span class='ocrx_word' id='word_1_329' title='bbox 1271 3244 1573 3316; x_wconf 86' lang='grc' dir='ltr'>βακτηρίαν</span> <span class='ocrx_word' id='word_1_330' title='bbox 1599 3260 1771 3315; x_wconf 86' lang='grc' dir='ltr'><strong>προσ⁶</strong></span> 
     </span>
    </p>
   </div>
   <div class='ocr_carea' id='block_1_50' title="bbox 190 3335 1772 3410">
    <p class='ocr_par' dir='ltr' id='par_1_50' title="bbox 190 3335 1772 3410">
     <span class='ocr_line' id='line_1_50' title="bbox 190 3335 1772 3410; baseline -0.004 -17"><span class='ocrx_word' id='word_1_331' title='bbox 190 3340 382 3410; x_wconf 79' lang='grc' dir='ltr'>έφερε,</span> <span class='ocrx_word' id='word_1_332' title='bbox 420 3340 515 3391; x_wconf 75' lang='grc' dir='ltr'>καὶ</span> <span class='ocrx_word' id='word_1_333' title='bbox 544 3338 717 3409; x_wconf 85' lang='grc' dir='ltr'>ταύτῃ</span> <span class='ocrx_word' id='word_1_334' title='bbox 749 3338 1211 3408; x_wconf 86' lang='grc' dir='ltr'>προσκλινόμενος</span> <span class='ocrx_word' id='word_1_335' title='bbox 1241 3336 1403 3405; x_wconf 80' lang='grc' dir='ltr'>ὕμνει</span> <span class='ocrx_word' id='word_1_336' title='bbox 1444 3335 1535 3387; x_wconf 88' lang='grc' dir='ltr'>τὸν</span> <span class='ocrx_word' id='word_1_337' title='bbox 1566 3335 1772 3387; x_wconf 71' lang='grc' dir='ltr'>Δεσπόσ</span> 
     </span>
    </p>
   </div>
   <div class='ocr_carea' id='block_1_51' title="bbox 188 3427 1771 3503">
    <p class='ocr_par' dir='ltr' id='par_1_51' title="bbox 188 3427 1771 3503">
     <span class='ocr_line' id='line_1_51' title="bbox 188 3427 1771 3503; baseline -0.004 -18"><span class='ocrx_word' id='word_1_338' title='bbox 188 3449 290 3503; x_wconf 81' lang='grc' dir='ltr'><strong>την</strong></span> <span class='ocrx_word' id='word_1_339' title='bbox 349 3432 444 3485; x_wconf 75' lang='grc' dir='ltr'>καὶ</span> <span class='ocrx_word' id='word_1_340' title='bbox 477 3430 693 3502; x_wconf 74' lang='grc' dir='ltr'>ηὔχετο.</span> <span class='ocrx_word' id='word_1_341' title='bbox 727 3430 967 3496; x_wconf 78' lang='grc' dir='ltr'>Φιλοξενί</span> <span class='ocrx_word' id='word_1_342' title='bbox 979 3448 1004 3499; x_wconf 79' lang='lat'><strong>_1</strong></span> <span class='ocrx_word' id='word_1_343' title='bbox 1034 3430 1090 3482; x_wconf 83' lang='grc' dir='ltr'><strong>δέ</strong></span> <span class='ocrx_word' id='word_1_344' title='bbox 1145 3429 1278 3498; x_wconf 78' lang='grc' dir='ltr'>πρὸς</span> <span class='ocrx_word' id='word_1_345' title='bbox 1310 3431 1422 3491; x_wconf 84' lang='grc' dir='ltr'>τοῖς</span> <span class='ocrx_word' id='word_1_346' title='bbox 1454 3427 1633 3490; x_wconf 81' lang='grc' dir='ltr'>ἄλλοις</span> <span class='ocrx_word' id='word_1_347' title='bbox 1677 3444 1771 3480; x_wconf 78' lang='grc' dir='ltr'>κο·</span> 
     </span>
    </p>
   </div>
   <div class='ocr_carea' id='block_1_52' title="bbox 191 3516 1773 3591">
    <p class='ocr_par' dir='ltr' id='par_1_52' title="bbox 191 3516 1773 3591">
     <span class='ocr_line' id='line_1_52' title="bbox 191 3516 1773 3591; baseline -0.003 -17"><span class='ocrx_word' id='word_1_348' title='bbox 191 3522 504 3591; x_wconf 81' lang='grc' dir='ltr'>σμούμενος</span> <span class='ocrx_word' id='word_1_349' title='bbox 542 3520 787 3587; x_wconf 81' lang='grc' dir='ltr'>ἀγαθοῖς,</span> <span class='ocrx_word' id='word_1_350' title='bbox 849 3520 1032 3588; x_wconf 88' lang='grc' dir='ltr'>μένειν</span> <span class='ocrx_word' id='word_1_351' title='bbox 1086 3518 1185 3587; x_wconf 75' lang='grc' dir='ltr'>τὴν</span> <span class='ocrx_word' id='word_1_352' title='bbox 1251 3518 1488 3587; x_wconf 76' lang='grc' dir='ltr'>ἑσπέραν</span> <span class='ocrx_word' id='word_1_353' title='bbox 1548 3516 1773 3580; x_wconf 76' lang='grc' dir='ltr'>πολλοὺς</span> 
     </span>
    </p>
   </div>
   <div class='ocr_carea' id='block_1_53' title="bbox 188 3608 1772 3680">
    <p class='ocr_par' dir='ltr' id='par_1_53' title="bbox 188 3608 1772 3680">
     <span class='ocr_line' id='line_1_53' title="bbox 188 3608 1772 3680; baseline -0.004 -13"><span class='ocrx_word' id='word_1_354' title='bbox 188 3614 299 3668; x_wconf 82' lang='grc' dir='ltr'><strong>τῶν</strong></span> <span class='ocrx_word' id='word_1_355' title='bbox 350 3612 426 3675; x_wconf 81' lang='grc' dir='ltr'>ὡς</span> <span class='ocrx_word' id='word_1_356' title='bbox 476 3612 641 3664; x_wconf 75' lang='grc' dir='ltr'>αὑτὸν</span> <span class='ocrx_word' id='word_1_357' title='bbox 691 3612 1112 3680; x_wconf 80' lang='grc' dir='ltr'>ἀφικνουμένων</span> <span class='ocrx_word' id='word_1_358' title='bbox 1163 3608 1433 3662; x_wconf 75' lang='grc' dir='ltr'>ἐκέλευεν.</span> <span class='ocrx_word' id='word_1_359' title='bbox 1476 3610 1536 3660; x_wconf 77' lang='lat' dir='ltr'><strong>Oi</strong></span> <span class='ocrx_word' id='word_1_360' title='bbox 1573 3609 1630 3661; x_wconf 72' lang='grc' dir='ltr'>δὲ</span> <span class='ocrx_word' id='word_1_361' title='bbox 1674 3608 1772 3678; x_wconf 77' lang='grc' dir='ltr'>τὴν</span> 
     </span>
    </p>
   </div>
   <div class='ocr_carea' id='block_1_54' title="bbox 190 3687 1774 3773">
    <p class='ocr_par' dir='ltr' id='par_1_54' title="bbox 190 3687 1774 3773">
     <span class='ocr_line' id='line_1_54' title="bbox 190 3687 1774 3773; baseline -0.003 -16"><span class='ocrx_word' id='word_1_362' title='bbox 190 3702 488 3773; x_wconf 84' lang='grc' dir='ltr'>παννύχιον</span> <span class='ocrx_word' id='word_1_363' title='bbox 512 3700 679 3756; x_wconf 76' lang='grc' dir='ltr'>αὑτοῦ</span> <span class='ocrx_word' id='word_1_364' title='bbox 706 3701 1077 3771; x_wconf 84' lang='grc' dir='ltr'>δειμαίνοντες</span> <span class='ocrx_word' id='word_1_365' title='bbox 1100 3687 1309 3763; x_wconf 81' lang='grc' dir='ltr'>στάσιν,</span> <span class='ocrx_word' id='word_1_366' title='bbox 1337 3697 1591 3770; x_wconf 86' lang='grc' dir='ltr'>ἀσχολίας</span> <span class='ocrx_word' id='word_1_367' title='bbox 1618 3698 1774 3762; x_wconf 85' lang='grc' dir='ltr'>τινάς</span> 
     </span>
    </p>
   </div>
   <div class='ocr_carea' id='block_1_55' title="bbox 194 3790 1768 3865">
    <p class='ocr_par' dir='ltr' id='par_1_55' title="bbox 194 3790 1768 3865">
     <span class='ocr_line' id='line_1_55' title="bbox 194 3790 1768 3865; baseline -0.004 -15"><span class='ocrx_word' id='word_1_368' title='bbox 194 3795 593 3865; x_wconf 86' lang='grc' dir='ltr'>σκηπτόμενοι,</span> <span class='ocrx_word' id='word_1_369' title='bbox 628 3794 738 3847; x_wconf 90' lang='grc' dir='ltr'><strong>τῶν</strong></span> <span class='ocrx_word' id='word_1_370' title='bbox 791 3792 969 3846; x_wconf 89' lang='grc' dir='ltr'>πόνων</span> <span class='ocrx_word' id='word_1_371' title='bbox 1032 3791 1173 3861; x_wconf 77' lang='grc' dir='ltr'>σφᾶς</span> <span class='ocrx_word' id='word_1_372' title='bbox 1231 3791 1428 3853; x_wconf 80' lang='grc' dir='ltr'>αὐτοὺς</span> <span class='ocrx_word' id='word_1_373' title='bbox 1477 3790 1768 3859; x_wconf 81' lang='grc' dir='ltr'>ὑπεξῆγον.</span> 
     </span>
    </p>
   </div>
   <div class='ocr_carea' id='block_1_56' title="bbox 192 3880 1768 3954">
    <p class='ocr_par' dir='ltr' id='par_1_56' title="bbox 192 3880 1768 3954">
     <span class='ocr_line' id='line_1_56' title="bbox 192 3880 1768 3954; baseline -0.004 -15"><span class='ocrx_word' id='word_1_374' title='bbox 192 3886 399 3939; x_wconf 76' lang='grc' dir='ltr'>Τοῦτόν</span> <span class='ocrx_word' id='word_1_375' title='bbox 430 3886 522 3939; x_wconf 84' lang='grc' dir='ltr'><strong>καὶ</strong></span> <span class='ocrx_word' id='word_1_376' title='bbox 553 3886 582 3937; x_wconf 85' lang='grc' dir='ltr'><strong>ό</strong></span> <span class='ocrx_word' id='word_1_377' title='bbox 633 3884 806 3954; x_wconf 87' lang='grc' dir='ltr'>μέγας</span> <span class='ocrx_word' id='word_1_378' title='bbox 859 3885 1069 3945; x_wconf 80' lang='grc' dir='ltr'>ἐκεῖνος</span> <span class='ocrx_word' id='word_1_379' title='bbox 1120 3880 1480 3953; x_wconf 82' lang='grc' dir='ltr'>ὑπερηγάσθη</span> <span class='ocrx_word' id='word_1_380' title='bbox 1539 3881 1768 3952; x_wconf 88' lang='grc' dir='ltr'>Μάρων,</span> 
     </span>
    </p>
   </div>
   <div class='ocr_carea' id='block_1_57' title="bbox 192 3970 1771 4043">
    <p class='ocr_par' dir='ltr' id='par_1_57' title="bbox 192 3970 1771 4043">
     <span class='ocr_line' id='line_1_57' title="bbox 192 3970 1771 4043; baseline -0.005 -12"><span class='ocrx_word' id='word_1_381' title='bbox 192 3978 428 4039; x_wconf 80' lang='grc' dir='ltr'>καὶτοῖς</span> <span class='ocrx_word' id='word_1_382' title='bbox 455 3974 682 4043; x_wconf 77' lang='grc' dir='ltr'>φοιτῶσι</span> <span class='ocrx_word' id='word_1_383' title='bbox 716 3973 853 4041; x_wconf 77' lang='grc' dir='ltr'>πρὸς</span> <span class='ocrx_word' id='word_1_384' title='bbox 890 3971 1055 4026; x_wconf 73' lang='grc' dir='ltr'>αὑτὸν</span> <span class='ocrx_word' id='word_1_385' title='bbox 1103 3972 1277 4026; x_wconf 78' lang='grc' dir='ltr'>ἅπασι</span> <span class='ocrx_word' id='word_1_386' title='bbox 1320 3970 1615 4042; x_wconf 85' lang='grc' dir='ltr'>παρηγγύα</span> <span class='ocrx_word' id='word_1_387' title='bbox 1646 3971 1771 4043; x_wconf 74' lang='grc' dir='ltr'>τρέο</span> 
     </span>
    </p>
   </div>
   <div class='ocr_carea' id='block_1_58' title="bbox 192 4062 1773 4139">
    <p class='ocr_par' dir='ltr' id='par_1_58' title="bbox 192 4062 1773 4139">
     <span class='ocr_line' id='line_1_58' title="bbox 192 4062 1773 4139; baseline -0.004 -19"><span class='ocrx_word' id='word_1_388' title='bbox 192 4086 335 4139; x_wconf 89' lang='grc' dir='ltr'>χειν,</span> <span class='ocrx_word' id='word_1_389' title='bbox 364 4066 577 4120; x_wconf 80' lang='grc' dir='ltr'>καὶτοῦ</span> <span class='ocrx_word' id='word_1_390' title='bbox 622 4064 931 4137; x_wconf 79' lang='grc' dir='ltr'>πρεσϐύτου</span> <span class='ocrx_word' id='word_1_391' title='bbox 971 4064 1070 4135; x_wconf 79' lang='grc' dir='ltr'>τὴν</span> <span class='ocrx_word' id='word_1_392' title='bbox 1106 4062 1358 4131; x_wconf 78' lang='grc' dir='ltr'>εὐλογίαν</span> <span class='ocrx_word' id='word_1_393' title='bbox 1395 4064 1623 4134; x_wconf 82' lang='grc' dir='ltr'>τρυγᾷν,</span> <span class='ocrx_word' id='word_1_394' title='bbox 1670 4081 1773 4115; x_wconf 86' lang='grc' dir='ltr'>πα-</span> 
     </span>
    </p>
   </div>
   <div class='ocr_carea' id='block_1_59' title="bbox 191 4152 1773 4229">
    <p class='ocr_par' dir='ltr' id='par_1_59' title="bbox 191 4152 1773 4229">
     <span class='ocr_line' id='line_1_59' title="bbox 191 4152 1773 4229; baseline -0.005 -16"><span class='ocrx_word' id='word_1_395' title='bbox 191 4161 329 4229; x_wconf 85' lang='grc' dir='ltr'>τέρα</span> <span class='ocrx_word' id='word_1_396' title='bbox 381 4160 474 4211; x_wconf 75' lang='grc' dir='ltr'>καὶ</span> <span class='ocrx_word' id='word_1_397' title='bbox 524 4156 845 4210; x_wconf 85' lang='grc' dir='ltr'>διδάσκαλον</span> <span class='ocrx_word' id='word_1_398' title='bbox 885 4152 1201 4225; x_wconf 74' lang='grc' dir='ltr'>ὀνομάζων,</span> <span class='ocrx_word' id='word_1_399' title='bbox 1235 4154 1329 4208; x_wconf 78' lang='grc' dir='ltr'>καὶ</span> <span class='ocrx_word' id='word_1_400' title='bbox 1379 4154 1559 4223; x_wconf 82' lang='grc' dir='ltr'>πάσης</span> <span class='ocrx_word' id='word_1_401' title='bbox 1605 4153 1773 4224; x_wconf 88' lang='grc' dir='ltr'>ἀρχέ-</span> 
     </span>
    </p>
   </div>
   <div class='ocr_carea' id='block_1_60' title="bbox 191 4245 1774 4317">
    <p class='ocr_par' dir='ltr' id='par_1_60' title="bbox 191 4245 1774 4317">
     <span class='ocr_line' id='line_1_60' title="bbox 191 4245 1774 4317; baseline -0.004 -14"><span class='ocrx_word' id='word_1_402' title='bbox 191 4266 365 4303; x_wconf 84' lang='grc' dir='ltr'>τυπον</span> <span class='ocrx_word' id='word_1_403' title='bbox 418 4247 710 4303; x_wconf 84' lang='grc' dir='ltr'>ἀποκαλῶν</span> <span class='ocrx_word' id='word_1_404' title='bbox 764 4247 988 4317; x_wconf 84' lang='grc' dir='ltr'>ἀρετῆς.</span> <span class='ocrx_word' id='word_1_405' title='bbox 1056 4245 1243 4316; x_wconf 87' lang='grc' dir='ltr'>Τούτῳ</span> <span class='ocrx_word' id='word_1_406' title='bbox 1291 4245 1619 4315; x_wconf 85' lang='grc' dir='ltr'>κοινωνῆσαι</span> <span class='ocrx_word' id='word_1_407' title='bbox 1678 4247 1774 4298; x_wconf 80' lang='grc' dir='ltr'>καὶ</span> 
     </span>
    </p>
   </div>
   <div class='ocr_carea' id='block_1_61' title="bbox 191 4335 1773 4411">
    <p class='ocr_par' dir='ltr' id='par_1_61' title="bbox 191 4335 1773 4411">
     <span class='ocr_line' id='line_1_61' title="bbox 191 4335 1773 4411; baseline -0.004 -16"><span class='ocrx_word' id='word_1_408' title='bbox 191 4341 373 4411; x_wconf 83' lang='grc' dir='ltr'>ταφῆς</span> <span class='ocrx_word' id='word_1_409' title='bbox 432 4340 840 4410; x_wconf 87' lang='grc' dir='ltr'>παρεκάλεσεν·</span> <span class='ocrx_word' id='word_1_410' title='bbox 887 4338 1001 4390; x_wconf 76' lang='grc' dir='ltr'>ἀλλ’</span> <span class='ocrx_word' id='word_1_411' title='bbox 1042 4338 1143 4391; x_wconf 85' lang='grc' dir='ltr'>οὐκ</span> <span class='ocrx_word' id='word_1_412' title='bbox 1190 4338 1381 4390; x_wconf 76' lang='grc' dir='ltr'>εἴασαν</span> <span class='ocrx_word' id='word_1_413' title='bbox 1426 4336 1476 4390; x_wconf 76' lang='grc' dir='ltr'>οἱ</span> <span class='ocrx_word' id='word_1_414' title='bbox 1520 4335 1581 4388; x_wconf 85' lang='grc' dir='ltr'><strong>τδ</strong></span> <span class='ocrx_word' id='word_1_415' title='bbox 1630 4335 1773 4407; x_wconf 79' lang='grc' dir='ltr'>ἱερὸν</span> 
     </span>
    </p>
   </div>
   <div class='ocr_carea' id='block_1_62' title="bbox 194 4423 1773 4499">
    <p class='ocr_par' dir='ltr' id='par_1_62' title="bbox 194 4423 1773 4499">
     <span class='ocr_line' id='line_1_62' title="bbox 194 4423 1773 4499; baseline -0.003 -17"><span class='ocrx_word' id='word_1_416' title='bbox 194 4433 375 4483; x_wconf 79' lang='grc' dir='ltr'>ἐκεῖνο</span> <span class='ocrx_word' id='word_1_417' title='bbox 397 4429 559 4499; x_wconf 89' lang='grc' dir='ltr'>σῶμα</span> <span class='ocrx_word' id='word_1_418' title='bbox 589 4427 1015 4498; x_wconf 85' lang='grc' dir='ltr'>διαρπάσαντες,</span> <span class='ocrx_word' id='word_1_419' title='bbox 1041 4424 1137 4478; x_wconf 82' lang='grc' dir='ltr'>καὶ</span> <span class='ocrx_word' id='word_1_420' title='bbox 1170 4426 1251 4488; x_wconf 88' lang='grc' dir='ltr'><strong>είς</strong></span> <span class='ocrx_word' id='word_1_421' title='bbox 1278 4424 1341 4478; x_wconf 80' lang='grc' dir='ltr'>τὸ</span> <span class='ocrx_word' id='word_1_422' title='bbox 1374 4423 1773 4495; x_wconf 87' lang='grc' dir='ltr'>προειρημένον</span> 
     </span>
    </p>
   </div>
   <div class='ocr_carea' id='block_1_63' title="bbox 1870 1970 3446 2037">
    <p class='ocr_par' dir='ltr' id='par_1_63' title="bbox 1870 1970 3446 2037">
     <span class='ocr_line' id='line_1_63' title="bbox 1870 1970 3446 2037; baseline 0.007 -17"><span class='ocrx_word' id='word_1_423' title='bbox 1870 1977 2210 2025; x_wconf 88' lang='lat' dir='ltr'><strong>meruerunt.</strong></span> <span class='ocrx_word' id='word_1_424' title='bbox 2252 1970 2418 2024; x_wconf 83' lang='lat' dir='ltr'><strong>Aiunt</strong></span> <span class='ocrx_word' id='word_1_425' title='bbox 2469 1977 2649 2023; x_wconf 86' lang='lat' dir='ltr'><strong>autem</strong></span> <span class='ocrx_word' id='word_1_426' title='bbox 2692 1970 2864 2037; x_wconf 90' lang='lat' dir='ltr'><strong>illum,</strong></span> <span class='ocrx_word' id='word_1_427' title='bbox 2911 1989 3033 2027; x_wconf 83' lang='lat' dir='ltr'><strong>cum</strong></span> <span class='ocrx_word' id='word_1_428' title='bbox 3069 1974 3137 2028; x_wconf 86' lang='lat' dir='ltr'><strong>ad</strong></span> <span class='ocrx_word' id='word_1_429' title='bbox 3172 1990 3446 2032; x_wconf 86' lang='lat' dir='ltr'><strong>summam</strong></span> 
     </span>
    </p>
   </div>
   <div class='ocr_carea' id='block_1_64' title="bbox 1871 2059 3445 2137">
    <p class='ocr_par' dir='ltr' id='par_1_64' title="bbox 1871 2059 3445 2137">
     <span class='ocr_line' id='line_1_64' title="bbox 1871 2059 3445 2137; baseline 0.005 -24"><span class='ocrx_word' id='word_1_430' title='bbox 1871 2068 2207 2113; x_wconf 88' lang='lat' dir='ltr'><strong>senectutem</strong></span> <span class='ocrx_word' id='word_1_431' title='bbox 2244 2059 2575 2129; x_wconf 81' lang='lat' dir='ltr'><strong>pervenerit.</strong></span> <span class='ocrx_word' id='word_1_432' title='bbox 2610 2062 2803 2117; x_wconf 86' lang='lat' dir='ltr'><strong>iisdem</strong></span> <span class='ocrx_word' id='word_1_433' title='bbox 2835 2062 3115 2119; x_wconf 85' lang='lat' dir='ltr'><strong>laboribus</strong></span> <span class='ocrx_word' id='word_1_434' title='bbox 3161 2064 3227 2118; x_wconf 90' lang='lat' dir='ltr'><strong>ad</strong></span> <span class='ocrx_word' id='word_1_435' title='bbox 3271 2066 3445 2137; x_wconf 85' lang='lat' dir='ltr'><strong>ipsam</strong></span> 
     </span>
    </p>
   </div>
   <div class='ocr_carea' id='block_1_65' title="bbox 1872 2158 3445 2224">
    <p class='ocr_par' dir='ltr' id='par_1_65' title="bbox 1872 2158 3445 2224">
     <span class='ocr_line' id='line_1_65' title="bbox 1872 2158 3445 2224; baseline 0.005 -17"><span class='ocrx_word' id='word_1_436' title='bbox 1872 2168 2041 2222; x_wconf 84' lang='lat' dir='ltr'><strong>usque</strong></span> <span class='ocrx_word' id='word_1_437' title='bbox 2063 2160 2293 2207; x_wconf 87' lang='lat' dir='ltr'><strong>mortem</strong></span> <span class='ocrx_word' id='word_1_438' title='bbox 2323 2168 2480 2208; x_wconf 87' lang='lat' dir='ltr'><strong>usum</strong></span> <span class='ocrx_word' id='word_1_439' title='bbox 2512 2169 2655 2217; x_wconf 86' lang='lat' dir='ltr'><strong>esse,</strong></span> <span class='ocrx_word' id='word_1_440' title='bbox 2695 2170 2872 2224; x_wconf 91' lang='lat' dir='ltr'><strong>neque</strong></span> <span class='ocrx_word' id='word_1_441' title='bbox 2913 2166 3157 2210; x_wconf 74' lang='grc' dir='ltr'>εκιῐοιὶιο</span> <span class='ocrx_word' id='word_1_442' title='bbox 3191 2158 3445 2214; x_wconf 87' lang='lat' dir='ltr'><strong>adactum</strong></span> 
     </span>
    </p>
   </div>
   <div class='ocr_carea' id='block_1_66' title="bbox 1872 2242 3445 2317">
    <p class='ocr_par' dir='ltr' id='par_1_66' title="bbox 1872 2242 3445 2317">
     <span class='ocr_line' id='line_1_66' title="bbox 1872 2242 3445 2317; baseline 0.003 -19"><span class='ocrx_word' id='word_1_443' title='bbox 1872 2244 2029 2298; x_wconf 88' lang='lat' dir='ltr'><strong>senio</strong></span> <span class='ocrx_word' id='word_1_444' title='bbox 2068 2242 2261 2305; x_wconf 89' lang='lat' dir='ltr'><strong>fuisse,</strong></span> <span class='ocrx_word' id='word_1_445' title='bbox 2288 2248 2305 2262; x_wconf 92' lang='lat'>&#39;</span> <span class='ocrx_word' id='word_1_446' title='bbox 2337 2252 2395 2297; x_wconf 89' lang='lat' dir='ltr'><strong>ut</strong></span> <span class='ocrx_word' id='word_1_447' title='bbox 2421 2258 2608 2299; x_wconf 91' lang='lat' dir='ltr'><strong>eorum</strong></span> <span class='ocrx_word' id='word_1_448' title='bbox 2650 2260 2772 2315; x_wconf 59' lang='lat' dir='ltr'><strong>quae</strong></span> <span class='ocrx_word' id='word_1_449' title='bbox 2812 2245 2998 2314; x_wconf 88' lang='lat' dir='ltr'><strong>junior</strong></span> <span class='ocrx_word' id='word_1_450' title='bbox 3040 2245 3252 2300; x_wconf 83' lang='lat' dir='ltr'><strong>solebat</strong></span> <span class='ocrx_word' id='word_1_451' title='bbox 3282 2248 3445 2317; x_wconf 84' lang='lat' dir='ltr'><strong>quid-</strong></span> 
     </span>
    </p>
   </div>
   <div class='ocr_carea' id='block_1_67' title="bbox 1872 2334 3443 2405">
    <p class='ocr_par' dir='ltr' id='par_1_67' title="bbox 1872 2334 3443 2405">
     <span class='ocr_line' id='line_1_67' title="bbox 1872 2334 3443 2405; baseline 0.004 -18"><span class='ocrx_word' id='word_1_452' title='bbox 1872 2349 2034 2405; x_wconf 86' lang='lat' dir='ltr'><strong>quam</strong></span> <span class='ocrx_word' id='word_1_453' title='bbox 2082 2335 2419 2389; x_wconf 88' lang='lat' dir='ltr'><strong>immutaret.</strong></span> <span class='ocrx_word' id='word_1_454' title='bbox 2481 2334 2791 2405; x_wconf 86' lang='lat' dir='ltr'><strong>Superabat</strong></span> <span class='ocrx_word' id='word_1_455' title='bbox 2849 2348 3060 2399; x_wconf 86' lang='lat' dir='ltr'><strong>autem,</strong></span> <span class='ocrx_word' id='word_1_456' title='bbox 3122 2345 3181 2391; x_wconf 91' lang='lat' dir='ltr'><strong>ut</strong></span> <span class='ocrx_word' id='word_1_457' title='bbox 3238 2336 3443 2404; x_wconf 87' lang='lat' dir='ltr'><strong>ferunt,</strong></span> 
     </span>
    </p>
   </div>
   <div class='ocr_carea' id='block_1_68' title="bbox 1872 2424 3447 2487">
    <p class='ocr_par' dir='ltr' id='par_1_68' title="bbox 1872 2424 3447 2487">
     <span class='ocr_line' id='line_1_68' title="bbox 1872 2424 3447 2487; baseline 0.004 -8"><span class='ocrx_word' id='word_1_458' title='bbox 1872 2441 2062 2481; x_wconf 89' lang='lat' dir='ltr'><strong>omnes</strong></span> <span class='ocrx_word' id='word_1_459' title='bbox 2086 2424 2212 2481; x_wconf 70' lang='lat' dir='ltr'><strong>&#39;aevi</strong></span> <span class='ocrx_word' id='word_1_460' title='bbox 2252 2427 2339 2482; x_wconf 92' lang='lat' dir='ltr'><strong>sui</strong></span> <span class='ocrx_word' id='word_1_461' title='bbox 2372 2428 2630 2483; x_wconf 86' lang='lat' dir='ltr'><strong>mortales</strong></span> <span class='ocrx_word' id='word_1_462' title='bbox 2688 2427 3015 2484; x_wconf 86' lang='lat' dir='ltr'><strong>assiduitate</strong></span> <span class='ocrx_word' id='word_1_463' title='bbox 3057 2432 3347 2487; x_wconf 89' lang='lat' dir='ltr'><strong>orationis.</strong></span> <span class='ocrx_word' id='word_1_464' title='bbox 3385 2433 3447 2486; x_wconf 89' lang='lat' dir='ltr'><strong>In</strong></span> 
     </span>
    </p>
   </div>
   <div class='ocr_carea' id='block_1_69' title="bbox 1874 2512 3448 2590">
    <p class='ocr_par' dir='ltr' id='par_1_69' title="bbox 1874 2512 3448 2590">
     <span class='ocr_line' id='line_1_69' title="bbox 1874 2512 3448 2590; baseline 0.005 -19"><span class='ocrx_word' id='word_1_465' title='bbox 1874 2517 1976 2571; x_wconf 85' lang='lat' dir='ltr'><strong>hac</strong></span> <span class='ocrx_word' id='word_1_466' title='bbox 2008 2518 2151 2572; x_wconf 91' lang='lat' dir='ltr'><strong>enim</strong></span> <span class='ocrx_word' id='word_1_467' title='bbox 2197 2526 2387 2574; x_wconf 88' lang='lat' dir='ltr'><strong>noctes</strong></span> <span class='ocrx_word' id='word_1_468' title='bbox 2441 2517 2667 2588; x_wconf 85' lang='lat' dir='ltr'><strong>diesque</strong></span> <span class='ocrx_word' id='word_1_469' title='bbox 2708 2535 3090 2590; x_wconf 83' lang='lat' dir='ltr'><strong>perseverans.</strong></span> <span class='ocrx_word' id='word_1_470' title='bbox 3129 2512 3235 2577; x_wconf 87' lang='lat' dir='ltr'><strong>non</strong></span> <span class='ocrx_word' id='word_1_471' title='bbox 3284 2522 3448 2579; x_wconf 89' lang='lat' dir='ltr'><strong>modo</strong></span> 
     </span>
    </p>
   </div>
   <div class='ocr_carea' id='block_1_70' title="bbox 1874 2609 3446 2671">
    <p class='ocr_par' dir='ltr' id='par_1_70' title="bbox 1874 2609 3446 2671">
     <span class='ocr_line' id='line_1_70' title="bbox 1874 2609 3446 2671; baseline 0.005 -9"><span class='ocrx_word' id='word_1_472' title='bbox 1874 2624 1981 2663; x_wconf 91' lang='lat' dir='ltr'><strong>non</strong></span> <span class='ocrx_word' id='word_1_473' title='bbox 2010 2609 2334 2671; x_wconf 83' lang='lat' dir='ltr'><strong>satiabatur.</strong></span> <span class='ocrx_word' id='word_1_474' title='bbox 2378 2610 2470 2664; x_wconf 90' lang='lat' dir='ltr'><strong>sed</strong></span> <span class='ocrx_word' id='word_1_475' title='bbox 2507 2610 2836 2664; x_wconf 82' lang='lat' dir='ltr'><strong>desiderium</strong></span> <span class='ocrx_word' id='word_1_476' title='bbox 2870 2612 3030 2666; x_wconf 88' lang='lat' dir='ltr'><strong>etiam</strong></span> <span class='ocrx_word' id='word_1_477' title='bbox 3056 2612 3324 2669; x_wconf 80' lang='lat' dir='ltr'><strong>eiliciebat</strong></span> <span class='ocrx_word' id='word_1_478' title='bbox 3352 2630 3446 2669; x_wconf 86' lang='lat' dir='ltr'><strong>ve-</strong></span> 
     </span>
    </p>
   </div>
   <div class='ocr_carea' id='block_1_71' title="bbox 1876 2700 3449 2801">
    <p class='ocr_par' dir='ltr' id='par_1_71' title="bbox 1876 2700 3449 2801">
     <span class='ocr_line' id='line_1_71' title="bbox 1876 2700 3449 2801; baseline 0.004 -47"><span class='ocrx_word' id='word_1_479' title='bbox 1876 2700 2204 2754; x_wconf 86' lang='lat' dir='ltr'><strong>hementius.</strong></span> <span class='ocrx_word' id='word_1_480' title='bbox 2259 2700 2440 2766; x_wconf 86' lang='lat' dir='ltr'><strong>Quare</strong></span> <span class='ocrx_word' id='word_1_481' title='bbox 2492 2717 2616 2754; x_wconf 83' lang='lat' dir='ltr'><strong>cum</strong></span> <span class='ocrx_word' id='word_1_482' title='bbox 2652 2701 2718 2757; x_wconf 90' lang='lat' dir='ltr'><strong>iis</strong></span> <span class='ocrx_word' id='word_1_483' title='bbox 2759 2701 2852 2773; x_wconf 89' lang='lat' dir='ltr'><strong>qui</strong></span> <span class='ocrx_word' id='word_1_484' title='bbox 2888 2703 2951 2757; x_wconf 90' lang='lat' dir='ltr'><strong>ad</strong></span> <span class='ocrx_word' id='word_1_485' title='bbox 2983 2718 3126 2801; x_wconf 85' lang='lat' dir='ltr'><strong>eumJ</strong></span> <span class='ocrx_word' id='word_1_486' title='bbox 3154 2706 3449 2760; x_wconf 83' lang='lat' dir='ltr'><strong>veniebant</strong></span> 
     </span>
    </p>
   </div>
   <div class='ocr_carea' id='block_1_72' title="bbox 1876 2791 3451 2864">
    <p class='ocr_par' dir='ltr' id='par_1_72' title="bbox 1876 2791 3451 2864">
     <span class='ocr_line' id='line_1_72' title="bbox 1876 2791 3451 2864; baseline 0.006 -20"><span class='ocrx_word' id='word_1_487' title='bbox 1876 2792 2065 2863; x_wconf 83' lang='lat' dir='ltr'><strong>paucis</strong></span> <span class='ocrx_word' id='word_1_488' title='bbox 2092 2791 2395 2855; x_wconf 88' lang='lat' dir='ltr'><strong>disserens,</strong></span> <span class='ocrx_word' id='word_1_489' title='bbox 2426 2793 2811 2864; x_wconf 79' lang='lat' dir='ltr'><strong>cogitationem</strong></span> <span class='ocrx_word' id='word_1_490' title='bbox 2846 2810 2873 2847; x_wconf 88' lang='lat' dir='ltr'><strong>a</strong></span> <span class='ocrx_word' id='word_1_491' title='bbox 2911 2791 3231 2863; x_wconf 76' lang='lat' dir='ltr'><strong>crelestibus</strong></span> <span class='ocrx_word' id='word_1_492' title='bbox 3272 2799 3451 2853; x_wconf 86' lang='lat' dir='ltr'><strong>abdu-</strong></span> 
     </span>
    </p>
   </div>
   <div class='ocr_carea' id='block_1_73' title="bbox 1875 2883 3447 2960">
    <p class='ocr_par' dir='ltr' id='par_1_73' title="bbox 1875 2883 3447 2960">
     <span class='ocr_line' id='line_1_73' title="bbox 1875 2883 3447 2960; baseline 0.003 -21"><span class='ocrx_word' id='word_1_493' title='bbox 1875 2898 2003 2939; x_wconf 90' lang='lat' dir='ltr'><strong>cere</strong></span> <span class='ocrx_word' id='word_1_494' title='bbox 2027 2898 2133 2937; x_wconf 91' lang='lat' dir='ltr'><strong>non</strong></span> <span class='ocrx_word' id='word_1_495' title='bbox 2164 2883 2469 2953; x_wconf 90' lang='lat' dir='ltr'><strong>patiebatur</strong></span> <span class='ocrx_word' id='word_1_496' title='bbox 2498 2902 2511 2938; x_wconf 91' lang='lat'><strong>:</strong></span> <span class='ocrx_word' id='word_1_497' title='bbox 2549 2884 2640 2938; x_wconf 88' lang='lat' dir='ltr'><strong>sed</strong></span> <span class='ocrx_word' id='word_1_498' title='bbox 2676 2885 2744 2938; x_wconf 91' lang='lat' dir='ltr'><strong>ab</strong></span> <span class='ocrx_word' id='word_1_499' title='bbox 2783 2886 2890 2941; x_wconf 90' lang='lat' dir='ltr'><strong>illis</strong></span> <span class='ocrx_word' id='word_1_500' title='bbox 2939 2902 3063 2943; x_wconf 80' lang='lat' dir='ltr'><strong>mox</strong></span> <span class='ocrx_word' id='word_1_501' title='bbox 3098 2889 3258 2951; x_wconf 87' lang='lat' dir='ltr'><strong>liber,</strong></span> <span class='ocrx_word' id='word_1_502' title='bbox 3288 2890 3447 2960; x_wconf 85' lang='lat' dir='ltr'><strong>quasi</strong></span> 
     </span>
    </p>
   </div>
   <div class='ocr_carea' id='block_1_74' title="bbox 1879 2975 3447 3050">
    <p class='ocr_par' dir='ltr' id='par_1_74' title="bbox 1879 2975 3447 3050">
     <span class='ocr_line' id='line_1_74' title="bbox 1879 2975 3447 3050; baseline 0.002 -21"><span class='ocrx_word' id='word_1_503' title='bbox 1879 2991 1978 3030; x_wconf 85' lang='lat' dir='ltr'><strong>nec</strong></span> <span class='ocrx_word' id='word_1_504' title='bbox 2030 2975 2301 3030; x_wconf 85' lang='lat' dir='ltr'><strong>tantillum</strong></span> <span class='ocrx_word' id='word_1_505' title='bbox 2351 2990 2380 3027; x_wconf 91' lang='lat' dir='ltr'><strong>a</strong></span> <span class='ocrx_word' id='word_1_506' title='bbox 2446 2976 2552 3029; x_wconf 86' lang='lat' dir='ltr'><strong>Deo</strong></span> <span class='ocrx_word' id='word_1_507' title='bbox 2600 2977 2980 3031; x_wconf 82' lang='lat' dir='ltr'><strong>universorum</strong></span> <span class='ocrx_word' id='word_1_508' title='bbox 3033 2988 3344 3050; x_wconf 85' lang='lat' dir='ltr'><strong>separatus,</strong></span> <span class='ocrx_word' id='word_1_509' title='bbox 3380 2980 3447 3033; x_wconf 86' lang='lat' dir='ltr'><strong>ad</strong></span> 
     </span>
    </p>
   </div>
   <div class='ocr_carea' id='block_1_75' title="bbox 1876 3065 3452 3140">
    <p class='ocr_par' dir='ltr' id='par_1_75' title="bbox 1876 3065 3452 3140">
     <span class='ocr_line' id='line_1_75' title="bbox 1876 3065 3452 3140; baseline 0.004 -21"><span class='ocrx_word' id='word_1_510' title='bbox 1876 3067 2181 3120; x_wconf 89' lang='lat' dir='ltr'><strong>orationem</strong></span> <span class='ocrx_word' id='word_1_511' title='bbox 2242 3065 2442 3120; x_wconf 88' lang='lat' dir='ltr'><strong>iterum</strong></span> <span class='ocrx_word' id='word_1_512' title='bbox 2486 3066 2716 3120; x_wconf 83' lang='lat' dir='ltr'><strong>redibat.</strong></span> <span class='ocrx_word' id='word_1_513' title='bbox 2760 3067 2823 3120; x_wconf 85' lang='lat' dir='ltr'><strong>Et</strong></span> <span class='ocrx_word' id='word_1_514' title='bbox 2869 3069 3125 3137; x_wconf 86' lang='lat' dir='ltr'><strong>quoniam</strong></span> <span class='ocrx_word' id='word_1_515' title='bbox 3160 3078 3219 3124; x_wconf 91' lang='lat' dir='ltr'><strong>ut</strong></span> <span class='ocrx_word' id='word_1_516' title='bbox 3262 3086 3452 3140; x_wconf 86' lang='lat' dir='ltr'><strong>perpe-</strong></span> 
     </span>
    </p>
   </div>
   <div class='ocr_carea' id='block_1_76' title="bbox 1880 3155 3450 3216">
    <p class='ocr_par' dir='ltr' id='par_1_76' title="bbox 1880 3155 3450 3216">
     <span class='ocr_line' id='line_1_76' title="bbox 1880 3155 3450 3216; baseline 0.004 -7"><span class='ocrx_word' id='word_1_517' title='bbox 1880 3170 2027 3209; x_wconf 86' lang='lat' dir='ltr'><strong>tuam</strong></span> <span class='ocrx_word' id='word_1_518' title='bbox 2063 3158 2354 3211; x_wconf 89' lang='lat' dir='ltr'><strong>stationem</strong></span> <span class='ocrx_word' id='word_1_519' title='bbox 2388 3155 2507 3211; x_wconf 87' lang='lat' dir='ltr'><strong>sine</strong></span> <span class='ocrx_word' id='word_1_520' title='bbox 2551 3158 2799 3213; x_wconf 81' lang='lat' dir='ltr'><strong>molestia</strong></span> <span class='ocrx_word' id='word_1_521' title='bbox 2852 3158 3019 3213; x_wconf 74' lang='lat' dir='ltr'><strong>fcrret</strong></span> <span class='ocrx_word' id='word_1_522' title='bbox 3052 3168 3309 3215; x_wconf 83' lang='lat' dir='ltr'><strong>senectus</strong></span> <span class='ocrx_word' id='word_1_523' title='bbox 3342 3176 3450 3216; x_wconf 91' lang='lat' dir='ltr'><strong>non</strong></span> 
     </span>
    </p>
   </div>
   <div class='ocr_carea' id='block_1_77' title="bbox 1878 3246 3446 3317">
    <p class='ocr_par' dir='ltr' id='par_1_77' title="bbox 1878 3246 3446 3317">
     <span class='ocr_line' id='line_1_77' title="bbox 1878 3246 3446 3317; baseline 0.002 -17"><span class='ocrx_word' id='word_1_524' title='bbox 1878 3246 2247 3317; x_wconf 90' lang='lat' dir='ltr'><strong>permittebat,</strong></span> <span class='ocrx_word' id='word_1_525' title='bbox 2286 3246 2411 3300; x_wconf 86' lang='lat' dir='ltr'><strong>huic</strong></span> <span class='ocrx_word' id='word_1_526' title='bbox 2456 3247 2827 3301; x_wconf 75' lang='lat' dir='ltr'><strong>sustentanda:</strong></span> <span class='ocrx_word' id='word_1_527' title='bbox 2883 3246 3135 3302; x_wconf 86' lang='lat' dir='ltr'><strong>baculum</strong></span> <span class='ocrx_word' id='word_1_528' title='bbox 3175 3248 3446 3311; x_wconf 84' lang='lat' dir='ltr'><strong>adhibuit.</strong></span> 
     </span>
    </p>
   </div>
   <div class='ocr_carea' id='block_1_78' title="bbox 1877 3338 3441 3409">
    <p class='ocr_par' dir='ltr' id='par_1_78' title="bbox 1877 3338 3441 3409">
     <span class='ocr_line' id='line_1_78' title="bbox 1877 3338 3441 3409; baseline 0.003 -18"><span class='ocrx_word' id='word_1_529' title='bbox 1877 3354 1986 3409; x_wconf 86' lang='lat' dir='ltr'><strong>quo</strong></span> <span class='ocrx_word' id='word_1_530' title='bbox 2039 3340 2263 3392; x_wconf 80' lang='lat' dir='ltr'><strong>innixus</strong></span> <span class='ocrx_word' id='word_1_531' title='bbox 2301 3338 2490 3392; x_wconf 83' lang='lat' dir='ltr'><strong>laudes</strong></span> <span class='ocrx_word' id='word_1_532' title='bbox 2521 3338 2750 3391; x_wconf 86' lang='lat' dir='ltr'><strong>Domino</strong></span> <span class='ocrx_word' id='word_1_533' title='bbox 2809 3354 3110 3409; x_wconf 84' lang='lat' dir='ltr'><strong>precesque</strong></span> <span class='ocrx_word' id='word_1_534' title='bbox 3163 3341 3441 3396; x_wconf 70' lang='lat' dir='ltr'><strong>offerebat.</strong></span> 
     </span>
    </p>
   </div>
   <div class='ocr_carea' id='block_1_79' title="bbox 1878 3428 3444 3501">
    <p class='ocr_par' dir='ltr' id='par_1_79' title="bbox 1878 3428 3444 3501">
     <span class='ocr_line' id='line_1_79' title="bbox 1878 3428 3444 3501; baseline 0.003 -19"><span class='ocrx_word' id='word_1_535' title='bbox 1878 3428 2284 3498; x_wconf 86' lang='lat' dir='ltr'><strong>llospitalitatis</strong></span> <span class='ocrx_word' id='word_1_536' title='bbox 2334 3432 2475 3483; x_wconf 86' lang='lat' dir='ltr'><strong>inter</strong></span> <span class='ocrx_word' id='word_1_537' title='bbox 2510 3439 2705 3484; x_wconf 59' lang='lat' dir='ltr'><strong>caetera</strong></span> <span class='ocrx_word' id='word_1_538' title='bbox 2747 3431 2888 3484; x_wconf 87' lang='lat' dir='ltr'><strong>bona</strong></span> <span class='ocrx_word' id='word_1_539' title='bbox 2928 3432 3111 3485; x_wconf 85' lang='lat' dir='ltr'><strong>studio</strong></span> <span class='ocrx_word' id='word_1_540' title='bbox 3161 3441 3444 3501; x_wconf 76' lang='lat' dir='ltr'><strong>praestans,</strong></span> 
     </span>
    </p>
   </div>
   <div class='ocr_carea' id='block_1_80' title="bbox 1879 3520 3450 3592">
    <p class='ocr_par' dir='ltr' id='par_1_80' title="bbox 1879 3520 3450 3592">
     <span class='ocr_line' id='line_1_80' title="bbox 1879 3520 3450 3592; baseline 0.001 -17"><span class='ocrx_word' id='word_1_541' title='bbox 1879 3523 2081 3577; x_wconf 83' lang='lat' dir='ltr'><strong>mullos</strong></span> <span class='ocrx_word' id='word_1_542' title='bbox 2120 3537 2186 3575; x_wconf 80' lang='lat' dir='ltr'><strong>ex</strong></span> <span class='ocrx_word' id='word_1_543' title='bbox 2223 3522 2290 3575; x_wconf 85' lang='lat' dir='ltr'><strong>iis</strong></span> <span class='ocrx_word' id='word_1_544' title='bbox 2336 3520 2429 3591; x_wconf 89' lang='lat' dir='ltr'><strong>qui</strong></span> <span class='ocrx_word' id='word_1_545' title='bbox 2469 3520 2533 3574; x_wconf 87' lang='lat' dir='ltr'><strong>ad</strong></span> <span class='ocrx_word' id='word_1_546' title='bbox 2570 3521 2747 3590; x_wconf 90' lang='lat' dir='ltr'><strong>ipsum</strong></span> <span class='ocrx_word' id='word_1_547' title='bbox 2788 3521 3099 3585; x_wconf 86' lang='lat' dir='ltr'><strong>veniebant,</strong></span> <span class='ocrx_word' id='word_1_548' title='bbox 3130 3532 3450 3592; x_wconf 74' lang='lat' dir='ltr'><strong>exspectare</strong></span> 
     </span>
    </p>
   </div>
   <div class='ocr_carea' id='block_1_81' title="bbox 1880 3611 3448 3683">
    <p class='ocr_par' dir='ltr' id='par_1_81' title="bbox 1880 3611 3448 3683">
     <span class='ocr_line' id='line_1_81' title="bbox 1880 3611 3448 3683; baseline 0 -17"><span class='ocrx_word' id='word_1_549' title='bbox 1880 3627 2160 3683; x_wconf 76' lang='lat' dir='ltr'><strong>vesperam</strong></span> <span class='ocrx_word' id='word_1_550' title='bbox 2207 3611 2451 3681; x_wconf 88' lang='lat' dir='ltr'><strong>juhebat.</strong></span> <span class='ocrx_word' id='word_1_551' title='bbox 2512 3611 2578 3663; x_wconf 84' lang='lat' dir='ltr'><strong>Hi</strong></span> <span class='ocrx_word' id='word_1_552' title='bbox 2630 3626 2758 3664; x_wconf 87' lang='lat' dir='ltr'><strong>vero</strong></span> <span class='ocrx_word' id='word_1_553' title='bbox 2812 3613 3127 3664; x_wconf 88' lang='lat' dir='ltr'><strong>continuam</strong></span> <span class='ocrx_word' id='word_1_554' title='bbox 3178 3614 3297 3682; x_wconf 72' lang='lat' dir='ltr'><strong>ejus</strong></span> <span class='ocrx_word' id='word_1_555' title='bbox 3338 3624 3448 3666; x_wconf 86' lang='lat' dir='ltr'><strong>tota</strong></span> 
     </span>
    </p>
   </div>
   <div class='ocr_carea' id='block_1_82' title="bbox 1878 3686 3459 3771">
    <p class='ocr_par' dir='ltr' id='par_1_82' title="bbox 1878 3686 3459 3771">
     <span class='ocr_line' id='line_1_82' title="bbox 1878 3686 3459 3771; baseline -0.003 -14"><span class='ocrx_word' id='word_1_556' title='bbox 1878 3713 2037 3757; x_wconf 78' lang='lat' dir='ltr'><strong>nacte</strong></span> <span class='ocrx_word' id='word_1_557' title='bbox 2083 3686 2870 3763; x_wconf 64' lang='lat' dir='ltr'><strong>stationemreformidantes,</strong></span> <span class='ocrx_word' id='word_1_558' title='bbox 2928 3703 3271 3771; x_wconf 82' lang='lat' dir='ltr'><strong>negotiorum</strong></span> <span class='ocrx_word' id='word_1_559' title='bbox 3320 3717 3459 3771; x_wconf 77' lang='lat' dir='ltr'><strong>pra-</strong></span> 
     </span>
    </p>
   </div>
   <div class='ocr_carea' id='block_1_83' title="bbox 1876 3783 3449 3860">
    <p class='ocr_par' dir='ltr' id='par_1_83' title="bbox 1876 3783 3449 3860">
     <span class='ocr_line' id='line_1_83' title="bbox 1876 3783 3449 3860; baseline -0.001 -13"><span class='ocrx_word' id='word_1_560' title='bbox 1876 3803 2024 3850; x_wconf 77' lang='lat' dir='ltr'><strong>textu</strong></span> <span class='ocrx_word' id='word_1_561' title='bbox 2057 3794 2335 3848; x_wconf 90' lang='lat' dir='ltr'><strong>laboribus</strong></span> <span class='ocrx_word' id='word_1_562' title='bbox 2355 3808 2412 3847; x_wconf 89' lang='lat' dir='ltr'><strong>se</strong></span> <span class='ocrx_word' id='word_1_563' title='bbox 2431 3790 2828 3846; x_wconf 88' lang='lat' dir='ltr'><strong>subducebant.</strong></span> <span class='ocrx_word' id='word_1_564' title='bbox 2854 3783 3011 3846; x_wconf 90' lang='lat' dir='ltr'><strong>llunc</strong></span> <span class='ocrx_word' id='word_1_565' title='bbox 3029 3806 3259 3860; x_wconf 83' lang='lat' dir='ltr'><strong>magnus</strong></span> <span class='ocrx_word' id='word_1_566' title='bbox 3282 3792 3449 3846; x_wconf 85' lang='lat' dir='ltr'><strong>etiam</strong></span> 
     </span>
    </p>
   </div>
   <div class='ocr_carea' id='block_1_84' title="bbox 1875 3880 3451 3947">
    <p class='ocr_par' dir='ltr' id='par_1_84' title="bbox 1875 3880 3451 3947">
     <span class='ocr_line' id='line_1_84' title="bbox 1875 3880 3451 3947; baseline -0.003 -9"><span class='ocrx_word' id='word_1_567' title='bbox 1875 3884 1966 3938; x_wconf 90' lang='lat' dir='ltr'><strong>ille</strong></span> <span class='ocrx_word' id='word_1_568' title='bbox 1986 3883 2133 3937; x_wconf 76' lang='lat' dir='ltr'><strong>Maro</strong></span> <span class='ocrx_word' id='word_1_569' title='bbox 2152 3883 2454 3937; x_wconf 83' lang='lat' dir='ltr'><strong>admiratus</strong></span> <span class='ocrx_word' id='word_1_570' title='bbox 2477 3890 2561 3935; x_wconf 89' lang='lat' dir='ltr'><strong>est</strong></span> <span class='ocrx_word' id='word_1_571' title='bbox 2591 3880 2962 3945; x_wconf 87' lang='lat' dir='ltr'><strong>vehementer,</strong></span> <span class='ocrx_word' id='word_1_572' title='bbox 2986 3881 3451 3947; x_wconf 85' lang='lat' dir='ltr'><strong>adventantcsque</strong></span> 
     </span>
    </p>
   </div>
   <div class='ocr_carea' id='block_1_85' title="bbox 1876 3969 3448 4036">
    <p class='ocr_par' dir='ltr' id='par_1_85' title="bbox 1876 3969 3448 4036">
     <span class='ocr_line' id='line_1_85' title="bbox 1876 3969 3448 4036; baseline -0.003 -7"><span class='ocrx_word' id='word_1_573' title='bbox 1876 3976 1943 4029; x_wconf 89' lang='lat' dir='ltr'><strong>ad</strong></span> <span class='ocrx_word' id='word_1_574' title='bbox 1981 3992 2039 4029; x_wconf 89' lang='lat' dir='ltr'><strong>se</strong></span> <span class='ocrx_word' id='word_1_575' title='bbox 2073 3990 2263 4028; x_wconf 86' lang='lat' dir='ltr'><strong>omnes</strong></span> <span class='ocrx_word' id='word_1_576' title='bbox 2320 3972 2662 4036; x_wconf 87' lang='lat' dir='ltr'><strong>hortabatur,</strong></span> <span class='ocrx_word' id='word_1_577' title='bbox 2695 3981 2751 4025; x_wconf 91' lang='lat' dir='ltr'><strong>ut</strong></span> <span class='ocrx_word' id='word_1_578' title='bbox 2776 3972 2840 4026; x_wconf 89' lang='lat' dir='ltr'><strong>ad</strong></span> <span class='ocrx_word' id='word_1_579' title='bbox 2872 3988 2995 4026; x_wconf 87' lang='lat' dir='ltr'><strong>eum</strong></span> <span class='ocrx_word' id='word_1_580' title='bbox 3025 3987 3083 4026; x_wconf 91' lang='lat' dir='ltr'><strong>se</strong></span> <span class='ocrx_word' id='word_1_581' title='bbox 3114 3969 3448 4035; x_wconf 86' lang='lat' dir='ltr'><strong>conferrent,</strong></span> 
     </span>
    </p>
   </div>
   <div class='ocr_carea' id='block_1_86' title="bbox 1876 4061 3448 4137">
    <p class='ocr_par' dir='ltr' id='par_1_86' title="bbox 1876 4061 3448 4137">
     <span class='ocr_line' id='line_1_86' title="bbox 1876 4061 3448 4137; baseline -0.003 -16"><span class='ocrx_word' id='word_1_582' title='bbox 1876 4069 2108 4137; x_wconf 84' lang='lat' dir='ltr'><strong>ejusque</strong></span> <span class='ocrx_word' id='word_1_583' title='bbox 2133 4066 2513 4121; x_wconf 83' lang='lat' dir='ltr'><strong>benedictione</strong></span> <span class='ocrx_word' id='word_1_584' title='bbox 2536 4061 2876 4130; x_wconf 86' lang='lat' dir='ltr'><strong>fruerentur,</strong></span> <span class='ocrx_word' id='word_1_585' title='bbox 2911 4072 3119 4134; x_wconf 88' lang='lat' dir='ltr'><strong>patrem</strong></span> <span class='ocrx_word' id='word_1_586' title='bbox 3165 4064 3317 4117; x_wconf 89' lang='lat' dir='ltr'><strong>illum</strong></span> <span class='ocrx_word' id='word_1_587' title='bbox 3354 4079 3448 4117; x_wconf 78' lang='lat' dir='ltr'><strong>vo-</strong></span> 
     </span>
    </p>
   </div>
   <div class='ocr_carea' id='block_1_87' title="bbox 1876 4156 3452 4227">
    <p class='ocr_par' dir='ltr' id='par_1_87' title="bbox 1876 4156 3452 4227">
     <span class='ocr_line' id='line_1_87' title="bbox 1876 4156 3452 4227; baseline -0.003 -14"><span class='ocrx_word' id='word_1_588' title='bbox 1876 4175 2011 4213; x_wconf 76' lang='lat' dir='ltr'><strong>cans</strong></span> <span class='ocrx_word' id='word_1_589' title='bbox 2040 4168 2094 4212; x_wconf 92' lang='lat' dir='ltr'><strong>et</strong></span> <span class='ocrx_word' id='word_1_590' title='bbox 2126 4157 2469 4227; x_wconf 77' lang='lat' dir='ltr'><strong>magistrum,</strong></span> <span class='ocrx_word' id='word_1_591' title='bbox 2509 4165 2560 4209; x_wconf 85' lang='lat' dir='ltr'><strong>et</strong></span> <span class='ocrx_word' id='word_1_592' title='bbox 2599 4157 2856 4208; x_wconf 80' lang='lat' dir='ltr'><strong>virtutum</strong></span> <span class='ocrx_word' id='word_1_593' title='bbox 2898 4156 3139 4209; x_wconf 86' lang='lat' dir='ltr'><strong>omnium</strong></span> <span class='ocrx_word' id='word_1_594' title='bbox 3173 4158 3452 4225; x_wconf 77' lang='lat' dir='ltr'><strong>exemplar</strong></span> 
     </span>
    </p>
   </div>
   <div class='ocr_carea' id='block_1_88' title="bbox 1878 4247 3453 4321">
    <p class='ocr_par' dir='ltr' id='par_1_88' title="bbox 1878 4247 3453 4321">
     <span class='ocr_line' id='line_1_88' title="bbox 1878 4247 3453 4321; baseline -0.004 -16"><span class='ocrx_word' id='word_1_595' title='bbox 1878 4252 2179 4321; x_wconf 86' lang='lat' dir='ltr'><strong>appellans.</strong></span> <span class='ocrx_word' id='word_1_596' title='bbox 2230 4249 2371 4315; x_wconf 79' lang='lat' dir='ltr'><strong>Quin</strong></span> <span class='ocrx_word' id='word_1_597' title='bbox 2401 4256 2455 4303; x_wconf 89' lang='lat' dir='ltr'><strong>et</strong></span> <span class='ocrx_word' id='word_1_598' title='bbox 2479 4249 2666 4302; x_wconf 87' lang='lat' dir='ltr'><strong>eodem</strong></span> <span class='ocrx_word' id='word_1_599' title='bbox 2700 4248 2951 4318; x_wconf 77' lang='lat' dir='ltr'><strong>sepulcro</strong></span> <span class='ocrx_word' id='word_1_600' title='bbox 3005 4255 3063 4301; x_wconf 92' lang='lat' dir='ltr'><strong>ut</strong></span> <span class='ocrx_word' id='word_1_601' title='bbox 3120 4247 3453 4301; x_wconf 86' lang='lat' dir='ltr'><strong>conderetur</strong></span> 
     </span>
    </p>
   </div>
   <div class='ocr_carea' id='block_1_89' title="bbox 1876 4338 3447 4409">
    <p class='ocr_par' dir='ltr' id='par_1_89' title="bbox 1876 4338 3447 4409">
     <span class='ocr_line' id='line_1_89' title="bbox 1876 4338 3447 4409; baseline -0.004 -12"><span class='ocrx_word' id='word_1_602' title='bbox 1876 4342 2068 4397; x_wconf 81' lang='lat' dir='ltr'><strong>orabat</strong></span> <span class='ocrx_word' id='word_1_603' title='bbox 2108 4361 2121 4394; x_wconf 88' lang='lat'><strong>:</strong></span> <span class='ocrx_word' id='word_1_604' title='bbox 2170 4338 2384 4409; x_wconf 73' lang='lat'><strong>1259</strong></span> <span class='ocrx_word' id='word_1_605' title='bbox 2432 4339 2526 4393; x_wconf 89' lang='lat' dir='ltr'><strong>sed</strong></span> <span class='ocrx_word' id='word_1_606' title='bbox 2576 4353 2683 4392; x_wconf 93' lang='lat' dir='ltr'><strong>non</strong></span> <span class='ocrx_word' id='word_1_607' title='bbox 2742 4338 3039 4407; x_wconf 86' lang='lat' dir='ltr'><strong>permisere</strong></span> <span class='ocrx_word' id='word_1_608' title='bbox 3084 4338 3177 4407; x_wconf 88' lang='lat' dir='ltr'><strong>qui</strong></span> <span class='ocrx_word' id='word_1_609' title='bbox 3234 4351 3447 4391; x_wconf 81' lang='lat' dir='ltr'><strong>sacrmu</strong></span> 
     </span>
    </p>
   </div>
   <div class='ocr_carea' id='block_1_90' title="bbox 1878 4429 3449 4513">
    <p class='ocr_par' dir='ltr' id='par_1_90' title="bbox 1878 4429 3449 4513">
     <span class='ocr_line' id='line_1_90' title="bbox 1878 4429 3449 4513; baseline -0.003 -27"><span class='ocrx_word' id='word_1_610' title='bbox 1878 4431 2013 4486; x_wconf 89' lang='lat' dir='ltr'><strong>illud</strong></span> <span class='ocrx_word' id='word_1_611' title='bbox 2065 4445 2266 4500; x_wconf 84' lang='lat' dir='ltr'><strong>corpus</strong></span> <span class='ocrx_word' id='word_1_612' title='bbox 2307 4436 2625 4513; x_wconf 75' lang='lat' dir='ltr'><strong>rapuerunt,</strong></span> <span class='ocrx_word' id='word_1_613' title='bbox 2673 4437 2729 4509; x_wconf 80' lang='lat' dir='ltr'><strong>et</strong></span> <span class='ocrx_word' id='word_1_614' title='bbox 2773 4437 3133 4482; x_wconf 89' lang='lat' dir='ltr'><strong>memoratum</strong></span> <span class='ocrx_word' id='word_1_615' title='bbox 3173 4429 3226 4480; x_wconf 92' lang='lat' dir='ltr'><strong>in</strong></span> <span class='ocrx_word' id='word_1_616' title='bbox 3274 4429 3449 4481; x_wconf 77' lang='lat' dir='ltr'><strong>locum</strong></span> 
     </span>
    </p>
   </div>
   <div class='ocr_carea' id='block_1_91' title="bbox 196 4511 1769 4594">
    <p class='ocr_par' dir='ltr' id='par_1_91' title="bbox 196 4515 1769 4591">
     <span class='ocr_line' id='line_1_91' title="bbox 196 4515 1769 4591; baseline -0.003 -18"><span class='ocrx_word' id='word_1_617' title='bbox 196 4521 398 4591; x_wconf 84' lang='grc' dir='ltr'>χωρίον</span> <span class='ocrx_word' id='word_1_618' title='bbox 450 4520 910 4590; x_wconf 55' lang='grc' dir='ltr'>ἀποκομίσαντες.</span> <span class='ocrx_word' id='word_1_619' title='bbox 967 4518 1024 4571; x_wconf 89' lang='lat'><strong>&#39;0</strong></span> <span class='ocrx_word' id='word_1_620' title='bbox 1085 4517 1140 4570; x_wconf 76' lang='grc' dir='ltr'>δὲ</span> <span class='ocrx_word' id='word_1_621' title='bbox 1201 4515 1485 4579; x_wconf 87' lang='grc' dir='ltr'>θεσπέσιος</span> <span class='ocrx_word' id='word_1_622' title='bbox 1550 4516 1769 4580; x_wconf 74' lang='grc' dir='ltr'>Ζεδινᾶς</span> 
     </span>
    </p>
   </div>
   <div class='ocr_carea' id='block_1_92' title="bbox 1854 4511 3452 4594">
    <p class='ocr_par' dir='ltr' id='par_1_92' title="bbox 1880 4511 3452 4592">
     <span class='ocr_line' id='line_1_92' title="bbox 1880 4511 3452 4592; baseline -0.001 -17"><span class='ocrx_word' id='word_1_623' title='bbox 1880 4524 2262 4592; x_wconf 84' lang='lat' dir='ltr'><strong>deportarunt.</strong></span> <span class='ocrx_word' id='word_1_624' title='bbox 2296 4511 2489 4575; x_wconf 85' lang='lat' dir='ltr'><strong>Divino</strong></span> <span class='ocrx_word' id='word_1_625' title='bbox 2514 4530 2695 4573; x_wconf 91' lang='lat' dir='ltr'><strong>autem</strong></span> <span class='ocrx_word' id='word_1_626' title='bbox 2730 4511 2946 4575; x_wconf 66' lang='lat' dir='ltr'><strong>Zébina:</strong></span> <span class='ocrx_word' id='word_1_627' title='bbox 2981 4528 3109 4573; x_wconf 88' lang='lat' dir='ltr'><strong>ante</strong></span> <span class='ocrx_word' id='word_1_628' title='bbox 3153 4520 3305 4573; x_wconf 89' lang='lat' dir='ltr'><strong>illum</strong></span> <span class='ocrx_word' id='word_1_629' title='bbox 3342 4520 3452 4575; x_wconf 86' lang='lat' dir='ltr'><strong>vita</strong></span> 
     </span>
    </p>
   </div>
   <div class='ocr_carea' id='block_1_93' title="bbox 198 4606 1778 4683">
    <p class='ocr_par' dir='ltr' id='par_1_93' title="bbox 198 4606 1778 4683">
     <span class='ocr_line' id='line_1_93' title="bbox 198 4606 1778 4683; baseline -0.003 -18"><span class='ocrx_word' id='word_1_630' title='bbox 198 4610 662 4683; x_wconf 81' lang='grc' dir='ltr'>προτελευτήσας,</span> <span class='ocrx_word' id='word_1_631' title='bbox 704 4612 784 4672; x_wconf 86' lang='grc' dir='ltr'><strong>είς</strong></span> <span class='ocrx_word' id='word_1_632' title='bbox 827 4609 926 4680; x_wconf 78' lang='grc' dir='ltr'><strong>τήν</strong></span> <span class='ocrx_word' id='word_1_633' title='bbox 975 4606 1322 4670; x_wconf 76' lang='grc' dir='ltr'>πελάζουσαν</span> <span class='ocrx_word' id='word_1_634' title='bbox 1381 4606 1532 4677; x_wconf 78' lang='grc' dir='ltr'>αὐτῷ</span> <span class='ocrx_word' id='word_1_635' title='bbox 1583 4607 1778 4678; x_wconf 86' lang='grc' dir='ltr'>κώμην</span> 
     </span>
    </p>
   </div>
   <div class='ocr_carea' id='block_1_94' title="bbox 200 4697 1773 4772">
    <p class='ocr_par' dir='ltr' id='par_1_94' title="bbox 200 4697 1773 4772">
     <span class='ocr_line' id='line_1_94' title="bbox 200 4697 1773 4772; baseline -0.003 -19"><span class='ocrx_word' id='word_1_636' title='bbox 200 4702 397 4772; x_wconf 80' lang='grc' dir='ltr'>(Κίττα</span> <span class='ocrx_word' id='word_1_637' title='bbox 415 4701 471 4753; x_wconf 83' lang='grc' dir='ltr'>δὲ</span> <span class='ocrx_word' id='word_1_638' title='bbox 490 4699 630 4771; x_wconf 79' lang='grc' dir='ltr'>αὕτη</span> <span class='ocrx_word' id='word_1_639' title='bbox 651 4701 938 4768; x_wconf 86' lang='grc' dir='ltr'>καλεῖται),</span> <span class='ocrx_word' id='word_1_640' title='bbox 955 4698 1062 4751; x_wconf 83' lang='grc' dir='ltr'><strong>τῶν</strong></span> <span class='ocrx_word' id='word_1_641' title='bbox 1079 4697 1447 4767; x_wconf 77' lang='grc' dir='ltr'>νομιζομένων</span> <span class='ocrx_word' id='word_1_642' title='bbox 1470 4698 1773 4769; x_wconf 77' lang='grc' dir='ltr'>ἀπήλαυσε,</span> 
     </span>
    </p>
   </div>
   <div class='ocr_carea' id='block_1_95' title="bbox 200 4790 1775 4864">
    <p class='ocr_par' dir='ltr' id='par_1_95' title="bbox 200 4790 1775 4864">
     <span class='ocr_line' id='line_1_95' title="bbox 200 4790 1775 4864; baseline -0.003 -17"><span class='ocrx_word' id='word_1_643' title='bbox 200 4795 296 4847; x_wconf 72' lang='grc' dir='ltr'>καὶ</span> <span class='ocrx_word' id='word_1_644' title='bbox 330 4794 499 4863; x_wconf 73' lang='grc' dir='ltr'>σηκὸν</span> <span class='ocrx_word' id='word_1_645' title='bbox 519 4794 576 4847; x_wconf 84' lang='grc' dir='ltr'>δὲ</span> <span class='ocrx_word' id='word_1_646' title='bbox 614 4796 679 4864; x_wconf 82' lang='grc' dir='ltr'>τῇ</span> <span class='ocrx_word' id='word_1_647' title='bbox 709 4793 853 4864; x_wconf 80' lang='grc' dir='ltr'>θήκῃ</span> <span class='ocrx_word' id='word_1_648' title='bbox 891 4791 1148 4861; x_wconf 89' lang='grc' dir='ltr'>μέγιστον</span> <span class='ocrx_word' id='word_1_649' title='bbox 1186 4790 1564 4861; x_wconf 82' lang='grc' dir='ltr'>ᾠκοδόμησαν.</span> <span class='ocrx_word' id='word_1_650' title='bbox 1601 4792 1775 4843; x_wconf 86' lang='grc' dir='ltr'>’ῐασιν</span> 
     </span>
    </p>
   </div>
   <div class='ocr_carea' id='block_1_96' title="bbox 197 4879 1778 4954">
    <p class='ocr_par' dir='ltr' id='par_1_96' title="bbox 197 4879 1778 4954">
     <span class='ocr_line' id='line_1_96' title="bbox 197 4879 1778 4954; baseline -0.001 -18"><span class='ocrx_word' id='word_1_651' title='bbox 197 4883 309 4954; x_wconf 76' lang='grc' dir='ltr'><strong>γάρ</strong></span> <span class='ocrx_word' id='word_1_652' title='bbox 344 4882 633 4947; x_wconf 77' lang='grc' dir='ltr'>ἀναϐλύζει</span> <span class='ocrx_word' id='word_1_653' title='bbox 663 4885 771 4946; x_wconf 81' lang='grc' dir='ltr'>τοῖς</span> <span class='ocrx_word' id='word_1_654' title='bbox 808 4881 947 4953; x_wconf 82' lang='grc' dir='ltr'><strong>μετά</strong></span> <span class='ocrx_word' id='word_1_655' title='bbox 976 4881 1211 4944; x_wconf 79' lang='grc' dir='ltr'>πίστεως</span> <span class='ocrx_word' id='word_1_656' title='bbox 1252 4879 1546 4952; x_wconf 78' lang='grc' dir='ltr'>προσιοῦσι</span> <span class='ocrx_word' id='word_1_657' title='bbox 1580 4898 1778 4934; x_wconf 85' lang='grc' dir='ltr'>παντο·-</span> 
     </span>
    </p>
   </div>
   <div class='ocr_carea' id='block_1_97' title="bbox 197 4973 1772 5045">
    <p class='ocr_par' dir='ltr' id='par_1_97' title="bbox 197 4973 1772 5045">
     <span class='ocr_line' id='line_1_97' title="bbox 197 4973 1772 5045; baseline 0 -18"><span class='ocrx_word' id='word_1_658' title='bbox 197 4973 402 5045; x_wconf 79' lang='grc' dir='ltr'>δαπήν.</span> <span class='ocrx_word' id='word_1_659' title='bbox 431 4974 587 5045; x_wconf 81' lang='grc' dir='ltr'>Ἔχει</span> <span class='ocrx_word' id='word_1_660' title='bbox 607 4975 663 5027; x_wconf 81' lang='grc' dir='ltr'>δὲ</span> <span class='ocrx_word' id='word_1_661' title='bbox 694 4974 789 5027; x_wconf 79' lang='grc' dir='ltr'>νῦν</span> <span class='ocrx_word' id='word_1_662' title='bbox 816 4976 908 5028; x_wconf 74' lang='grc' dir='ltr'>καὶ</span> <span class='ocrx_word' id='word_1_663' title='bbox 938 4973 1217 5043; x_wconf 84' lang='grc' dir='ltr'>μάρτυρας</span> <span class='ocrx_word' id='word_1_664' title='bbox 1252 4973 1598 5043; x_wconf 68' lang='grc' dir='ltr'>όμοροερίους,</span> <span class='ocrx_word' id='word_1_665' title='bbox 1625 4974 1772 5045; x_wconf 82' lang='grc' dir='ltr'><strong>παρά</strong></span> 
     </span>
    </p>
   </div>
   <div class='ocr_carea' id='block_1_98' title="bbox 201 5063 1777 5138">
    <p class='ocr_par' dir='ltr' id='par_1_98' title="bbox 201 5063 1777 5138">
     <span class='ocr_line' id='line_1_98' title="bbox 201 5063 1777 5138; baseline 0.001 -20"><span class='ocrx_word' id='word_1_666' title='bbox 201 5066 448 5137; x_wconf 84' lang='grc' dir='ltr'>Πέρσαις</span> <span class='ocrx_word' id='word_1_667' title='bbox 484 5067 583 5135; x_wconf 84' lang='grc' dir='ltr'>μὲν</span> <span class='ocrx_word' id='word_1_668' title='bbox 605 5065 1036 5135; x_wconf 75' lang='grc' dir='ltr'>ἠγωνισμένους,</span> <span class='ocrx_word' id='word_1_669' title='bbox 1076 5063 1311 5133; x_wconf 82' lang='grc' dir='ltr'>ἐτησίοις</span> <span class='ocrx_word' id='word_1_670' title='bbox 1342 5065 1398 5117; x_wconf 82' lang='grc' dir='ltr'>δὲ</span> <span class='ocrx_word' id='word_1_671' title='bbox 1435 5066 1777 5138; x_wconf 87' lang='grc' dir='ltr'>πανηγύρεσι</span> 
     </span>
    </p>
   </div>
   <div class='ocr_carea' id='block_1_99' title="bbox 204 5156 928 5229">
    <p class='ocr_par' dir='ltr' id='par_1_99' title="bbox 204 5156 928 5229">
     <span class='ocr_line' id='line_1_99' title="bbox 204 5156 928 5229; baseline -0.001 -18"><span class='ocrx_word' id='word_1_672' title='bbox 204 5157 340 5229; x_wconf 86' lang='grc' dir='ltr'>παρ’</span> <span class='ocrx_word' id='word_1_673' title='bbox 374 5156 534 5227; x_wconf 78' lang='grc' dir='ltr'>ἡμῶν</span> <span class='ocrx_word' id='word_1_674' title='bbox 564 5158 928 5226; x_wconf 83' lang='grc' dir='ltr'>τιμωμένους.</span> 
     </span>
    </p>
   </div>
   <div class='ocr_carea' id='block_1_100' title="bbox 273 5244 1777 5319">
    <p class='ocr_par' dir='ltr' id='par_1_100' title="bbox 273 5244 1777 5319">
     <span class='ocr_line' id='line_1_100' title="bbox 273 5244 1777 5319; baseline -0.001 -19"><span class='ocrx_word' id='word_1_675' title='bbox 273 5248 389 5319; x_wconf 82' lang='grc' dir='ltr'><strong>Τῆς</strong></span> <span class='ocrx_word' id='word_1_676' title='bbox 419 5246 606 5299; x_wconf 83' lang='grc' dir='ltr'>τούτου</span> <span class='ocrx_word' id='word_1_677' title='bbox 637 5246 982 5307; x_wconf 85' lang='grc' dir='ltr'>διδασκαλίας</span> <span class='ocrx_word' id='word_1_678' title='bbox 1010 5245 1038 5296; x_wconf 87' lang='grc' dir='ltr'><strong>ό</strong></span> <span class='ocrx_word' id='word_1_679' title='bbox 1087 5244 1259 5315; x_wconf 90' lang='grc' dir='ltr'>μέγας</span> <span class='ocrx_word' id='word_1_680' title='bbox 1293 5244 1573 5315; x_wconf 82' lang='grc' dir='ltr'>ἀπήλαυσε</span> <span class='ocrx_word' id='word_1_681' title='bbox 1611 5246 1777 5298; x_wconf 76' lang='grc' dir='ltr'>Πολυ-</span> 
     </span>
    </p>
   </div>
   <div class='ocr_carea' id='block_1_101' title="bbox 202 5322 1780 5413">
    <p class='ocr_par' dir='ltr' id='par_1_101' title="bbox 202 5322 1780 5413">
     <span class='ocr_line' id='line_1_101' title="bbox 202 5322 1780 5413; baseline -0.001 -21"><span class='ocrx_word' id='word_1_682' title='bbox 202 5340 453 5413; x_wconf 84' lang='grc' dir='ltr'>χρόνιος⁶</span> <span class='ocrx_word' id='word_1_683' title='bbox 489 5326 581 5392; x_wconf 73' lang='grc' dir='ltr'>καὶ</span> <span class='ocrx_word' id='word_1_684' title='bbox 631 5340 659 5392; x_wconf 85' lang='grc' dir='ltr'>ὁ</span> <span class='ocrx_word' id='word_1_685' title='bbox 703 5338 977 5399; x_wconf 82' lang='grc' dir='ltr'>θειότατος</span> <span class='ocrx_word' id='word_1_686' title='bbox 1020 5336 1076 5388; x_wconf 76' lang='grc' dir='ltr'>δὲ</span> <span class='ocrx_word' id='word_1_687' title='bbox 1126 5334 1382 5398; x_wconf 78' lang='grc' dir='ltr'>Ἰάκωϐος</span> <span class='ocrx_word' id='word_1_688' title='bbox 1431 5322 1618 5389; x_wconf 64' lang='grc' dir='ltr'>τούτον</span> <span class='ocrx_word' id='word_1_689' title='bbox 1676 5339 1780 5408; x_wconf 69' lang='grc' dir='ltr'><strong>ἔφη</strong></span> 
     </span>
    </p>
   </div>
   <div class='ocr_carea' id='block_1_102' title="bbox 204 5428 1781 5504">
    <p class='ocr_par' dir='ltr' id='par_1_102' title="bbox 204 5428 1781 5504">
     <span class='ocr_line' id='line_1_102' title="bbox 204 5428 1781 5504; baseline -0.003 -18"><span class='ocrx_word' id='word_1_690' title='bbox 204 5432 425 5504; x_wconf 81' lang='grc' dir='ltr'>πρῶτον</span> <span class='ocrx_word' id='word_1_691' title='bbox 468 5432 705 5503; x_wconf 84' lang='grc' dir='ltr'>τρίχινον</span> <span class='ocrx_word' id='word_1_692' title='bbox 754 5429 903 5500; x_wconf 82' lang='grc' dir='ltr'>αὐτῴ</span> <span class='ocrx_word' id='word_1_693' title='bbox 932 5428 1218 5482; x_wconf 86' lang='grc' dir='ltr'>δεδωκέναι</span> <span class='ocrx_word' id='word_1_694' title='bbox 1265 5428 1484 5497; x_wconf 88' lang='grc' dir='ltr'>χιτῶνα.</span> <span class='ocrx_word' id='word_1_695' title='bbox 1541 5429 1681 5499; x_wconf 84' lang='grc' dir='ltr'><strong>Ἐγὼ</strong></span> <span class='ocrx_word' id='word_1_696' title='bbox 1723 5431 1781 5484; x_wconf 76' lang='grc' dir='ltr'>δὲ</span> 
     </span>
    </p>
   </div>
   <div class='ocr_carea' id='block_1_103' title="bbox 205 5520 1781 5595">
    <p class='ocr_par' dir='ltr' id='par_1_103' title="bbox 205 5520 1781 5595">
     <span class='ocr_line' id='line_1_103' title="bbox 205 5520 1781 5595; baseline -0.024 30"><span class='ocrx_word' id='word_1_697' title='bbox 205 5529 415 5580; x_wconf 53' lang='grc' dir='ltr'><strong>ἐκεῖνον</strong></span> <span class='ocrx_word' id='word_1_698' title='bbox 451 5526 523 5595; x_wconf 67' lang='grc' dir='ltr'><strong>μὴ</strong></span> <span class='ocrx_word' id='word_1_699' title='bbox 556 5524 889 5593; x_wconf 71' lang='grc' dir='ltr'><strong>θεασάμενος</strong></span> <span class='ocrx_word' id='word_1_700' title='bbox 934 5520 1155 5573; x_wconf 77' lang='grc' dir='ltr'>πώποτε</span> <span class='ocrx_word' id='word_1_701' title='bbox 1203 5521 1331 5590; x_wconf 81' lang='grc' dir='ltr'><strong>(πρδ</strong></span> <span class='ocrx_word' id='word_1_702' title='bbox 1374 5521 1483 5594; x_wconf 74' lang='grc' dir='ltr'>γὰρ</span> <span class='ocrx_word' id='word_1_703' title='bbox 1512 5523 1611 5592; x_wconf 78' lang='grc' dir='ltr'>τῆς</span> <span class='ocrx_word' id='word_1_704' title='bbox 1642 5523 1781 5592; x_wconf 68' lang='grc' dir='ltr'>ἐμῆς</span> 
     </span>
    </p>
   </div>
   <div class='ocr_carea' id='block_1_104' title="bbox 206 5611 1786 5687">
    <p class='ocr_par' dir='ltr' id='par_1_104' title="bbox 206 5611 1786 5687">
     <span class='ocr_line' id='line_1_104' title="bbox 206 5611 1786 5687; baseline -0.004 -15"><span class='ocrx_word' id='word_1_705' title='bbox 206 5616 445 5687; x_wconf 66' lang='grc' dir='ltr'>ἀφίξεως</span> <span class='ocrx_word' id='word_1_706' title='bbox 470 5615 563 5669; x_wconf 80' lang='grc' dir='ltr'>τοῦ</span> <span class='ocrx_word' id='word_1_707' title='bbox 589 5616 703 5687; x_wconf 79' lang='grc' dir='ltr'>βίον</span> <span class='ocrx_word' id='word_1_708' title='bbox 735 5612 1158 5685; x_wconf 83' lang='grc' dir='ltr'>προκατειλήφει</span> <span class='ocrx_word' id='word_1_709' title='bbox 1186 5611 1245 5663; x_wconf 80' lang='grc' dir='ltr'>τὸ</span> <span class='ocrx_word' id='word_1_710' title='bbox 1278 5612 1498 5684; x_wconf 58' lang='grc' dir='ltr'>τέρμα),</span> <span class='ocrx_word' id='word_1_711' title='bbox 1528 5615 1586 5666; x_wconf 85' lang='grc' dir='ltr'><strong>έν</strong></span> <span class='ocrx_word' id='word_1_712' title='bbox 1616 5614 1786 5666; x_wconf 85' lang='grc' dir='ltr'>Πολυ-</span> 
     </span>
    </p>
   </div>
   <div class='ocr_carea' id='block_1_105' title="bbox 207 5700 1783 5779">
    <p class='ocr_par' dir='ltr' id='par_1_105' title="bbox 207 5700 1783 5779">
     <span class='ocr_line' id='line_1_105' title="bbox 207 5700 1783 5779; baseline -0.002 -17"><span class='ocrx_word' id='word_1_713' title='bbox 207 5707 409 5779; x_wconf 77' lang='grc' dir='ltr'>χρονίῳ</span> <span class='ocrx_word' id='word_1_714' title='bbox 446 5706 621 5777; x_wconf 82' lang='grc' dir='ltr'>τούτῳ</span> <span class='ocrx_word' id='word_1_715' title='bbox 650 5706 727 5776; x_wconf 82' lang='grc' dir='ltr'>τῷ</span> <span class='ocrx_word' id='word_1_716' title='bbox 753 5706 902 5761; x_wconf 65' lang='grc' dir='ltr'>πάνυ]</span> <span class='ocrx_word' id='word_1_717' title='bbox 920 5704 1019 5775; x_wconf 80' lang='grc' dir='ltr'>τὴν</span> <span class='ocrx_word' id='word_1_718' title='bbox 1057 5701 1150 5754; x_wconf 81' lang='grc' dir='ltr'>τοῦ</span> <span class='ocrx_word' id='word_1_719' title='bbox 1182 5700 1324 5754; x_wconf 81' lang='grc' dir='ltr'>θείου</span> <span class='ocrx_word' id='word_1_720' title='bbox 1351 5704 1545 5758; x_wconf 78' lang='grc' dir='ltr'>Ζεϐινᾶ</span> <span class='ocrx_word' id='word_1_721' title='bbox 1573 5705 1783 5773; x_wconf 84' lang='grc' dir='ltr'>φιλοσο-</span> 
     </span>
    </p>
   </div>
   <div class='ocr_carea' id='block_1_106' title="bbox 211 5791 1784 5866">
    <p class='ocr_par' dir='ltr' id='par_1_106' title="bbox 211 5791 1784 5866">
     <span class='ocr_line' id='line_1_106' title="bbox 211 5791 1784 5866; baseline 0.001 -18"><span class='ocrx_word' id='word_1_722' title='bbox 211 5798 341 5865; x_wconf 54' lang='grc' dir='ltr'>φίαν</span> <span class='ocrx_word' id='word_1_723' title='bbox 386 5796 513 5866; x_wconf 77' lang='grc' dir='ltr'>ὁρῶ.</span> <span class='ocrx_word' id='word_1_724' title='bbox 553 5796 628 5848; x_wconf 84' lang='grc' dir='ltr'><strong>Οὐ</strong></span> <span class='ocrx_word' id='word_1_725' title='bbox 663 5796 770 5865; x_wconf 82' lang='grc' dir='ltr'><strong>γάρ</strong></span> <span class='ocrx_word' id='word_1_726' title='bbox 799 5794 968 5857; x_wconf 68' lang='grc' dir='ltr'>οὕτως</span> <span class='ocrx_word' id='word_1_727' title='bbox 999 5794 1027 5844; x_wconf 86' lang='grc' dir='ltr'><strong>ό</strong></span> <span class='ocrx_word' id='word_1_728' title='bbox 1051 5791 1217 5861; x_wconf 63' lang='grc' dir='ltr'>κηρὸς</span> <span class='ocrx_word' id='word_1_729' title='bbox 1257 5792 1349 5846; x_wconf 82' lang='grc' dir='ltr'>τοῦ</span> <span class='ocrx_word' id='word_1_730' title='bbox 1381 5794 1663 5851; x_wconf 81' lang='grc' dir='ltr'>δακτυλίου</span> <span class='ocrx_word' id='word_1_731' title='bbox 1694 5798 1784 5850; x_wconf 71' lang='grc' dir='ltr'><strong>τὸν</strong></span> 
     </span>
    </p>
   </div>
   <div class='ocr_carea' id='block_1_107' title="bbox 1881 4608 3448 4694">
    <p class='ocr_par' dir='ltr' id='par_1_107' title="bbox 1881 4608 3448 4694">
     <span class='ocr_line' id='line_1_107' title="bbox 1881 4608 3448 4694; baseline -0.001 -28"><span class='ocrx_word' id='word_1_732' title='bbox 1881 4612 2070 4666; x_wconf 74' lang='lat' dir='ltr'><strong>futtth</strong></span> <span class='ocrx_word' id='word_1_733' title='bbox 2135 4611 2365 4664; x_wconf 83' lang='lat' dir='ltr'><strong>vicinam</strong></span> <span class='ocrx_word' id='word_1_734' title='bbox 2428 4608 2571 4680; x_wconf 90' lang='lat' dir='ltr'><strong>apud</strong></span> <span class='ocrx_word' id='word_1_735' title='bbox 2629 4608 2831 4694; x_wconf 81' lang='lat' dir='ltr'><strong>Cittam</strong></span> <span class='ocrx_word' id='word_1_736' title='bbox 2885 4609 3032 4680; x_wconf 84' lang='lat' dir='ltr'><strong>jusla</strong></span> <span class='ocrx_word' id='word_1_737' title='bbox 3080 4608 3224 4662; x_wconf 88' lang='lat' dir='ltr'><strong>facta</strong></span> <span class='ocrx_word' id='word_1_738' title='bbox 3279 4620 3448 4665; x_wconf 88' lang='lat' dir='ltr'><strong>sunt:</strong></span> 
     </span>
    </p>
   </div>
   <div class='ocr_carea' id='block_1_108' title="bbox 1829 4699 3444 4771">
    <p class='ocr_par' dir='ltr' id='par_1_108' title="bbox 1829 4699 3444 4771">
     <span class='ocr_line' id='line_1_108' title="bbox 1829 4699 3444 4771; baseline 0.001 -16"><span class='ocrx_word' id='word_1_739' title='bbox 1829 4765 1831 4768; x_wconf 7' lang='grc' dir='ltr'><strong>γ</strong></span> <span class='ocrx_word' id='word_1_740' title='bbox 1882 4703 2254 4771; x_wconf 79' lang='lat' dir='ltr'><strong>templumque</strong></span> <span class='ocrx_word' id='word_1_741' title='bbox 2291 4701 2470 4755; x_wconf 83' lang='lat' dir='ltr'><strong>loeulo</strong></span> <span class='ocrx_word' id='word_1_742' title='bbox 2520 4699 2639 4768; x_wconf 83' lang='lat' dir='ltr'><strong>ejus</strong></span> <span class='ocrx_word' id='word_1_743' title='bbox 2690 4700 2986 4753; x_wconf 84' lang='lat' dir='ltr'><strong>maximum</strong></span> <span class='ocrx_word' id='word_1_744' title='bbox 3026 4700 3444 4757; x_wconf 66' lang='lat' dir='ltr'><strong>inrcdiflcarunt.</strong></span> 
     </span>
    </p>
   </div>
   <div class='ocr_carea' id='block_1_109' title="bbox 1878 4785 3451 4860">
    <p class='ocr_par' dir='ltr' id='par_1_109' title="bbox 1878 4785 3451 4860">
     <span class='ocr_line' id='line_1_109' title="bbox 1878 4785 3451 4860; baseline -0.001 -14"><span class='ocrx_word' id='word_1_745' title='bbox 1878 4793 2208 4847; x_wconf 86' lang='lat' dir='ltr'><strong>Curationes</strong></span> <span class='ocrx_word' id='word_1_746' title='bbox 2241 4792 2385 4846; x_wconf 88' lang='lat' dir='ltr'><strong>enim</strong></span> <span class='ocrx_word' id='word_1_747' title='bbox 2429 4790 2679 4845; x_wconf 81' lang='lat' dir='ltr'><strong>diversas</strong></span> <span class='ocrx_word' id='word_1_748' title='bbox 2712 4785 2935 4860; x_wconf 66' lang='lat' dir='ltr'><strong>praestat</strong></span> <span class='ocrx_word' id='word_1_749' title='bbox 2968 4792 3036 4846; x_wconf 89' lang='lat' dir='ltr'><strong>iis</strong></span> <span class='ocrx_word' id='word_1_750' title='bbox 3065 4793 3157 4860; x_wconf 86' lang='lat' dir='ltr'><strong>qui</strong></span> <span class='ocrx_word' id='word_1_751' title='bbox 3193 4809 3314 4846; x_wconf 92' lang='lat' dir='ltr'><strong>cum</strong></span> <span class='ocrx_word' id='word_1_752' title='bbox 3348 4792 3451 4853; x_wconf 70' lang='lat' dir='ltr'><strong>fide</strong></span> 
     </span>
    </p>
   </div>
   <div class='ocr_carea' id='block_1_110' title="bbox 1883 4881 3448 4952">
    <p class='ocr_par' dir='ltr' id='par_1_110' title="bbox 1883 4881 3448 4952">
     <span class='ocr_line' id='line_1_110' title="bbox 1883 4881 3448 4952; baseline 0 -13"><span class='ocrx_word' id='word_1_753' title='bbox 1883 4886 2173 4939; x_wconf 91' lang='lat' dir='ltr'><strong>accedunt.</strong></span> <span class='ocrx_word' id='word_1_754' title='bbox 2226 4881 2340 4937; x_wconf 84' lang='lat' dir='ltr'><strong>Sub</strong></span> <span class='ocrx_word' id='word_1_755' title='bbox 2392 4884 2697 4952; x_wconf 90' lang='lat' dir='ltr'><strong>eodemque</strong></span> <span class='ocrx_word' id='word_1_756' title='bbox 2741 4892 2885 4936; x_wconf 89' lang='lat' dir='ltr'><strong>tecto</strong></span> <span class='ocrx_word' id='word_1_757' title='bbox 2910 4884 3238 4952; x_wconf 87' lang='lat' dir='ltr'><strong>conjunctos</strong></span> <span class='ocrx_word' id='word_1_758' title='bbox 3285 4886 3448 4940; x_wconf 90' lang='lat' dir='ltr'><strong>etiam</strong></span> 
     </span>
    </p>
   </div>
   <div class='ocr_carea' id='block_1_111' title="bbox 1883 4971 3448 5043">
    <p class='ocr_par' dir='ltr' id='par_1_111' title="bbox 1883 4971 3448 5043">
     <span class='ocr_line' id='line_1_111' title="bbox 1883 4971 3448 5043; baseline -0.001 -14"><span class='ocrx_word' id='word_1_759' title='bbox 1883 4991 2031 5030; x_wconf 88' lang='lat' dir='ltr'><strong>nunc</strong></span> <span class='ocrx_word' id='word_1_760' title='bbox 2088 4972 2248 5026; x_wconf 87' lang='lat' dir='ltr'><strong>habet</strong></span> <span class='ocrx_word' id='word_1_761' title='bbox 2301 4982 2590 5042; x_wconf 77' lang='lat' dir='ltr'><strong>martyres,</strong></span> <span class='ocrx_word' id='word_1_762' title='bbox 2632 4972 2726 5041; x_wconf 89' lang='lat' dir='ltr'><strong>qui</strong></span> <span class='ocrx_word' id='word_1_763' title='bbox 2785 4971 2927 5041; x_wconf 90' lang='lat' dir='ltr'><strong>apud</strong></span> <span class='ocrx_word' id='word_1_764' title='bbox 2975 4971 3174 5027; x_wconf 82' lang='lat' dir='ltr'><strong>Persas</strong></span> <span class='ocrx_word' id='word_1_765' title='bbox 3228 4975 3448 5043; x_wconf 90' lang='lat' dir='ltr'><strong>quidem</strong></span> 
     </span>
    </p>
   </div>
   <div class='ocr_carea' id='block_1_112' title="bbox 1883 5060 3445 5131">
    <p class='ocr_par' dir='ltr' id='par_1_112' title="bbox 1883 5060 3445 5131">
     <span class='ocr_line' id='line_1_112' title="bbox 1883 5060 3445 5131; baseline 0 -12"><span class='ocrx_word' id='word_1_766' title='bbox 1883 5065 2251 5125; x_wconf 91' lang='lat' dir='ltr'><strong>decertarunt,</strong></span> <span class='ocrx_word' id='word_1_767' title='bbox 2299 5060 2443 5131; x_wconf 91' lang='lat' dir='ltr'><strong>apud</strong></span> <span class='ocrx_word' id='word_1_768' title='bbox 2498 5075 2600 5114; x_wconf 90' lang='lat' dir='ltr'><strong>nos</strong></span> <span class='ocrx_word' id='word_1_769' title='bbox 2659 5075 2783 5113; x_wconf 74' lang='lat' dir='ltr'><strong>vero</strong></span> <span class='ocrx_word' id='word_1_770' title='bbox 2831 5063 3028 5115; x_wconf 82' lang='lat' dir='ltr'><strong>annuis</strong></span> <span class='ocrx_word' id='word_1_771' title='bbox 3086 5065 3445 5119; x_wconf 80' lang='lat' dir='ltr'><strong>conventibus</strong></span> 
     </span>
    </p>
   </div>
   <div class='ocr_carea' id='block_1_113' title="bbox 1884 5157 2245 5209">
    <p class='ocr_par' dir='ltr' id='par_1_113' title="bbox 1884 5157 2245 5209">
     <span class='ocr_line' id='line_1_113' title="bbox 1884 5157 2245 5209; baseline -0.011 0"><span class='ocrx_word' id='word_1_772' title='bbox 1884 5157 2245 5209; x_wconf 87' lang='lat' dir='ltr'><strong>honorantur.</strong></span> 
     </span>
    </p>
   </div>
   <div class='ocr_carea' id='block_1_114' title="bbox 1954 5242 3458 5315">
    <p class='ocr_par' dir='ltr' id='par_1_114' title="bbox 1954 5242 3458 5315">
     <span class='ocr_line' id='line_1_114' title="bbox 1954 5242 3458 5315; baseline -0.002 -15"><span class='ocrx_word' id='word_1_773' title='bbox 1954 5246 2129 5315; x_wconf 85' lang='lat' dir='ltr'><strong>Hujus</strong></span> <span class='ocrx_word' id='word_1_774' title='bbox 2147 5244 2449 5314; x_wconf 66' lang='lat' dir='ltr'><strong>disciplinae</strong></span> <span class='ocrx_word' id='word_1_775' title='bbox 2475 5244 2742 5314; x_wconf 87' lang='lat' dir='ltr'><strong>particeps</strong></span> <span class='ocrx_word' id='word_1_776' title='bbox 2776 5243 2878 5298; x_wconf 89' lang='lat' dir='ltr'><strong>fuit</strong></span> <span class='ocrx_word' id='word_1_777' title='bbox 2905 5259 3132 5314; x_wconf 80' lang='lat' dir='ltr'><strong>magnus</strong></span> <span class='ocrx_word' id='word_1_778' title='bbox 3150 5242 3458 5312; x_wconf 75' lang='lat' dir='ltr'><strong>Polychru-</strong></span> 
     </span>
    </p>
   </div>
   <div class='ocr_carea' id='block_1_115' title="bbox 1884 5334 3450 5407">
    <p class='ocr_par' dir='ltr' id='par_1_115' title="bbox 1884 5334 3450 5407">
     <span class='ocr_line' id='line_1_115' title="bbox 1884 5334 3450 5407; baseline -0.001 -14"><span class='ocrx_word' id='word_1_779' title='bbox 1884 5340 2048 5394; x_wconf 90' lang='lat' dir='ltr'><strong>nius:</strong></span> <span class='ocrx_word' id='word_1_780' title='bbox 2091 5338 2184 5392; x_wconf 87' lang='lat' dir='ltr'><strong>scd</strong></span> <span class='ocrx_word' id='word_1_781' title='bbox 2221 5345 2276 5390; x_wconf 90' lang='lat' dir='ltr'><strong>ct</strong></span> <span class='ocrx_word' id='word_1_782' title='bbox 2305 5336 2687 5391; x_wconf 83' lang='lat' dir='ltr'><strong>divinissimus</strong></span> <span class='ocrx_word' id='word_1_783' title='bbox 2721 5334 3145 5391; x_wconf 71' lang='lat' dir='ltr'><strong>Jacobuslhunc</strong></span> <span class='ocrx_word' id='word_1_784' title='bbox 3183 5338 3286 5393; x_wconf 89' lang='lat' dir='ltr'><strong>sibi</strong></span> <span class='ocrx_word' id='word_1_785' title='bbox 3342 5339 3450 5407; x_wconf 72' lang='lat' dir='ltr'><strong>pri—</strong></span> 
     </span>
    </p>
   </div>
   <div class='ocr_carea' id='block_1_116' title="bbox 1886 5421 3449 5501">
    <p class='ocr_par' dir='ltr' id='par_1_116' title="bbox 1886 5421 3449 5501">
     <span class='ocr_line' id='line_1_116' title="bbox 1886 5421 3449 5501; baseline -0.001 -13"><span class='ocrx_word' id='word_1_786' title='bbox 1886 5451 2025 5488; x_wconf 92' lang='lat' dir='ltr'><strong>mam</strong></span> <span class='ocrx_word' id='word_1_787' title='bbox 2065 5434 2342 5489; x_wconf 87' lang='lat' dir='ltr'><strong>cilicinam</strong></span> <span class='ocrx_word' id='word_1_788' title='bbox 2381 5422 2621 5488; x_wconf 74' lang='lat' dir='ltr'><strong>t&#39;unicam</strong></span> <span class='ocrx_word' id='word_1_789' title='bbox 2678 5432 2895 5487; x_wconf 85' lang='lat' dir='ltr'><strong>dedisse</strong></span> <span class='ocrx_word' id='word_1_790' title='bbox 2936 5432 3093 5488; x_wconf 80' lang='lat' dir='ltr'><strong>dixit.</strong></span> <span class='ocrx_word' id='word_1_791' title='bbox 3151 5431 3263 5501; x_wconf 80' lang='lat' dir='ltr'><strong>Ego</strong></span> <span class='ocrx_word' id='word_1_792' title='bbox 3298 5421 3449 5498; x_wconf 71' lang='lat' dir='ltr'><strong>vero,</strong></span> 
     </span>
    </p>
   </div>
   <div class='ocr_carea' id='block_1_117' title="bbox 1883 5523 3449 5596">
    <p class='ocr_par' dir='ltr' id='par_1_117' title="bbox 1883 5523 3449 5596">
     <span class='ocr_line' id='line_1_117' title="bbox 1883 5523 3449 5596; baseline -0.001 -18"><span class='ocrx_word' id='word_1_793' title='bbox 1883 5526 1975 5596; x_wconf 90' lang='lat' dir='ltr'><strong>qui</strong></span> <span class='ocrx_word' id='word_1_794' title='bbox 2001 5540 2123 5579; x_wconf 89' lang='lat' dir='ltr'><strong>eum</strong></span> <span class='ocrx_word' id='word_1_795' title='bbox 2152 5540 2429 5594; x_wconf 88' lang='lat' dir='ltr'><strong>nunquam</strong></span> <span class='ocrx_word' id='word_1_796' title='bbox 2460 5524 2568 5577; x_wconf 85' lang='lat' dir='ltr'><strong>vidi</strong></span> <span class='ocrx_word' id='word_1_797' title='bbox 2602 5525 2931 5586; x_wconf 88' lang='lat' dir='ltr'><strong>(decesserat</strong></span> <span class='ocrx_word' id='word_1_798' title='bbox 2961 5524 3103 5577; x_wconf 85' lang='lat' dir='ltr'><strong>enim</strong></span> <span class='ocrx_word' id='word_1_799' title='bbox 3132 5523 3449 5592; x_wconf 84' lang='lat' dir='ltr'><strong>priusquam</strong></span> 
     </span>
    </p>
   </div>
   <div class='ocr_carea' id='block_1_118' title="bbox 1884 5611 3455 5684">
    <p class='ocr_par' dir='ltr' id='par_1_118' title="bbox 1884 5611 3455 5684">
     <span class='ocr_line' id='line_1_118' title="bbox 1884 5611 3455 5684; baseline -0.002 -15"><span class='ocrx_word' id='word_1_800' title='bbox 1884 5611 2171 5684; x_wconf 82' lang='lat' dir='ltr'><strong>venirem),</strong></span> <span class='ocrx_word' id='word_1_801' title='bbox 2201 5616 2254 5668; x_wconf 93' lang='lat' dir='ltr'><strong>in</strong></span> <span class='ocrx_word' id='word_1_802' title='bbox 2291 5618 2389 5669; x_wconf 92' lang='lat' dir='ltr'><strong>hoc</strong></span> <span class='ocrx_word' id='word_1_803' title='bbox 2430 5629 2623 5683; x_wconf 76' lang='lat' dir='ltr'><strong>magno</strong></span> <span class='ocrx_word' id='word_1_804' title='bbox 2650 5614 3011 5684; x_wconf 79' lang='lat' dir='ltr'><strong>Polychronio</strong></span> <span class='ocrx_word' id='word_1_805' title='bbox 3041 5611 3257 5666; x_wconf 71' lang='lat' dir='ltr'><strong>Zehiuaa</strong></span> <span class='ocrx_word' id='word_1_806' title='bbox 3279 5612 3455 5683; x_wconf 79' lang='lat' dir='ltr'><strong>philo-</strong></span> 
     </span>
    </p>
   </div>
   <div class='ocr_carea' id='block_1_119' title="bbox 1888 5699 3449 5777">
    <p class='ocr_par' dir='ltr' id='par_1_119' title="bbox 1888 5699 3449 5777">
     <span class='ocr_line' id='line_1_119' title="bbox 1888 5699 3449 5777; baseline -0.008 -15"><span class='ocrx_word' id='word_1_807' title='bbox 1888 5706 2131 5777; x_wconf 87' lang='lat' dir='ltr'><strong>sophiam</strong></span> <span class='ocrx_word' id='word_1_808' title='bbox 2170 5704 2473 5774; x_wconf 87' lang='lat' dir='ltr'><strong>conspicio.</strong></span> <span class='ocrx_word' id='word_1_809' title='bbox 2508 5701 2618 5757; x_wconf 85' lang='lat' dir='ltr'><strong>Nec</strong></span> <span class='ocrx_word' id='word_1_810' title='bbox 2653 5703 2795 5757; x_wconf 90' lang='lat' dir='ltr'><strong>enim</strong></span> <span class='ocrx_word' id='word_1_811' title='bbox 2841 5701 3026 5753; x_wconf 86' lang='lat' dir='ltr'><strong>annuli</strong></span> <span class='ocrx_word' id='word_1_812' title='bbox 3068 5699 3292 5769; x_wconf 76' lang='lat' dir='ltr'><strong>figuram</strong></span> <span class='ocrx_word' id='word_1_813' title='bbox 3324 5715 3449 5754; x_wconf 79' lang='lat' dir='ltr'><strong>cera</strong></span> 
     </span>
    </p>
   </div>
   <div class='ocr_carea' id='block_1_120' title="bbox 1888 5791 3447 5865">
    <p class='ocr_par' dir='ltr' id='par_1_120' title="bbox 1888 5791 3447 5865">
     <span class='ocr_line' id='line_1_120' title="bbox 1888 5791 3447 5865; baseline -0.004 -13"><span class='ocrx_word' id='word_1_814' title='bbox 1888 5798 1964 5852; x_wconf 85' lang='lat' dir='ltr'><strong>sic</strong></span> <span class='ocrx_word' id='word_1_815' title='bbox 1987 5797 2259 5865; x_wconf 58' lang='lat' dir='ltr'><strong>exprimit,</strong></span> <span class='ocrx_word' id='word_1_816' title='bbox 2293 5805 2348 5849; x_wconf 92' lang='lat' dir='ltr'><strong>ut</strong></span> <span class='ocrx_word' id='word_1_817' title='bbox 2384 5794 2469 5849; x_wconf 84' lang='lat' dir='ltr'><strong>hic</strong></span> <span class='ocrx_word' id='word_1_818' title='bbox 2502 5795 2649 5848; x_wconf 88' lang='lat' dir='ltr'><strong>illius</strong></span> <span class='ocrx_word' id='word_1_819' title='bbox 2680 5794 3025 5848; x_wconf 86' lang='lat' dir='ltr'><strong>characteres</strong></span> <span class='ocrx_word' id='word_1_820' title='bbox 3060 5791 3222 5846; x_wconf 79' lang='lat' dir='ltr'><strong>refert</strong></span> <span class='ocrx_word' id='word_1_821' title='bbox 3258 5811 3269 5843; x_wconf 87' lang='lat'><strong>:</strong></span> <span class='ocrx_word' id='word_1_822' title='bbox 3304 5792 3447 5861; x_wconf 89' lang='lat' dir='ltr'><strong>quod</strong></span> 
     </span>
    </p>
   </div>
  </div>
