4216 6456
784 364 921 428 ιιδθ

1708 368 2197 429 THEODORETI
2229 367 2567 429 EPISCOPI
2604 369 2968 431 CYRENSIS

3891 367 4033 430 1460

774 474 995 543 quidem
1032 480 1216 542 aperte
1236 473 1508 544 comperi,
1550 489 1614 529 ea
1648 492 1770 545 quae
1811 476 1879 532 de
1910 476 2005 530 illo
2052 484 2352 531 narrantur
2380 480 2425 539 Α

2380 480 2425 539 Α
2452 476 2624 530 τύπον
2643 479 2996 547 ἐκμάττεται,
3033 478 3107 542 ὡς
3144 472 3297 542 οὗτος
3336 479 3545 532 ἐκείνου
3589 478 3873 549 περιφέρει
3902 482 4031 544 τοὺς

774 580 900 620 cum
931 566 996 620 iis
1016 580 1138 635 qum
1180 564 1249 619 ab
1273 565 1376 621 hoc
1415 565 1551 621 ﬁunt
1598 582 1950 637 comparans.
1983 566 2175 621 Divino
2199 566 2348 620 enim

774 671 960 710 amore
1005 656 1256 712 similiter
1290 654 1503 727 ﬂagrat,
1531 666 1585 713 ct
1615 660 1852 714 terrenis
1882 660 2049 715 rebus
2085 659 2348 715 omnibus

773 748 1026 815 superior
1053 757 1159 811 est,
1214 763 1556 820 corporeque
1601 750 1866 807 astrictus
1892 755 1909 772 '
1939 752 2141 805 alatam
2177 750 2341 805 habet

772 840 1033 901 animam,
1073 856 1193 906 qua!
1224 852 1278 896 et
1310 858 1436 896 aera
1463 850 1517 897 et
1553 842 1759 898 mthera
1793 851 2058 914 permeat,
2091 851 2146 899 et
2180 858 2346 913 supra

770 933 941 987 cmlos
963 935 1251 998 attollitur,
1284 935 1578 1006 divinaque
1629 938 1684 992 in
1711 936 2175 1006 contemplatione
2204 936 2348 991 assi-

769 1026 878 1079 due
909 1034 1177 1080 versatur.
1221 1024 1333 1081 Nec
1359 1029 1747 1097 cogitationem
1771 1028 1893 1082 inde
1919 1043 2161 1097 unquam
2186 1028 2347 1082 avelli

772 1114 1017 1183 patitur:
1058 1115 1151 1168 sed
1190 1127 1305 1169 tum
1346 1118 1508 1170 etiam
1539 1132 1662 1171 cum
1700 1118 1981 1173 venientes
2020 1117 2344 1187 alloquitur.

771 1204 1016 1258 caalestia
1058 1205 1376 1261 meditatur.
1437 1205 1569 1274 Ejus
1598 1216 1781 1262 autem
1831 1216 2125 1277 perpetuas
2168 1212 2346 1264 noctis

770 1295 1004 1366 vigilias.
1048 1298 1426 1365 stationesque
1480 1297 1608 1350 hinc
1656 1297 2017 1367 deprehendi.
2049 1297 2185 1353 Nam
2217 1314 2344 1353 cum

771 1386 921 1441 illum
954 1387 1215 1452 viderem,
1251 1398 1305 1440 et
1339 1388 1496 1441 senio
1528 1388 1689 1441 simul
1722 1397 1773 1442 et
1800 1388 2079 1442 debilitate
2113 1403 2340 1458 oppres-

770 1492 916 1541 sum,
937 1480 1087 1531 nullo
1111 1494 1341 1547 prorsus
1370 1477 1633 1532 famulatu
1655 1479 1950 1540 sublevari.
1968 1496 2109 1547 saepe
2134 1480 2345 1534 orando

771 1570 1043 1637 persuasi,
1072 1579 1129 1624 ut
1160 1569 1299 1624 duos
1324 1571 1377 1623 in
1413 1570 1858 1629 contubernium.
1884 1585 2118 1640 quorum
2144 1571 2345 1626 solatio

771 1659 1068 1723 frueretur,
1102 1662 1429 1714 admitteret.
1470 1661 1533 1714 Et
1558 1661 1687 1730 quia
1722 1661 1936 1732 1260
1970 1662 2117 1717 viros
2141 1662 2344 1717 virtute

770 1750 950 1804 claros
980 1751 1225 1819 expetiit,
1274 1753 1365 1821 qui
1407 1752 1639 1807 seorsim
1674 1752 1728 1805 in
1765 1754 1875 1804 alio
1913 1752 2179 1822 degebant
2221 1768 2343 1806 mo-

2449 567 2824 640 χαρακτῆρας.
2853 570 2962 622 Καὶ
2990 568 3148 622 τοῦτο
3169 566 3289 624 οἶδα
3317 569 3525 638 σαφῶς,
3560 568 3631 622 τὰ
3661 572 3788 638 περὶ
3818 571 4030 622 ἐκείνου

2446 656 2760 729 διηγήματα
2793 663 2905 723 τοῖς
2933 661 3037 713 ὑπὸ
3074 660 3265 715 τούτου
3308 660 3649 730 γιγνομένοις
3689 661 4030 730 παρατιθείς.

2459 748 2690 819 Ὁμοίως
2728 750 2837 822 γὰρ
2886 750 2963 821 τῷ
3016 752 3142 823 θείῳ
3179 752 3535 823 πυρπολεῖται
3571 752 3741 822 πόθῳ,
3781 754 3878 806 καὶ
3918 753 4030 803 τῶν

2445 842 2650 911 γηΐνων
2687 844 2855 896 ἐστὶν.
2881 844 3137 898 ἀπάντων
3169 846 3503 917 ὑπέρτερος·
3551 845 3646 898 καὶ
3692 843 3770 915 τῷ
3813 843 4031 914 σώματι

2447 935 2888 1004 προσδεδεμένος,
2919 935 3223 1007 ὑπόπτερον
3254 936 3367 1006 ἔχει
3404 936 3585 1007 ψυχὴν
3605 977 3619 1000 ,
3663 937 3757 989 καὶ
3795 935 4032 1005 διαπερᾷ

2446 1027 2541 1078 καὶ
2573 1026 2663 1081 τὸν
2686 1027 2821 1097 ἀέρα
2851 1028 2943 1079 καὶ
2973 1028 3065 1080 τὸν
3091 1026 3306 1097 αἰθέρα,
3339 1029 3435 1080 καὶ
3470 1026 3580 1080 τῶν
3610 1026 3854 1097 οὐρανῶν
3886 1025 4030 1095 ὑψη-

2446 1116 2661 1187 λότερος
2683 1119 2910 1186 γίνεται,
2935 1120 3030 1171 καὶ
3048 1119 3147 1189 τὴν
3170 1117 3320 1171 θείαν
3341 1117 3604 1187 διηνεκῶς
3635 1117 3869 1189 θεωρίαν
3892 1134 4033 1183 φαν-

2443 1206 2683 1271 τάζεται.
2720 1206 2826 1258 Καὶ
2859 1205 2919 1258 οὔ
2948 1223 3077 1259 ποτε
3104 1205 3392 1259 καθέλκειν
3418 1204 3626 1259 ὲκεῖθεν
3658 1204 3911 1274 ἀνέχεται
3928 1202 4032 1274 τὴν

2442 1296 2704 1350 διάνοιαν·
2737 1298 2873 1350 ἀλλὰ
2895 1298 2985 1349 καὶ
3010 1296 3530 1367 προσδιαλεγόμενος
3561 1297 3673 1354 τοῖς
3695 1292 4029 1362 ἀφικνουμέ-

2442 1404 2572 1454 νοις,
2605 1388 2674 1441 τά
2728 1389 2840 1443 ἀνω
2893 1387 3194 1458 περιπολεῖ.
3242 1386 3354 1455 Τὴν
3408 1386 3465 1438 δὲ
3524 1383 3815 1454 παννύχιον
3858 1380 4029 1435 αὐτοῦ

2442 1479 2771 1549 ἀγρυπνίαν,
2812 1478 2906 1531 καὶ
2936 1478 3144 1544 στάσιν,
3174 1477 3425 1530 ἐντεῦθεν
3477 1475 3791 1546 μεμάθηκα,
3850 1472 4030 1541 Ὀρῶν

2442 1572 2550 1643 γάρ
2582 1572 2766 1638 αὑτὸν,
2805 1574 2897 1627 καὶ
2924 1573 3070 1642 γήρᾳ
3099 1572 3240 1624 κατά
3270 1570 3467 1624 ταυτὸν
3496 1570 3589 1624 καὶ
3637 1569 3888 1637 ἀσθενείᾳ
3917 1583 4030 1620 πα-

2440 1662 2681 1726 λαίοντα,
2708 1665 2803 1717 καὶ
2828 1663 3120 1734 θεραπείας
3142 1662 3263 1715 ούδὲ
3288 1664 3417 1733 μιᾶς
3444 1659 3806 1722 ἀπολαύοντα,
3829 1657 4030 1710 ἔπεισα

2440 1752 2752 1825 λιπαρήσας
2796 1755 3057 1817 πολλάκις
3082 1754 3175 1807 δύο
3204 1754 3485 1817 συνοίκους
3532 1752 3715 1805 λαϐεῖν
3738 1790 3754 1814 ,
3807 1749 4027 1819 καὶτῆς

770 1842 1036 1905 nasterio,
1072 1843 1158 1897 bis
1192 1859 1411 1913 quoque
1433 1843 1777 1896 admirandis
1818 1844 1949 1897 viris
1979 1844 2251 1913 persuasi,
2282 1853 2340 1897 ut
2372 1828 2416 1884 Β

2372 1828 2416 1884 Β
2445 1846 2596 1916 παρά
2632 1846 2837 1899 τούτων
2862 1846 3190 1917 παραψυχῆς
3223 1844 3540 1898 ἀπολαύειν.
3586 1842 3802 1912 Ἐπειδὴ
3829 1842 3889 1894 δὲ
3927 1841 4027 1894 ἀν-

767 1934 939 1987 diviui
968 1935 1208 1988 hominis
1239 1936 1562 2005 obsequium
1602 1935 1858 1989 omnibus
1884 1934 2241 1990 anteferrent.
2272 1935 2339 1989 Hi

767 2041 898 2080 vero
935 2042 1059 2080 cum
1086 2028 1232 2081 brevi
1264 2036 1508 2096 tempore
1536 2042 1662 2080 cum
1694 2028 1790 2080 illo
1816 2027 2177 2093 babitassent,
2208 2043 2341 2084 con-

766 2117 979 2170 tinuam
1012 2119 1189 2172 noctis
1226 2120 1518 2174 stationem
1544 2135 1651 2172 non
1678 2117 1916 2172 ferentes
1949 2118 2137 2189 fugere
2155 2119 2339 2173 conati

767 2218 917 2262 sunt.
955 2210 1167 2263 Etcum
1198 2211 1375 2263 virum
1423 2222 1660 2271 orarent.
1698 2220 1755 2263 ut
1778 2211 2019 2265 laborem
2054 2211 2344 2266 imbecilli—

766 2312 875 2356 tate
906 2304 1155 2372 corporis
1180 2304 1496 2359 metiretur:
1526 2322 1543 2353 ι
1568 2301 1687 2357 Νοιι
1720 2305 1925 2368 solum,
1957 2306 2034 2358 ait
2064 2303 2196 2366 illis,
2228 2319 2337 2358 non

764 2407 904 2462 cogo
946 2403 1004 2447 ut
1044 2396 1335 2448 stationem
1376 2409 1589 2448 mecum
1638 2394 2007 2458 continuetis,
2046 2395 2141 2449 sed
2168 2394 2340 2464 jubeo

765 2500 907 2552 saepe
934 2494 991 2538 ut
1024 2486 1383 2541 dccumbatis.
1418 2506 1436 2538 ι
1470 2490 1537 2540 At
1570 2488 1682 2541 illi:
1728 2506 1747 2537 ι
1786 2487 1853 2541 Ει
1886 2488 1979 2556 qui
2017 2502 2337 2558 possumus,

765 2577 1041 2639 dicebant,
1078 2586 1261 2633 stante
1305 2579 1399 2633 illo
1432 2579 1523 2649 qui
1575 2580 1629 2633 in
1687 2580 1970 2636 laboribus
2022 2580 2338 2649 consenuit,

764 2669 1125 2736 corporisque
1152 2669 1581 2723 imbecillitatem
1620 2680 2025 2733 eoutemnente,
2047 2672 2340 2727 decumbe-

766 2772 825 2811 re
860 2774 982 2822 nos,
1006 2759 1099 2828 qui
1133 2769 1188 2814 et
1219 2760 1429 2815 viribus
1463 2761 1713 2830 inti-gris,
1746 2770 1801 2816 et
1831 2763 1885 2815 in
1938 2763 2114 2818 media
2146 2779 2340 2821 sumus

763 2848 955 2912 atate?
986 2867 1005 2900 ι
1046 2849 1152 2903 Sed
1186 2850 1485 2904 venerandi
1516 2852 1648 2905 inibi
1674 2852 1870 2922 capitis
1916 2863 2220 2908 nocturnos
2257 2855 2340 2908 la-

765 2941 927 2996 bores
952 2942 1035 2995 sic
1073 2941 1262 2996 didici.
1290 2940 1407 2996 Viri
1447 2952 1629 2998 autem
1671 2942 1759 2998 isti
1797 2951 2001 2997 tantam
2044 2945 2148 3000 sibi
2180 2946 2339 2999 dein-

764 3045 895 3101 ceps
943 3032 1197 3087 virtutem
1256 3048 1539 3103 paravere,
1588 3043 1649 3089 ut
1683 3021 1928 3090 eamdem
1981 3053 2105 3092 cum
2142 3053 2340 3109 magno

766 3138 898 3179 sene
937 3123 1338 3194 philosophiam
1373 3125 1569 3179 sectati
1607 3125 1740 3180 sint.
1774 3124 1840 3179 Et
1883 3124 2061 3204 Moses
2090 3125 2334 3196 quidem,

766 3216 849 3269 sic
900 3215 1047 3270 enim
1099 3217 1430 3286 appellatur,
1482 3233 1658 3287 usque
1702 3218 1759 3272 in
1806 3218 2134 3272 hodiernum
2191 3218 2336 3272 diem

766 3315 1071 3379 permanet,
1110 3322 1327 3361 omnem
1379 3309 1456 3362 illi
1504 3316 1763 3377 tanquam
1812 3311 1951 3379 patri
2001 3325 2065 3363 ac
2116 3311 2342 3364 domino

768 3396 1091 3450 [annulatqu
1121 3398 1482 3461 exhibens,et
1505 3400 1806 3453 radiantem
1832 3415 1897 3454 ex
1925 3416 2081 3455 sacra
2110 3402 2201 3454 illa
2231 3402 2342 3455 aui-

768 3506 855 3545 ma
885 3491 1140 3546 virtutem
1170 3490 1463 3561 diligenter
1495 3492 1832 3560 exprimens.
1865 3492 2165 3546 Damianus
2191 3507 2339 3555 vero,

768 3580 914 3647 quod
959 3581 1117 3635 alteri
1170 3596 1370 3635 nomen
1410 3589 1515 3645 est,
1554 3582 1607 3634 in
1648 3581 1839 3635 urbem
1874 3582 2167 3647 quamdam
2194 3581 2340 3635 haud

772 3672 959 3738 procul
993 3671 1287 3727 distantem
1323 3671 1627 3743 profectus,
1654 3687 1817 3741 quam
1861 3671 2083 3725 Niaram
2117 3682 2338 3736 vocant,

771 3777 1103 3835 parvamque
1156 3763 1545 3817 domunculam
1597 3765 1661 3815 ad
1715 3778 1873 3816 areas
1925 3771 2141 3826 nactus,
2176 3762 2231 3815 in
2278 3777 2343 3817 ea

767 3850 933 3921 degit,
981 3853 1172 3907 eodem
1208 3853 1396 3907 vivens
1451 3853 1708 3907 instituto
1740 3872 1753 3906 :
1794 3854 1931 3907 adeo
1963 3862 2021 3906 ut
2059 3855 2154 3921 qui
2190 3854 2341 3908 hunc

767 3950 819 3992 et
844 3941 995 3995 illum
1030 3950 1177 3999 recte
1202 3950 1423 4005 norunt,
1461 3942 1613 3995 illum
1647 3944 1944 4007 intuentes,
1970 3945 2153 4011 magni
2179 3941 2339 4013 Poly-

767 4031 982 4090 chronii
1006 4030 1244 4083 animam
1266 4032 1376 4085 alio
1396 4031 1450 4083 in
1470 4046 1699 4099 corpore
1730 4048 1787 4086 sc
1804 4030 1987 4085 videre
2002 4032 2338 4087 existiment.

772 4121 968 4176 liadem
1000 4121 1147 4174 enim
1172 4130 1224 4175 et
1247 4122 1592 4190 simplicitas,
1624 4130 1677 4175 et
1707 4123 2095 4185 mansuetudo,
2130 4131 2185 4177 et
2220 4138 2340 4177 mo-

768 4214 1033 4277 destia,et
1076 4215 1353 4269 sermonis
1379 4215 1597 4275 lenitas.
1631 4224 1685 4267 et
1711 4230 2043 4285 congressus
2076 4216 2338 4282 suavitas,

768 4314 821 4358 et
852 4304 1020 4356 animi
1057 4304 1360 4372 vigilantia,
1391 4313 1445 4358 et
1480 4306 1869 4373 contemplatio
1906 4303 2022 4367 Dei,
2055 4314 2109 4357 et
2153 4306 2339 4368 statio.

770 4395 943 4455 labor,
989 4394 1197 4461 vigilia,
1238 4394 1417 4455 cibus,
1459 4404 1513 4447 et
1554 4393 1621 4446 ad
1654 4394 1823 4463 legem
1864 4395 2105 4449 divinam
2149 4406 2340 4449 exacta

2439 1939 2572 2008 δρας
2598 1938 2766 2008 ἀρετῇ
2789 1938 3103 2007 λάμποντας
3136 1936 3327 2007 ᾔτησε,
3364 1935 3483 1988 καθ’
3516 1933 3742 1995 ἑαυτοὺς
3774 1933 3829 1983 ὲν
3852 1931 4028 2000 ἑτέρῳ

2443 2029 2745 2095 ίδιάξοντας
2794 2030 3215 2102 φροντιστηρίῳ,
3264 2028 3459 2081 ἔπεισα
3505 2027 3631 2088 τοὺς
3680 2024 4026 2094 θαυμασίους

2440 2124 2703 2186 ἐκείνους.
2754 2124 2971 2177 πάντων
3012 2122 3337 2193 προελέσθαι
3388 2121 3534 2173 θείου
3577 2119 3865 2189 ἀνθρώπου
3920 2117 4025 2184 τὴν

2441 2214 2757 2286 θεραπείαν.
2790 2212 2951 2268 Οὗτοι
2987 2214 3192 2284 βραχὺν
3224 2211 3372 2281 αὐτῷ
3397 2210 3783 2278 συγγενόμενοι
3804 2208 4021 2277 χρόνον,

2441 2310 2631 2377 φυγεῖν
2655 2306 3047 2378 ἐπειράθησαν,
3077 2305 3173 2375 τὴν
3212 2303 3502 2373 παννύχιον
3530 2303 3718 2355 στάσιν
3743 2300 3843 2351 ούκ
3874 2301 4027 2367 ὲνεγο

2441 2400 2647 2463 κόντες.
2697 2398 2915 2465 Ἐπειδὴ
2943 2398 2998 2451 δὲ
3025 2398 3115 2450 τόν
3157 2397 3295 2449 θεῖον
3327 2396 3497 2465 ἄνδρα
3533 2393 3775 2445 ἱκέτευον
3814 2394 3883 2461 τῇ
3921 2390 4022 2443 τοῦ

2441 2490 2694 2561 σώματος
2717 2489 2969 2559 ἀσθενείᾳ
3007 2488 3274 2559 μετρῆσαι
3307 2487 3396 2539 τὸν
3436 2487 3616 2550 πόνον,
3672 2503 3690 2535 ι
3726 2484 3800 2535 Ού
3833 2483 4018 2552 μόνον,

2441 2587 2543 2658 ἔφη
2575 2588 2777 2650 αὐτοῖς,
2811 2587 2871 2638 ού
2915 2583 3169 2655 βιάζομαι
3195 2580 3459 2653 διηνεκῶς
3504 2581 3780 2632 κοινωνεῖν
3807 2595 3897 2648 μοι
3917 2577 4020 2647 τῆς

2442 2678 2705 2741 στάσεως,
2740 2676 2876 2730 ἀλλά
2904 2671 3323 2728 κατακλίνεσθαι
3345 2670 3603 2732 πολλάκις
3636 2667 3953 2738 παρεγγυῶ.
3994 2686 4014 2717 ι

2441 2770 2504 2822 Ol
2527 2770 2580 2822 δὲ
2606 2808 2622 2831 ,
2668 2787 2687 2819 ι
2716 2769 2824 2820 Καὶ
2855 2765 2973 2829 πῶς
3000 2766 3069 2819 ἂν
3086 2761 3406 2833 δυναίμεθα,
3439 2761 3644 2828 ἔλεγον,
3688 2758 3783 2810 τοῦ
3821 2760 3881 2809 ὲν
3918 2757 4020 2810 πό·

2440 2878 2553 2923 νοις
2596 2858 2969 2929 γεγηρακότος
3003 2855 3273 2918 ἑστῶτος,
3323 2855 3416 2907 καὶ
3468 2854 3569 2921 τῆς
3621 2849 3715 2903 τοῦ
3763 2848 4020 2918 σώματος

2442 2955 2723 3018 ἀσθενείας
2749 2951 3233 3024 καταφρονοῦντος,
3260 2945 3676 3003 κατακλίνεσθαι
3705 2944 3896 3014 ἄνδρες
3925 2944 4023 2996 καίΙ

2443 3047 2774 3114 ὑγιαίνοντες
2826 3046 2920 3097 καὶ
2969 3044 3259 3112 μεσοῦντες
3289 3038 3368 3110 τῷ
3398 3038 3601 3110 χρόνῳς
3643 3057 3661 3089 ι
3711 3035 3875 3089 Ἀλλὰ
3924 3036 4026 3104 τῆς

2448 3138 2545 3208 μὲν
2570 3137 2871 3206 σεϐασμίας
2904 3136 3027 3206 ἐμοὶ
3056 3132 3298 3202 κεφαλῆς
3321 3130 3464 3183 οὕτω
3505 3130 3629 3190 τοὺς
3668 3131 4027 3195 νυκτερινοὺς

2445 3228 2754 3297 κατέμαθον
2779 3228 2994 3289 πόνους.
3029 3226 3092 3277 0i
3125 3223 3181 3276 δὲ
3220 3222 3413 3292 ἀνδρες
3442 3212 3588 3273 οὗτοι
3630 3217 3906 3287 τοσαύτην
3946 3218 4025 3286 τῷ

2444 3320 2620 3390 χρόνῳ
2647 3316 2980 3386 προσέλαϐον
3009 3315 3231 3385 ἀρετὴν,
3257 3314 3333 3375 ὼς
3364 3312 3463 3382 τὴν
3497 3310 3664 3379 αὐτὴν
3688 3308 3767 3376 τῷ
3797 3307 4029 3377 μεγάλῳ

2441 3413 2614 3481 τούτῳ
2650 3410 2889 3480 μετιέναι
2912 3406 3247 3474 φιλοσοφίαν.
3280 3404 3432 3456 Καὶό
3461 3403 3559 3470 μὲν
3581 3400 3820 3467 Μωῦσῆς
3841 3397 4026 3465 (τοῦτο

2444 3506 2551 3573 γὰρ
2591 3503 2737 3571 αύτῷ
2763 3502 2953 3569 ὄνομα)
2989 3500 3145 3569 μέχρι
3188 3495 3284 3550 τοῦ
3322 3494 3586 3563 παρόντος
3623 3491 3882 3560 διέμεινε,
3921 3490 4025 3539 πᾶ-

2446 3610 2541 3645 σαν
2572 3592 2646 3653 ὼς
2696 3592 2860 3659 πατρὶ
2907 3589 2997 3641 καὶ
3054 3586 3289 3653 δεσπότῃ
3330 3582 3625 3652 θεραπείαν
3667 3578 4021 3649 προσφέρων,

2445 3683 2538 3735 καὶ
2570 3682 2669 3749 τὴν
2698 3678 3112 3748 ἀστράπτουσαν
3140 3679 3203 3726 ἐκ
3244 3673 3345 3741 τῆς
3393 3674 3542 3741 ἱερᾶς
3591 3671 3807 3738 ἐκείνης
3840 3668 4023 3737 ψυχῆς

2443 3773 2644 3844 ἀρετὴν
2695 3769 3115 3839 ἐκματτόμενος.
3156 3766 3215 3817 '0
3261 3765 3317 3817 δὲ
3357 3763 3626 3832 Δαμιανὸς
3673 3760 3853 3830 (τοῦτο
3910 3760 4022 3829 γὰρ

2443 3866 2612 3933 όνομα
2646 3861 2722 3931 τῷ
2754 3861 2969 3928 ἑτέρῳ),
3012 3858 3165 3909 πόλιν
3205 3857 3326 3909 τινὰ
3367 3854 3706 3914 καταλαϐὼν,
3738 3854 3799 3905 ού
3827 3855 4022 3922 πόρρω

2448 3954 2797 4023 διακειμένην
2828 3950 3030 4021 (Νιαρά
3057 3949 3113 4001 δὲ
3148 3947 3317 4017 ὃνομα
3349 3946 3581 4016 ταύτῃ),
3610 3943 3704 3996 καὶ
3733 3942 3888 4012 παρά
3920 3943 4018 4005 τὰς

2444 4048 2586 4108 ἀλως
2617 4044 2810 4113 μικρόν
2842 4059 2965 4094 τινα
2989 4041 3230 4093 οἰκίσκον
3258 4037 3435 4107 εὑρὼν
3459 4078 3473 4100 ,
3507 4039 3562 4089 ὲν
3590 4036 3783 4104 ἐκείνῳ
3816 4035 4017 4101 διάγει,

2441 4138 2539 4208 τὴν
2564 4136 2731 4205 αὐτὴν
2781 4133 2981 4204 μετιὼν
3010 4132 3107 4202 τὴν
3160 4130 3455 4194 πολιτείαν,
3513 4129 3582 4190 ὡς
3610 4129 3737 4190 τοὺς
3770 4125 4019 4195 ἀκριϐῶς

2442 4228 2628 4281 τοῦτον
2660 4227 2905 4278 κάκεῖνον
2935 4223 3348 4292 ἐπισταμένους,
3374 4219 3680 4288 θεωμένους
3709 4217 3895 4280 αὐτὸν,
3919 4215 4020 4285 τὴν

2441 4318 2535 4370 τοῦ
2585 4316 2821 4387 μεγάλου
2875 4314 3233 4383 Πολυχρονίου
3279 4310 3456 4381 ψυχὴν
3507 4307 3915 4378 ὑπολαμϐάνειν
3959 4308 4020 4360 ἐν

2443 4410 2615 4478 ἑτέρῳ
2646 4406 2859 4476 σώματι
2906 4404 3151 4475 θεωρεῖν.
3216 4404 3282 4456 Ἡ
3308 4402 3415 4472 γάρ
3461 4399 3599 4469 αὑτὴ
3627 4402 3719 4451 καὶ
3753 4397 4019 4466 ἁπλότης,

769 4492 1081 4555 paupertas.
1126 4483 1335 4553 1261
1364 4482 1566 4539 Pt'aater
1595 4486 1847 4550 exiguam
1880 4487 2081 4555 quippe
2120 4498 2335 4555 sportu-
2369 4515 2413 4570 υ
2443 4499 2537 4551 καὶ
2568 4497 2829 4567 πραότης,
2864 4498 2958 4549 καὶ
2984 4496 3295 4565 μετριότης,
3314 4494 3409 4547 καὶ
3431 4492 3525 4544 τοῦ
3550 4490 3864 4559 φθέγματος
3890 4490 4022 4557 ἠμε-

764 4577 897 4635 lam,
926 4589 1047 4643 qua:
1085 4574 1284 4628 lentem
1322 4575 1488 4628 habet
1531 4574 1910 4635 madefactam,
1944 4579 1960 4597 ¹
1994 4576 2129 4629 nihil
2157 4587 2243 4631 est
2282 4578 2334 4630 iu

762 4665 885 4736 ejus
923 4664 1257 4731 habitacula.
1279 4664 1510 4727 Tantam
1548 4666 1636 4721 ille
1668 4682 1733 4720 ex
1764 4668 1942 4737 magni
1990 4666 2334 4739 Polyelirouii

765 4758 1167 4811 consuetudine
1192 4755 1483 4811 utilitatem
1522 4757 1785 4827 perc‘epit.
1829 4758 1939 4827 Ego
1978 4776 2107 4813 vero
2148 4762 2337 4814 relicto

764 4845 1038 4918 discipulo
1090 4848 1322 4918 gradum
1355 4848 1585 4903 referam
1611 4850 1679 4904 ad
1711 4853 2061 4919 magistrum.
2085 4852 2157 4904 hx
2190 4853 2340 4911 fonte

764 4938 1038 5010 siquidem
1077 4940 1178 4993 rivi
1207 4938 1408 4994 ﬂuenta
1438 4940 1775 4994 deducentes
1812 4957 2007 5009 aquam
2037 4947 2337 5012 acripittttt.

2442 4591 2625 4659 ρότης,
2657 4590 2749 4642 καὶ
2778 4587 3062 4648 συνουσίας
3094 4584 3387 4655 γλυκύτης,
3437 4583 3765 4654 ὲγρήγορσίς
3821 4596 3883 4631 τε
3920 4579 4020 4645 τῆς

2440 4681 2638 4750 ψυχῆς,
2686 4681 2780 4733 καὶ
2828 4678 2923 4731 τοῦ
2968 4676 3103 4731 Θεοῦ
3157 4676 3505 4744 κατανόησις,
3534 4675 3628 4727 καὶ
3670 4672 3882 4733 στάσις,
3925 4672 4020 4721 καὶ

2445 4772 2625 4834 πόλος,
2661 4771 2753 4821 καὶ
2784 4767 3085 4838 ἀγρυπνία,
3135 4768 3227 4819 καὶ
3278 4763 3475 4834 τροφὴ.
3528 4761 3622 4813 καί
3659 4761 3692 4828 ἡ
3744 4758 3886 4810 κατά
3918 4755 4018 4824 τὴν

2442 4864 2591 4916 θείαν
2638 4861 2958 4931 νομοθεσίαν
3004 4856 3376 4927 ἀκτημοσύνη.
3427 4852 3571 4922 Πλὴν
3602 4849 3712 4921 γάρ
3759 4848 4018 4917 σπυρίδος

2446 4955 2647 5024 μικρᾶς
2672 4995 2686 5017 ,
2727 4954 2817 5005 τὸν
2869 4951 3095 5022 βρεκτὺν
3148 4948 3375 5019 ἐχούσης
3405 4944 3597 5015 φακὸν,
3626 4943 3777 4995 οὐδὲν
3817 4941 3930 5011 ἔχει
3955 4941 4018 4993 τὸ

764 5029 1128 5098 καταγώγιον.
1165 5028 1445 5097 Τοσαύτην
1473 5027 1739 5096 ὠφέλειαν
1762 5031 1824 5081 ἐκ
1846 5030 1945 5099 τῆς
1974 5032 2069 5085 τοῦ
2102 5038 2337 5104 μεγάλου
2379 5043 2736 5113 Πολυχρονίου
2769 5039 3052 5103 συνουσίας
3082 5039 3357 5092 ἀπώνατο.
3392 5036 3537 5104 Ἐγὼ
3568 5036 3625 5088 δὲ
3683 5034 3773 5087 τὸν
3836 5034 4017 5103 μαθη-

764 5123 862 5193 τὴν
887 5120 1221 5185 καταλιπὼν,
1262 5123 1355 5175 ἐπὶ
1390 5123 1480 5175 τὸν
1528 5122 1843 5176 διδάσκαλον
1884 5126 2156 5197 ἐπανήξω.
2208 5132 2338 5186 Ἀπὸ
2374 5137 2483 5206 γὰρ
2512 5136 2610 5201 τῆς
2638 5134 2817 5205 πηγῆς
2843 5136 2871 5186 ό
2894 5132 3115 5201 κρουνὸς
3139 5130 3248 5198 ἔχει
3270 5129 3330 5180 τὸ
3354 5130 3519 5197 νᾶμα.

836 5213 936 5264 Hic
972 5212 1163 5280 igitur,
1194 5212 1422 5280 expulsa
1464 5228 1529 5265 ex
1571 5213 1757 5265 animo
1791 5230 1916 5266 cum
1945 5218 2156 5276 caeteris
2188 5220 2338 5275 vitiis

766 5303 1071 5372 cupiditate
1107 5305 1333 5359 honoris
1352 5342 1367 5367 ,
1393 5304 1685 5374 inanisque
1709 5306 1897 5374 gloria:
1920 5310 2126 5363 calcata
2152 5320 2339 5382 tyran-

766 5394 929 5457 nide,
971 5395 1191 5459 labores.
1217 5410 1350 5450 suos
1391 5411 1608 5466 semper
1634 5399 1913 5452 occultare
1951 5402 2228 5458 studebat.
2260 5410 2337 5460 Ac

768 5484 975 5538 l'errum
1019 5484 1244 5554 quidem
1290 5494 1505 5555 gestare
1555 5486 1781 5549 abnuit,
1835 5490 2044 5544 veritus
2081 5507 2148 5546 ne
2188 5496 2333 5561 quod

767 5575 894 5631 inde
941 5577 1205 5631 damnum
1252 5579 1557 5642 acciperet,
1606 5579 1653 5633 si
1690 5581 1909 5635 animus
1954 5584 2209 5651 superbia
2247 5587 2333 5640 in-

764 5669 983 5723 llaretur
1026 5706 1041 5722 .
1074 5669 1171 5724 sed
1193 5669 1573 5740 gravissimam
1602 5685 1843 5742 quercus
1878 5672 2117 5727 radicem
2151 5672 2333 5729 aﬂ'erri

767 5757 833 5825 ad
870 5774 930 5816 se
970 5760 1207 5828 jubens,
1254 5762 1409 5830 quasi
1462 5764 1623 5817 aliam
1671 5764 1726 5817 in
1774 5780 1885 5817 rem
1932 5780 1993 5822 ea
2032 5766 2319 5837 indigeret,

2516 5217 2682 5285 Οὗτος
2715 5224 2892 5276 τοίνυν
2923 5225 3058 5290 μετά
3079 5219 3185 5272 τῶν
3210 5218 3384 5274 ἄλλων
3415 5216 3601 5271 παθῶν
3630 5218 3723 5269 καὶ
3744 5216 3847 5285 τὴν
3875 5211 4017 5283 φιλο-

2444 5314 2627 5382 τιμίαν
2652 5313 2748 5382 τῆς
2777 5311 2955 5382 ψυχῆς
2982 5309 3279 5371 ἀπελάσας.
3306 5307 3399 5360 καὶ
3421 5306 3518 5375 τῆς
3547 5305 3705 5375 κενῆς
3736 5304 3895 5375 δόξης
3916 5303 4016 5374 τὴν

2442 5405 2732 5474 τυραννίδα
2777 5403 3045 5472 πατήσας,
3091 5398 3496 5469 κατακρύπτειν
3536 5397 3622 5449 ἀεὶ
3649 5396 3775 5457 τοὺς
3824 5396 4017 5459 πόνους

2444 5495 2761 5548 ἐσπούδασε.
2813 5493 2921 5547 Καὶ
2954 5491 3170 5561 σίδηρον
3222 5490 3318 5559 μὲν
3363 5489 3462 5542 οὐκ
3502 5488 3761 5557 ἠνέσχετο
3801 5490 4013 5556 φορεῖν,

2442 5586 2623 5646 δείσας
2680 5586 2753 5655 μή
2798 5600 2919 5637 τινα
2951 5582 3156 5653 βλάϐην
3203 5580 3451 5635 ἐντεῦθεν
3498 5579 3790 5650 ἀρύσηται,
3842 5579 4017 5647 τύφου

2445 5675 2749 5745 φλεγμονὴν
2768 5673 2867 5744 τῆς
2890 5674 3066 5745 ψυχῆς
3085 5671 3579 5742 δεξαμένηςοΔρυδς
3598 5670 3655 5723 δὲ
3671 5669 3828 5739 ῥίζαν
3857 5668 4018 5742 βαρυο

2449 5764 2632 5842 τάτην“
2660 5766 2878 5835 κομίσαι
2910 5765 3060 5833 αὑτῷ
3104 5780 3219 5817 τινα
3272 5762 3551 5825 κελεύσας,
3580 5760 3653 5823 ὡς
3691 5762 3770 5823 εἰς
3814 5762 4014 5827 ἑτέραν
