4216 6456
202 429 337 497 ιιθι

1443 436 1845 496 RELIGIOSA
1868 436 2247 499 HISTORIA.

3312 435 3443 501 1462

199 547 389 615 χρείαν
428 545 586 614 δῆθεν
616 546 886 617 δεόμενος,
915 546 1121 619 ταύτην
1162 548 1255 600 καὶ
1294 548 1509 619 νύκτωρ
1552 550 1773 605 ὲπετίθη

1878 548 2020 602 hanc
2046 548 2291 604 humeris
2313 555 2479 604 noctu
2498 548 2831 618 imponebat,
2865 559 2919 606 et
2940 551 3040 605 hac
3062 560 3295 607 onustus
3323 566 3447 606 ora-

196 637 312 697 τοῖς
342 633 535 704 ὤμοις,
587 637 678 689 καὶ
719 638 1072 707 ἐπικειμένης
1112 637 1473 709 προσηύχετο,
1504 641 1596 692 καὶ
1649 636 1774 710 μεθ’

196 725 413 794 ἡμέραν
441 726 731 780 ἀπολαύων
776 728 994 799 σχολῆς.
1052 728 1476 799 Ἀφικνουμένου
1520 730 1576 783 δέ
1609 748 1771 792 τινος,

196 816 292 865 καὶ
320 818 420 885 τὴν
456 815 625 886 θύραν
647 819 1034 884 πατάσσοντος,
1090 819 1146 873 ἓν
1201 837 1306 873 τινι
1345 820 1529 893 χωρίῳ
1568 822 1774 892 ταύτην

196 908 565 977 κατέκρυπτε.
600 910 817 981 Ταύτην
862 911 951 981 μοί
985 928 1069 975 τις
1108 911 1357 977 ἀπέδειξε
1400 914 1731 983 θεασάμενος
1754 931 1767 945 ·

194 996 294 1048 καὶ
320 999 520 1065 γνῶναι
549 1000 829 1070 βουληθεὶς
850 1002 909 1054 τὸ
936 1002 1153 1073 φορτίον
1172 1005 1389 1068 ὁπόσον,
1419 1005 1570 1075 μόλις
1592 1007 1771 1075 ἀμφο-

193 1090 382 1159 τέραις
435 1091 660 1162 ﬁdem“
714 1095 837 1155 ταῖς
869 1094 1075 1164 χερσίν.
1142 1097 1202 1148 '0
1232 1096 1286 1149 δέ
1329 1114 1396 1167 με
1436 1098 1772 1168 θεασάμενος

192 1184 415 1249 ἀφεῖναι
440 1184 711 1238 ἐκέλευεν.
760 1185 900 1253 Ἐγὼ
930 1186 987 1238 δὲ
1022 1187 1413 1260 ἀντελιπάρουν
1450 1189 1652 1255 λαϐεῖν,
1685 1191 1771 1243 ῐνα

192 1273 380 1339 κλέψω
420 1274 513 1327 τοῦ
566 1274 728 1328 πόνου
762 1276 861 1347 τὴν
910 1278 1203 1347 πρόφασιν.
1252 1280 1339 1342 Ὠς
1389 1282 1443 1333 δὲ
1471 1282 1771 1352 ἀνιώμενον

190 1360 355 1428 εἶδον,
386 1366 756 1437 παρεχώρησα
784 1368 861 1438 τῷ
893 1368 1042 1440 πόθῳ
1081 1374 1179 1441 τῆς
1208 1371 1384 1440 νίκης.
1432 1373 1525 1425 Ἐκ
1568 1372 1771 1427 τούτων

190 1455 343 1524 αὐτῷ
370 1456 477 1509 τῶν
507 1458 683 1509 πόνων
721 1459 946 1512 ἐπανθεῖ
992 1460 1086 1512 καὶ
1137 1460 1415 1525 θεόσδοτος
1463 1463 1640 1534 χάρις,
1675 1465 1769 1516 καὶ

191 1547 367 1599 πολλὰ
392 1547 646 1617 θαύματα
668 1552 788 1612 ταῖς
825 1550 1036 1602 ἐκείνου
1086 1554 1411 1623 προσευχαῖς
1441 1555 1765 1625 ἐνεργεῖται.

188 1638 302 1689 Καὶ
351 1640 458 1709 γὰρ
510 1640 673 1710 ἡνίκα
712 1643 740 1694 ὁ
772 1642 1002 1710 χαλεπὸς
1045 1644 1251 1707 ἐκεῖνος
1296 1646 1507 1715 αὐχμὸς
1555 1646 1768 1717 τρύχων

186 1730 317 1789 τοὺς
353 1730 676 1801 ἀνθρώπους
705 1732 784 1794 είς
810 1732 1019 1785 ἱκεσίαν
1046 1734 1340 1804 διήγειρεν,
1374 1737 1601 1804 ἀφίκετο
1631 1739 1767 1807 πρὸς

190 1820 354 1872 αὐτὸν
379 1822 567 1892 ἱερέων
592 1821 796 1891 πλῆθος
822 1838 835 1851 ·
871 1823 1035 1893 συνῆν
1061 1824 1117 1875 δὲ
1148 1810 1353 1888 τούτοις
1386 1828 1480 1881 καὶ
1508 1830 1605 1897 τῆς
1646 1830 1765 1881 Ἀν-

1874 639 1966 694 bat
2000 658 2012 693 :
2048 639 2285 694 interdiu
2313 655 2443 695 vero
2470 640 2674 706 etiam,
2706 656 2831 694 cum
2870 642 3122 697 vacabat.
3153 641 3290 696 Cum
3315 657 3445 697 vero

1873 731 2165 787 accedebat
2198 731 2397 801 aliquis
2418 773 2433 798 ,
2464 742 2519 787 et
2544 733 2745 788 ostium
2782 733 3059 804 pulsabat.
3102 749 3224 789 eam
3253 734 3307 787 in
3340 734 3443 787 ali-

1872 836 1983 889 quo
2026 822 2146 876 loco
2183 822 2575 877 abscondebat.
2615 822 2765 878 Hane
2789 825 3144 893 conspicatus
3178 824 3403 895 quidam
3426 863 3442 886 ,

1872 913 2006 967 mibi
2058 930 2278 985 quoque
2327 914 2627 982 indicavit;
2677 926 2732 970 et
2767 931 2890 969 cum
2926 916 3213 985 explorare
3252 916 3443 970 vellem

1871 1004 2064 1072 quanti
2119 1017 2264 1060 esset
2321 1005 2618 1075 ponderis,
2684 1007 2954 1062 ambabus
3015 1021 3137 1061 eam
3192 1007 3444 1059 manibus

1869 1107 2014 1159 agre
2062 1095 2281 1148 sustuli.
2324 1093 2482 1160 Quod
2514 1094 2604 1149 ille
2648 1094 3129 1159 animadvertens,
3164 1094 3446 1150 dimittere

1866 1184 2056 1253 jussit.
2090 1184 2205 1254 Ego
2240 1195 2432 1260 contra
2468 1186 2697 1240 orabam
2747 1196 2803 1240 ut
2853 1186 3071 1241 auferre
3112 1189 3353 1253 sineret,
3386 1196 3445 1241 ut

1870 1276 2079 1331 laboris
2116 1279 2464 1331 occasionem
2508 1279 2805 1350 eriperem.
2841 1277 2947 1332 Sed
2986 1293 3111 1332 cum
3144 1280 3297 1333 illum
3326 1295 3444 1335 mo-

1871 1367 2004 1423 leste
2049 1355 2103 1421 id
2159 1367 2306 1422 ferre
2350 1367 2636 1434 viderem,
2671 1370 2817 1424 cessi
2865 1370 3114 1424 victoriae
3146 1368 3441 1425 desiderio.

1867 1455 1942 1511 Ex
1991 1456 2078 1511 his
2129 1457 2208 1511 illi
2252 1457 2537 1511 laboribus
2578 1458 2817 1513 efﬂoruit
2858 1459 3126 1514 divinitus
3177 1473 3441 1512 concessa

1867 1546 2081 1616 gratia,
2135 1548 2417 1619 multaque
2468 1547 2591 1617 ejus
2647 1550 2903 1619 precibus
2963 1550 3101 1604 fiunt
3154 1551 3441 1605 miracula.

1869 1636 2083 1692 Etenim
2113 1652 2239 1693 cum
2280 1643 2463 1711 gravis
2501 1642 2595 1694 illa
2628 1641 2894 1705 siccitas,
2926 1656 3049 1711 quze
3078 1643 3330 1697 homines
3360 1642 3441 1696 af-

1867 1727 2091 1799 ﬂigebat
2112 1768 2130 1797 ,
2164 1730 2230 1785 ad
2270 1746 2465 1799 preCes
2494 1734 2768 1797 incitaret,
2801 1732 2954 1785 venit
2996 1732 3060 1785 ad
3095 1747 3219 1785 eum
3247 1748 3442 1803 magna
3498 1791 3505 1797 ,

1865 1821 2031 1876 turba
2092 1823 2438 1877 sacerdotum
2479 1841 2492 1876 :
2528 1838 2655 1877 cum
2710 1822 2913 1893 quibus
2957 1834 3011 1879 et
3057 1825 3281 1896 quidam
3327 1838 3445 1879 erat

185 1912 416 1979 τιοχὲων
444 1930 523 1974 τις
552 1912 754 1982 χώρας,
785 1913 976 1983 κώμας
1024 1915 1227 1978 πολλὰς
1267 1918 1571 1987 ποιμαίνειν
1606 1938 1764 1973 τετα-

1872 1911 2232 1969 Antiochena:
2263 1916 2506 1984 regionis
2528 1954 2540 1975 ,
2572 1915 2665 1985 qui
2710 1917 2912 1971 multos
2952 1917 3104 1971 vicos
3137 1926 3329 1987 pastor
3358 1932 3444 1971 re-

185 2004 411 2072 γμὲνος.
440 1997 607 2067 υῦτος
632 2003 738 2057 τῶν
778 2005 1059 2074 παρόντων
1099 2009 1225 2070 τοὺς
1269 2009 1616 2079 γεραιτέρους
1655 2011 1767 2063 ἱκέ-

185 2111 330 2157 τευε,
376 2097 557 2148 πεῖσαι
584 2096 674 2149 τὸν
713 2095 913 2167 ἄνδρα,
946 2095 1186 2170 ληκυθίῳ
1223 2100 1328 2153 τινὶ
1376 2101 1638 2155 ἐπιθεῖναι
1670 2102 1768 2174 τὴν

182 2184 389 2248 δεξιάν.
424 2184 544 2237 Τῶν
591 2185 649 2239 δὲ
702 2188 1001 2257 εἰρηκότων
1049 2189 1123 2252 ώς
1152 2190 1251 2244 οὑκ
1296 2191 1566 2258 ἀνέξεται,
1602 2195 1766 2266 εὐχῆς

184 2277 330 2346 μετά
360 2275 531 2329 ταῦτα
553 2278 861 2348 γινομένης,
893 2281 987 2332 καὶ
1011 2280 1110 2350 τῆς
1149 2279 1442 2346 θεσπεσίας
1474 2302 1564 2355 μοι
1594 2303 1766 2354 κεφα-

184 2368 285 2436 λῆς
314 2369 778 2440 προσευχομένης,
810 2370 1032 2425 ὄπισθεν
1054 2373 1260 2436 ἐκεῖνος
1284 2372 1454 2439 ἑστὼς
1479 2375 1763 2445 προύτεινε

182 2464 304 2522 ταῖς
335 2460 427 2513 δύο
458 2463 613 2532 χερσὶ
637 2462 697 2514 τὸ
727 2461 1005 2533 ληκύθιον.
1047 2464 1121 2518 Τὸ
1148 2465 1204 2519 δὲ
1226 2465 1537 2532 ἀνέόλυσεν,
1576 2468 1650 2533 ὠς
1675 2470 1768 2524 δύο

182 2554 279 2605 καὶ
333 2557 478 2623 τρεῖς
519 2553 630 2606 τῶν
678 2556 959 2626 παρόντων
997 2557 1233 2611 ἐκτεῖναι
1280 2559 1379 2622 τάς
1423 2563 1631 2630 χεῖρας,
1668 2565 1765 2617 καὶ

184 2645 622 2714 πεπληρωμένας
651 2646 850 2711 ταύτας
888 2646 982 2700 τοῦ
1008 2648 1188 2702 ἐλαίου
1214 2649 1415 2705 λαϐεῖν.
1452 2651 1588 2704 Ἀλλ’
1615 2654 1763 2724 ὅμως

183 2739 279 2790 καὶ
308 2736 407 2804 τῆς
428 2737 578 2799 θείας
620 2738 842 2808 χάριτος
872 2740 1030 2807 ἀφεὶς
1060 2741 1157 2802 τὰς
1180 2742 1430 2807 ἀκτῖνας,
1457 2744 1551 2795 καὶ
1572 2762 1764 2798 παντο-

182 2828 376 2891 δαποῖς
415 2827 802 2899 κατορθώμασι
828 2829 1049 2899 βρίθων,
1080 2832 1176 2884 καὶ
1203 2832 1470 2905 ὁσημέραι
1492 2835 1763 2904 συλλέγων

180 2918 285 2987 τῆς
317 2919 638 2990 φιλοσοφίας
666 2921 757 2974 τὸν
780 2922 1028 2987 πλοῦτον,
1057 2922 1228 2987 οὕτως
1267 2926 1383 2977 ἐστὶ
1422 2925 1482 2979 τὸ
1510 2928 1765 2998 φρόνημα

186 3009 433 3081 μέτριος,
486 3010 561 3072 ὼς
602 3010 834 3064 ἑκάστου
878 3012 985 3065 τῶν
1021 3012 1095 3077 ὡς
1148 3015 1313 3068 αὐτὸν
1352 3017 1763 3087 ἀφικνουμένων

182 3102 356 3171 ἀμφω
385 3101 463 3154 τὼ
489 3103 616 3155 πόδε
656 3104 1145 3174 περιπτύσσεσθαι,
1174 3108 1353 3161 καὶτὸ
1382 3109 1631 3179 μέτωπον
1651 3112 1763 3163 ἐπι-

182 3194 394 3247 τιθέναι
429 3196 494 3265 τῇ
529 3197 624 3266 γῇ,
671 3196 780 3249 εἴτε
838 3197 1199 3269 στρατιώτης,
1245 3199 1355 3252 εἴτε
1394 3202 1759 3273 χειροτέχνης,

184 3285 298 3336 εἴτε
321 3283 579 3353 ἄγροικος
617 3285 722 3356 εἴη.
760 3286 1100 3356 Διηγὴσομαι
1134 3287 1192 3339 δέ
1219 3304 1293 3349 τι,
1330 3289 1423 3341 καὶ
1465 3289 1564 3360 τὴν
1596 3290 1761 3343 ἁπλό-

182 3393 324 3443 τητα
352 3378 449 3428 καὶ
476 3376 574 3446 τὴν
617 3378 943 3446 μετριότητα
990 3378 1154 3431 αὑτοῦ
1190 3378 1398 3445 διδάξαι
1439 3378 1759 3449 δυνάμενον.

198 3468 367 3539 ’Δνήρ
386 3484 473 3529 τις
500 3466 804 3531 σπουδαῖος,
828 3467 980 3519 τοῦδε
1004 3466 1098 3520 τοῦ
1123 3467 1309 3531 έθνους
1340 3467 1439 3539 τὴν
1465 3469 1762 3539 ἠγεμονίαν

183 3558 388 3629 λαχὼν,
419 3558 514 3610 καὶ
542 3556 642 3627 τὴν
678 3557 859 3627 Κῦρον
888 3557 1230 3622 καταλαϐὼν,
1262 3560 1358 3612 σὺν
1388 3560 1511 3627 ἐμοὶ
1535 3560 1635 3629 τῆς
1654 3560 1763 3613 τῶν

188 3648 445 3720 μεγάλων
474 3646 676 3701 τούτων
706 3648 950 3717 ἀθλητῶν
976 3647 1277 3701 ἀπολαῦσαι
1308 3646 1542 3719 θεωρίας
1564 3649 1763 3720 ἠθέλη-

183 3756 269 3792 σε.
313 3738 448 3801 Τοὺς
475 3737 666 3799 ἀλλους
701 3737 879 3789 τοίνυν
912 3740 1418 3806 περινοστήσαντες,
1452 3738 1762 3806 ἀφικόμεθα

186 3832 283 3884 καὶ
316 3831 468 3900 παρά
516 3828 723 3893 τοῦτον,
769 3822 829 3881 οὗ
864 3828 957 3880 νῦν
998 3828 1095 3896 τὴν
1150 3829 1347 3897 ἀρετὴν
1378 3830 1757 3898 ἀφηγούμεθα.

200 3922 367 3994 Ἐμοῦ
397 3923 575 3976 τοίνυν
597 3922 897 3992 εἰρηκότος,
930 3922 1002 3982 ὡς
1025 3920 1246 3990 ἡγεμών
1276 3923 1422 3973 ἐστιν
1456 3923 1484 3971 ὁ
1520 3924 1613 3975 σὺν
1641 3924 1763 3990 ἐμοὶ

188 4015 655 4082 παραγενόμενος,
687 4014 781 4064 καὶ
807 4013 900 4064 τοῦ
930 4012 1138 4064 δικαίου
1163 4014 1504 4082 φροντιστὴς,
1534 4014 1626 4065 καὶ
1651 4012 1760 4066 τῶν

188 4105 431 4160 εὐσεϐῶν
465 4105 718 4175 ἐραστὴς,
740 4103 899 4165 εὐθὺς
925 4104 952 4154 ό
980 4102 1263 4164 θεσπέσιος
1289 4102 1571 4171 ἄνθρωπος
1596 4104 1763 4173 ἄμφω

186 4198 264 4253 τὼ
299 4200 449 4267 χεῖρε
487 4196 791 4266 προτείνας,
827 4196 916 4247 καὶ
946 4196 1148 4263 ἀμφοῖν
1180 4196 1293 4245 τοῖν
1325 4194 1503 4247 ποδοῖν
1532 4195 1763 4265 λαϐόμε-

186 4308 308 4352 νος,
346 4308 364 4339 ι
404 4288 627 4357 Αίτησίν
648 4304 787 4347 τινα,
816 4284 943 4353 ἔφη,
976 4285 1407 4352 ἐπαγγείλασθαί
1437 4303 1519 4339 σοι
1546 4287 1701 4342 θέλω.
1738 4307 1755 4339 ι

186 4379 296 4431 Τοῦ
319 4378 377 4429 δὲ
402 4376 522 4429 λίαν
553 4374 997 4445 δυσχεράναντος.
1026 4375 1119 4426 καὶ
1140 4374 1454 4428 ἀνίστασθαι
1490 4376 1760 4430 ἱκετεύον-

185 4488 301 4530 τος.
334 4470 428 4522 καὶ
460 4469 705 4537 ποιήσειν
731 4467 758 4519 ὅ
790 4484 840 4519 τι
872 4464 938 4518 ἂν
971 4463 1280 4517 κελεύσειεν
1333 4466 1761 4535 ὑπισχνουμένου

190 4559 444 4631 (ἐτόπαζε
467 4557 575 4627 γὰρ
592 4556 753 4609 αὐτὸν
776 4556 903 4625 περί
931 4571 1070 4617 τινος
1092 4553 1201 4606 τῶν
1231 4556 1487 4624 ὑπηκόων
1512 4573 1763 4627 παρακα-
1796 4588 1839 4642 D

187 4650 348 4713 λεῖν),
380 4648 482 4716 ἔφη
514 4650 543 4701 ὀ
580 4647 863 4709 θεσπέσιος
896 4646 1197 4715 ἄνθρωπος’
1242 4664 1260 4696 t
1298 4646 1505 4700 Οὐκοῦν
1543 4649 1760 4719 ἐπειδή-

188 4758 298 4810 περ
337 4740 595 4809 ὑπέσχου,
634 4738 727 4790 καὶ
756 4739 903 4806 ὅρκῳ
932 4737 1030 4806 τὴν
1076 4736 1368 4806 ὑπόσχεσιν
1402 4737 1758 4803 ὲδεὸαίωσας,

189 4832 493 4892 σπουδαίως
526 4829 625 4890 τὰς
658 4828 798 4898 ὑπὲρ
822 4828 955 4898 ἐμοῦ
979 4827 1056 4896 τῷ
1085 4828 1203 4896 Θεῷ
1226 4828 1555 4899 προσένεγκε
1592 4846 1762 4900 προσ-

188 4923 379 4992 ευχάς.
415 4940 433 4972 ι
480 4920 542 4973 '0
566 4920 622 4972 δὲ
649 4920 717 4972 τά
751 4920 976 4988 μέτωπα
1008 4918 1226 4970 τύπτων
1256 4919 1463 4972 ἱκέτευε
1492 4919 1646 4971 λῦσαι
1672 4922 1764 4973 τὸν

188 5015 375 5083 ὅρκον,
418 5012 491 5075 ὼς
525 5012 625 5063 οὐκ
655 5009 949 5079 ἀξιόχρεως
1001 5008 1075 5061 ὢν
1114 5010 1233 5062 οὐδὲ
1278 5010 1377 5071 τὰς
1428 5010 1568 5081 ὑπὲρ
1599 5011 1763 5065 αὑτοῦ

192 5103 430 5165 ἱκετείας
482 5102 560 5172 τῷ
611 5103 856 5171 Δεσπότῃ
909 5101 1259 5171 προσφέρειν.
1314 5102 1417 5153 Τὸν
1446 5104 1503 5154 ὲν
1528 5102 1765 5173 τοσούτῳ

191 5195 374 5249 τοίνυν
404 5191 718 5261 φιλοσοφίας
749 5191 874 5258 ὕψει
899 5190 1165 5260 τοσαύτην
1202 5191 1390 5260 ἔχοντα
1437 5192 1531 5245 τοῦ
1567 5196 1767 5263 φρονή-

193 5304 362 5356 ματος
403 5285 751 5355 μετριότητα,
794 5287 942 5346 ποῖος
984 5283 1049 5335 ἂν
1092 5284 1247 5351 λόγος
1286 5285 1602 5354 εὐφημῆσαι
1631 5286 1764 5355 πρὸς
1802 5306 1807 5309 -

190 5380 349 5445 ἀξίαν
379 5377 665 5448 ἀρκέσειε;
698 5376 900 5429 Τούτου
929 5376 1026 5445 τὴν
1064 5376 1377 5444 φιλοπονίαν
1416 5378 1535 5429 οὐδὲ
1574 5394 1767 5429 παντο-

190 5470 339 5523 δαπά
374 5469 751 5538 προσπεσόντα
804 5468 1049 5537 διήλεγξε
1106 5467 1273 5536 πάθη,
1314 5468 1428 5520 ἀλλ’
1470 5469 1571 5520 ὑπὸ
1610 5468 1764 5520 νόσου

193 5562 443 5630 ποικίλης
462 5559 936 5629 πολιορκούμενος,
960 5560 1067 5611 τῶν
1091 5560 1269 5613 αὐτῶν
1291 5560 1467 5613 πόνων
1495 5563 1763 5630 ἀνέχεται.

196 5654 415 5713 Πολλοῖς
439 5652 495 5704 δὲ
518 5651 774 5713 πολλάκις
799 5653 1129 5721 χρησάμενοι
1154 5652 1355 5718 λόγοις,
1383 5654 1537 5722 μόγις
1560 5654 1767 5706 τουτονὶ

194 5746 284 5797 τὸν
312 5744 558 5798 οἰκίσκον
596 5742 1084 5813 ᾠκοδομησάμεθα,
1115 5743 1315 5806 θάλπος
1338 5746 1515 5812 ὀλίγον
1553 5745 1628 5814 τῷ
1666 5744 1767 5797 σώ-

198 5853 327 5903 ματι
373 5836 604 5905 πάμπαν
642 5836 1034 5906 κατιψυγμένῳ
1082 5837 1546 5907 μηχανησάμενοι.
1582 5838 1764 5905 Τούτῳ

1870 2004 2056 2074 gebat.
2094 2004 2196 2059 Hie
2226 2008 2528 2062 astantium
2564 2010 2813 2063 seniores
2857 2011 3119 2079 rogabat,
3170 2012 3290 2065 viro
3322 2026 3443 2080 per-

1870 2098 2188 2161 suaderent,
2223 2106 2284 2151 ut
2313 2099 2530 2152 cuidam
2560 2100 2780 2171 leeytho
2822 2101 3071 2156 dextram
3113 2102 3437 2172 imponeret.

1868 2186 2023 2254 Quod
2057 2188 2211 2242 illum
2250 2190 2482 2244 minime
2513 2190 2785 2247 facturum
2814 2210 2935 2247 cum
2963 2195 3264 2258 dixissent,
3307 2194 3438 2249 dum

1870 2295 2064 2349 preces
2100 2281 2341 2349 pdstbzee
2372 2282 2585 2344 tierent,
2618 2292 2672 2337 et
2703 2285 3077 2338 venerandum
3118 2286 3249 2339 milii
3272 2296 3440 2357 caput

1874 2370 2086 2441 1262
2119 2382 2336 2434 oraret,
2368 2373 2484 2442 ipse
2525 2383 2674 2428 retro
2708 2386 2862 2431 stans
2900 2378 3176 2448 Iecytbum
3209 2390 3443 2451 utraque

1871 2475 2037 2514 manu
2088 2462 2382 2532 porrexit:
2436 2464 2530 2531 qui
2585 2465 2659 2517 ita
2714 2474 2929 2520 scatere
2974 2468 3174 2537 erepit,
3222 2478 3280 2524 ut
3332 2472 3443 2526 duo

1871 2559 2051 2606 tresve
2087 2568 2156 2607 ex
2206 2554 2273 2609 iis
2320 2554 2413 2624 qui
2459 2554 2687 2609 aderant
2732 2572 2930 2611 manus
2959 2560 3352 2627 extenderent,
3387 2571 3442 2618 et

1870 2640 1991 2693 oleo
2024 2641 2216 2709 plenas
2262 2642 2551 2697 referrent.
2587 2646 2840 2699 Attamen
2877 2648 3002 2701 licet
3028 2651 3221 2719 gratia:
3250 2652 3443 2707 fundat

1868 2731 2085 2792 radios,
2132 2742 2187 2786 et
2232 2735 2453 2788 eximiis
2505 2737 2751 2789 omnium
2809 2753 3069 2807 generum
3130 2743 3443 2801 actionibus

1867 2821 2071 2889 polleat
2091 2862 2105 2883 ,
2136 2823 2456 2893 etquotidie
2482 2841 2622 2895 opus
2651 2838 2847 2896 augeat
2870 2829 3256 2899 pliiloSOpliize,
3290 2840 3441 2889 tanta

1866 2919 1950 2966 est
2032 2914 2200 2968 animi
2274 2916 2570 2984 modestia,
2644 2925 2701 2971 ut
2784 2921 3123 2989 singulorum
3199 2925 3291 2994 qui
3373 2927 3442 2979 ad

1866 3018 1993 3059 eum
2024 3008 2251 3060 veniunt
2283 3008 2447 3077 pedes
2482 3012 2878 3079 amplectatur,
2922 3021 2974 3064 et
3011 3021 3168 3068 terra:
3203 3014 3439 3072 frontem

1868 3093 2145 3164 imponat,
2183 3112 2279 3151 seu
2310 3098 2494 3163 miles,
2527 3115 2624 3154 seu
2656 3099 2837 3169 Opifex
2871 3102 2916 3154 is
2959 3103 3118 3156 fuerit
3140 3144 3156 3164 ,
3190 3118 3285 3158 seu
3315 3120 3436 3161 rus.

1867 3188 2028 3241 ticus.
2079 3187 2208 3241 Item
2258 3191 2735 3256 commemorabo,
2786 3209 2908 3261 quze
2936 3202 2988 3247 et
3035 3195 3438 3265 simplicitatem

1866 3277 1987 3345 ejus
2028 3286 2083 3332 et
2138 3279 2462 3334 modestiam
2522 3282 2701 3352 possit
2764 3283 3438 3355 ostendere.Virquidatn

1868 3370 2096 3439 probus,
2137 3371 2312 3440 gentis
2358 3371 2522 3441 bujus
2555 3374 2939 3442 praefecturam
2974 3376 3204 3441 sortitus
3232 3418 3247 3441 ,
3278 3381 3295 3399 ‘
3335 3377 3439 3448 Cy-

1867 3476 1987 3514 rum
2038 3476 2164 3514 etnn
2216 3463 2493 3528 venisset,
2548 3480 2873 3535 magnorum
2929 3466 3162 3521 istorum
3213 3468 3441 3522 athleta-

1867 3566 1987 3603 rum
2029 3560 2330 3620 eonspectu
2368 3554 2475 3607 frui
2514 3568 2727 3623 mecum
2759 3556 2952 3609 voluit.
2984 3557 3123 3611 Aliis
3164 3572 3291 3611 vero
3321 3574 3440 3626 per—

1866 3641 2121 3695 lustratis
2144 3682 2157 3704 ,
2195 3643 2260 3696 ad
2288 3643 2435 3698 liunc
2469 3646 2633 3699 etiam
2676 3645 3061 3714 pervenimus,
3092 3646 3252 3716 cujus
3294 3664 3441 3702 nunc

1866 3732 1934 3786 de
1981 3734 2184 3787 virtute
2228 3748 2409 3788 sermo
2443 3735 2605 3788 nobis
2642 3744 2745 3789 est.
2778 3734 2878 3789 Cui
2919 3750 3043 3789 cum
3075 3736 3271 3792 ducem
3316 3754 3443 3793 esse

1868 3824 2131 3879 dixissem
2168 3826 2261 3894 qui
2287 3842 2497 3879 mecum
2544 3834 2802 3888 venerat,
2830 3827 2971 3895 aequi
2996 3826 3305 3881 studiosum
3332 3867 3347 3889 ,
3385 3839 3440 3882 et

1867 3925 2141 3967 amantem
2178 3915 2421 3982 piorum,
2453 3918 2635 3969 statim
2668 3917 2830 3969 homo
2858 3916 3079 3970 divinus
3112 3916 3303 3971 ambas
3329 3931 3441 3970 ma-

1868 4023 1975 4060 nus
2027 4007 2292 4069 tendens,
2356 4016 2405 4061 et
2461 4008 2651 4076 pedem
2700 4015 2996 4077 utrumque
3052 4007 3434 4076 prehendens,

1875 4115 1893 4147 ι
1947 4096 2119 4159 Volo,
2169 4099 2379 4166 inquit,
2429 4113 2457 4149 a
2498 4106 2551 4151 te
2585 4098 2868 4167 quidpiam
2922 4100 3223 4167 postulare.
3272 4117 3291 4150 ι
3345 4098 3440 4154 Illo

1869 4199 2051 4243 autem
2099 4205 2244 4258 aegre
2301 4190 2596 4244 admodum
2661 4188 2904 4254 ferente,
2975 4198 3029 4244 et
3082 4201 3138 4243 ut
3189 4201 3440 4259 surgeret

1870 4291 2092 4341 orante.
2132 4281 2514 4350 factorumque
2550 4296 2609 4334 se
2648 4280 2794 4349 quod
2834 4280 3050 4349 juberet
3086 4283 3440 4351 promittente

1869 4373 2130 4441 (putabat
2160 4374 2303 4424 enim
2337 4370 2491 4423 illum
2528 4384 2627 4439 pro
2668 4369 2855 4438 aliquo
2889 4384 2957 4423 ex
2987 4367 3225 4423 subditis
3268 4369 3439 4423 inter-

1869 4463 2125 4527 cedere),
2162 4444 2191 4513 θι
2241 4462 2511 4527 Quoniam
2544 4476 2676 4531 ergo
2702 4501 2717 4524 ,
2767 4461 2842 4515 ait
2881 4460 2965 4514 vir
3005 4459 3262 4524 divinus,
3309 4476 3438 4531 pro-

1871 4554 2111 4613 misisti,
2166 4562 2221 4607 et
2281 4552 2701 4621 promissionem
2750 4550 3109 4620 jurejurando
3129 4530 3439 4605 ‘confirma-

1873 4649 1943 4701 sti
1972 4687 1985 4706 .
2031 4646 2144 4700 acri
2189 4645 2372 4699 studio
2418 4658 2515 4713 pro
2553 4658 2639 4697 me
2674 4641 2783 4696 Deo
2816 4657 3006 4712 preces
3041 4642 3197 4698 offer.
3245 4662 3264 4696 ι
3302 4642 3437 4697 Tum

1870 4739 1963 4792 ille
2005 4737 2239 4791 frontem
2281 4735 2484 4789 feriens
2532 4734 2860 4788 obsecrabat
2913 4744 2971 4788 ut
3021 4735 3333 4803 juramento
3381 4752 3439 4788 se

1873 4832 2216 4893 absolveret,
2250 4838 2307 4880 ut
2358 4827 2449 4894 qui
2479 4841 2579 4880 nec
2614 4841 2711 4894 pro
2759 4827 2942 4895 seipso
2968 4826 3167 4896 dignas
3208 4825 3439 4879 Domino

1874 4938 2061 4992 preces
2105 4922 2301 4974 offerre
2344 4919 2539 4987 possit.
2584 4918 2721 4971 Eum
2757 4918 2925 4987 igitur
2956 4918 3049 4987 qui
3098 4918 3152 4970 in
3187 4926 3296 4971 tam
3344 4933 3437 4973 su-

1874 5015 2023 5067 blimi
2056 5010 2403 5082 philosophia
2437 5018 2643 5062 tantam
2680 5010 2848 5061 animi
2892 5008 3319 5063 moderationem
3354 5025 3439 5065 re-

1872 5111 2062 5169 tineat,
2089 5103 2300 5174 1263
2320 5118 2567 5172 quaenam
2598 5117 2695 5171 pro
2724 5101 2990 5171 dignitate
3015 5101 3239 5155 laudare
3267 5102 3439 5172 possit

1872 5193 2080 5249 oratio?
2135 5192 2443 5245 Labor-anili
2501 5189 2743 5243 studium
2779 5190 2832 5243 in
2867 5205 2935 5244 eo
2960 5200 3168 5244 tantum
3205 5198 3287 5245 est
3315 5232 3328 5252 ,
3377 5202 3434 5243 ut

1873 5288 2036 5340 nullis
2070 5283 2489 5353 agritudinibus
2520 5280 2851 5349 infringatur
2888 5299 2901 5334 :
2932 5280 3024 5334 sed
3064 5281 3297 5335 diiersis
3333 5283 3436 5334 οι]-

1874 5392 2060 5431 sessus
2111 5374 2321 5430 morbis
2390 5371 2612 5426 eosdem
2674 5372 2890 5426 labores
2942 5372 3200 5426 sustinet.
3256 5370 3439 5443 Multis

1870 5482 2050 5529 autem
2088 5469 2239 5521 illum
2300 5480 2443 5535 smpe
2479 5463 2659 5518 verbis
2699 5470 2949 5524 orantes,
3010 5476 3151 5529 aegre
3200 5461 3439 5515 obtinui-

1873 5579 1993 5619 mus
2027 5572 2087 5615 ttt
2123 5562 2263 5614 hanc
2302 5560 2377 5613 illi
2416 5554 2805 5613 domunculam
2837 5561 3285 5619 exstrueremus,
3322 5545 3442 5607 eor-

1872 5656 1989 5726 peri
2030 5656 2191 5724 plane
2239 5652 2437 5720 rigenti
2486 5650 2719 5703 calorem
2752 5645 3008 5713 exiguum
3054 5652 3432 5712 procurantes.

1873 5749 2011 5801 ﬂuie
2042 5761 2236 5799 anruin
2269 5758 2414 5811 saepe
2440 5740 2591 5793 multi
2624 5738 2707 5791 vel
2738 5735 3063 5805 superstites
3088 5736 3401 5788 obtulerunt
3421 5778 3432 5796 ,

1876 5842 1953 5893 vel
1993 5838 2287 5895 morientes
2333 5834 2692 5900 reliquerunt.
2732 5829 2847 5895 Ipse
2880 5844 3007 5881 vero
3066 5826 3196 5878 nihil
3229 5843 3257 5877 ιι
3303 5842 3444 5893 quo-
