4216 6456
762 368 899 436 1463

1757 370 2240 432 'l‘lIEODORETI
2272 373 2610 435 EPISCOPI
2640 376 3006 437 CYRENSIS

3867 391 4014 457 1464

751 498 915 553 quam
949 484 1156 552 accepit
1197 494 1468 550 nunquam,
1502 480 1597 534 sed
1640 495 1830 535 eorum
1874 498 1993 552 quae
2027 482 2323 537 allerelian-

2431 485 2612 538 πολλοὶ
2641 487 2738 556 μὲν
2761 487 3021 551 πολλάκις
3047 488 3270 558 χρυσίον
3294 492 3571 562 περιόντες
3604 499 4010 570 προσήνεγκαν,

748 585 840 628 tnr
872 575 1280 645 dispensatores
1312 577 1461 642 ipsos
1490 574 1822 643 essejussit.
1862 573 2150 628 Pelliceam
2182 592 2321 645 quo-

750 683 857 736 que
890 675 1092 721 vestem
1126 667 1192 719 ab
1221 667 1406 735 aliquo
1434 665 1536 720 sibi
1568 666 1786 719 allatam
1821 681 2053 736 magnus
2082 666 2323 722 Jacobus

751 760 816 820 ad
851 774 975 812 eum
1002 759 1150 813 misit
1176 775 1188 809 :
1228 760 1321 812 sed
1350 759 1490 812 hanc
1513 757 1826 813 densiorem
1851 768 1905 813 et
1931 760 2321 829 elegantiorem

745 867 868 905 esse
898 851 1091 905 videns
1123 867 1247 904 mox
1289 851 1523 906 remisit.
1562 847 1776 904 Vilibus
1807 850 1955 904 enim
1989 848 2320 919 minimique

746 940 905 1009 pretii
957 940 1295 994 indumentis
1339 953 1552 1008 semper
1600 954 1735 993 usus
1783 949 1887 993 est.
1934 938 2319 1008 Paupertatem

747 1039 931 1085 autem
984 1033 1200 1102 magnis
1243 1031 1441 1099 opibus
1477 1031 1558 1083 sic
1602 1030 1986 1085 amabiliorem
2028 1032 2213 1095 ducit,
2263 1040 2322 1084 ut

745 1139 848 1177 nec
887 1124 1209 1177 alimentum
1261 1123 1635 1176 necessarium
1684 1137 1899 1190 semper
1932 1122 2151 1177 habeat.
2194 1121 2321 1177 Scio

739 1218 910 1281 enim,
937 1233 1065 1272 cum
1099 1231 1240 1287 saepe
1273 1216 1337 1270 ad
1376 1217 1525 1270 illum
1557 1214 1895 1285 postulanda:
1924 1214 2323 1271 benedictionis

739 1310 917 1380 gratia
948 1309 1225 1374 venirem,
1257 1308 1409 1361 aliud
1437 1308 1573 1362 nihil
1606 1319 1803 1375 przeter
1831 1309 2045 1363 caricas
2067 1309 2205 1363 duas
2238 1309 2321 1362 in-

741 1401 978 1455 venisse.
1025 1399 1201 1469 Hujus
1235 1401 1339 1455 mel
1380 1408 1433 1452 et
1481 1401 1869 1470 spectantibus
1912 1402 2155 1471 optabile
2193 1410 2317 1466 est,

737 1498 791 1543 et
845 1490 1196 1546 audientibus
1272 1489 1692 1561 perjucuudum.
1767 1490 1953 1561 Neque
2038 1491 2317 1545 hominem

736 1585 988 1651 quamvis
1019 1584 1432 1639 dicaeissimum
1454 1628 1468 1650 ,
1499 1599 1827 1655 quemquam
1855 1585 2010 1650 novi,
2068 1585 2161 1652 qui
2196 1585 2321 1637 huic

738 1677 913 1732 labem
934 1693 1175 1748 unquam
1202 1678 1523 1746 imposuerit
1550 1695 1561 1730 :
1591 1675 1685 1730 sed
1708 1691 1834 1730 eum
1861 1676 2088 1735 laudant
2116 1685 2167 1729 et
2187 1690 2315 1746 prae-

734 1769 1147 1827 dicantomnes.
1167 1778 1220 1821 et
1243 1769 1335 1837 qui
1357 1768 1423 1820 ad
1448 1782 1574 1822 eum
1593 1767 1818 1821 veniunt
1835 1767 2028 1820 nolunt
2048 1765 2319 1820 recedere.

2427 577 2720 630 κατέλιπον
2769 578 2825 632 δὲ
2876 581 2970 632 καὶ
3002 580 3423 651 τελευτήσαντες
3447 602 3459 613 ·
3512 587 3729 651 ἐδέξατο
3762 592 3818 644 δέ
3855 594 4012 647 οὐδὲν

2428 671 2557 739 παρ’
2583 670 2794 734 οὐδενὸς
2840 671 2961 724 οὐδὲ
3010 671 3228 726 πώποτε
3251 690 3267 705 ο
3295 675 3411 730 ἀλλ’
3444 679 3640 744 αὐτοὺς
3688 684 4011 753 οἰκονόμους

2424 760 2681 827 γενέσθαι
2724 760 2832 815 τῶν
2866 766 3327 836 προσφερομένων
3366 769 3641 830 ἐκέλευσε.
3697 775 3804 827 Καὶ
3848 777 4002 837 σισύ·

2425 872 2526 925 ραν
2547 855 2605 907 δὲ
2629 856 2779 926 αὐτῷ
2807 859 2836 909 ὁ
2861 856 3035 927 μέγας
3067 858 3323 922 Ἰάκωϐος
3356 860 3459 913 ὐπό
3489 879 3632 925 τινος
3666 864 3815 933 αὐτῷ
3847 882 4005 934 κομι.

2425 947 2644 999 σθεῖσαν
2687 948 3035 1002 ἀπέστειλεν·
3074 950 3211 1005 ἀλλά
3257 953 3352 1005 καὶ
3407 954 3611 1025 ταύτην
3659 956 4005 1026 ἀντέπεμψε,

2426 1041 2833 1109 στεγανωτέραν
2868 1041 3037 1111 αὐτὴν
3070 1044 3164 1096 καὶ
3198 1044 3595 1117 εὐεργεστέραν
3642 1045 3785 1100 ἰδών.
3834 1048 4007 1101 Εὐτε-

2423 1128 2539 1182 λέσι
2566 1129 2676 1200 γὰρ
2701 1130 2817 1185 λίαν
2841 1133 2934 1184 καὶ
2960 1133 3179 1197 εὐώνοις
3203 1135 3439 1204 ἱματίοις
3467 1137 3805 1208 κεχρημένος
3833 1138 4007 1200 διετέφ

2424 1217 2524 1274 λει.
2563 1219 2718 1272 Οὐτω
2746 1220 2801 1272 δὲ
2835 1221 2934 1292 τὴν
2966 1224 3157 1277 πενίαν
3185 1226 3367 1296 πάσης
3394 1228 3807 1298 ἐρασμιωτέραν
3842 1228 4004 1298 βασι.

2424 1309 2570 1374 λείας
2595 1314 2800 1381 ἡγεῖτο,
2828 1314 2903 1377 ὡς
2936 1315 3069 1386 μηδὲ
3100 1318 3197 1388 τὴν
3228 1320 3531 1386 ἀναγκαίαν
3575 1320 3717 1389 ἔχειν
3754 1321 3841 1373 ἀεὶ
3872 1338 4007 1391 τρο-

2424 1400 2551 1471 φήν.
2595 1397 2726 1456 υἷδα
2775 1404 2880 1475 γὰρ
2932 1406 3191 1470 πολλάκις
3238 1411 3587 1480 ἀφικόμενος,
3620 1412 3710 1463 καὶ
3748 1411 4007 1478 εὐλογίαν

2424 1492 2674 1561 αἰτήσας,
2707 1497 2800 1547 καὶ
2828 1495 2993 1565 μηδὲν
3025 1497 3211 1567 ἕτερον
3237 1498 3412 1570 εὑρὼν
3445 1500 3477 1572 ἢ
3512 1500 3606 1554 δύο
3650 1503 3817 1571 μόνας
3847 1503 4006 1572 ἰσχά-

2423 1582 2536 1645 δας.
2568 1585 2770 1639 Τούτου
2796 1588 2857 1639 τὸ
2900 1589 3039 1657 μέλι,
3073 1592 3165 1642 καὶ
3191 1594 3303 1655 τοῖς
3330 1592 3497 1663 ὁρῶσι
3532 1594 3881 1665 τριπόθητον,
3908 1596 4004 1649 καὶ

2424 1676 2537 1737 τοῖς
2569 1676 2825 1730 ἀκούουσι
2857 1678 2973 1731 λίαν
3019 1680 3343 1748 ἐπέραστον.
3376 1684 3578 1737 Οὐδένα
3622 1686 3729 1755 γὰρ
3763 1681 3881 1737 οἴδα
3905 1686 4005 1737 ἀν-

2427 1764 2661 1836 θρώπων
2688 1811 2701 1833 ,
2740 1770 2859 1822 οὐδὲ
2911 1772 3018 1824 τῶν
3070 1774 3264 1845 κομιδῇ
3314 1775 3779 1847 φιλοσκωμμόνων
3826 1770 4007 1845 τοῖτῳ

738 1865 926 1936 μῶμον
966 1864 1343 1918 ἐπιτεθεικότα
1373 1863 1610 1916 πώποτε.
1668 1863 1827 1919 Ἀλλὰ
1876 1863 2077 1925 πάντες
2120 1860 2304 1931 ᾅδουσι
2336 1861 2430 1921 καὶ
2460 1862 2789 1934 εὐφημοῦσι,
2829 1867 2920 1917 καὶ
2946 1868 3075 1938 παρ’
3097 1867 3260 1921 αὐτὸν
3308 1871 3601 1938 φοιτῶντες
3642 1873 3703 1924 οὐ
3755 1872 4009 1926 θέλουσιν

731 1959 1184 2014 ἀπαλλάττεσθαι.

1151 2048 1314 2103 XXV.
1340 2079 1409 2087 —
1442 2053 1456 2068 ‘
1490 2045 1899 2102 ASCLEPIUS'

805 2144 1048 2215 Hujusce
1074 2142 1290 2196 ordinis
1334 2148 1418 2195 est
1462 2139 1819 2195 admirandus
1866 2152 2084 2208 quoque
2124 2135 2310 2189 Ascle-

733 2236 858 2305 pius
888 2277 903 2299 ,
942 2233 1139 2290 stadiis
1160 2233 1345 2287 decem
1374 2232 1592 2285 distans
1614 2270 1627 2293 ,
1659 2230 1754 2284 sed
1793 2230 1983 2283 eodem
2008 2230 2195 2283 vivens
2224 2226 2309 2279 in-

733 2333 950 2385 stituto.
992 2327 1127 2382 Nam
1176 2335 1233 2381 et
1275 2326 1433 2380 cibus
1479 2325 1620 2379 idem
1670 2325 1789 2389 illi,
1834 2333 1888 2378 et
1942 2324 2213 2386 vestitus,
2260 2335 2314 2377 et

732 2439 947 2477 morum
986 2421 1258 2477 modestia
1280 2463 1293 2484 ,
1328 2431 1380 2475 et
1418 2421 1692 2489 hospitum
1720 2434 1889 2483 cura,
1928 2427 1982 2473 et
2017 2433 2169 2471 amor
2202 2417 2312 2471 l‘ra-

731 2526 917 2577 trum,
949 2512 1262 2581 lenitasque
1314 2521 1368 2565 et
1406 2509 1776 2564 mansuetudo
1803 2547 1818 2571 ,
1860 2515 1914 2562 et
1962 2509 2312 2561 conversatio

733 2622 859 2660 cum
906 2603 1054 2668 Deo,
1098 2613 1153 2659 et
1200 2618 1414 2660 sunma
1454 2611 1749 2672 paupertas
1782 2617 1797 2655 :
1834 2598 2049 2670 1265.
2089 2598 2310 2653 virtutis

732 2707 933 2769 prteter
973 2698 1088 2753 hac
1119 2695 1399 2750 afﬂuentia
1423 2735 1439 2759 ,
1473 2704 1529 2749 et
1562 2709 1697 2763 opes
1732 2694 2095 2765 philosophiae
2116 2734 2129 2756 ,
2177 2693 2309 2747 alia.

730 2806 840 2859 que
878 2791 1065 2845 omnia
1096 2802 1222 2859 quae
1251 2787 1319 2846 de
1344 2801 1507 2841 sacro
1537 2787 1634 2841 illo
1675 2786 1854 2855 capite
1904 2785 2304 2845 recensuimus.

731 2881 941 2935 Ferunt
985 2889 1167 2935 autem
1221 2879 1377 2933 illum
1415 2887 1531 2931 tum
1564 2877 1733 2932 etiam
1758 2918 1773 2943 ,
1814 2891 1941 2931 cum
1966 2877 2035 2931 de
2080 2890 2309 2930 numero

731 2982 883 3028 esset
914 2975 1007 3042 qui
1045 2975 1099 3027 in
1133 2972 1257 3026 vico
1292 2972 1586 3036 habitant,
1617 2969 1917 3026 asceticam
1957 2977 2013 3022 et
2060 2968 2310 3022 modera-

732 3076 843 3119 tam
882 3066 1048 3118 vitam
1084 3066 1297 3133 egisse,
1333 3066 1656 3132 nullamque
1686 3078 1752 3116 ex
1798 3060 2036 3114 aliorum
2086 3075 2309 3115 consorv

730 3158 811 3210 tio
842 3158 1114 3209 maculam
1146 3157 1514 3210 contraxisse.
1568 3154 1726 3209 Unde
1774 3154 1867 3224 qui
1921 3160 2155 3223 utraque
2197 3152 2306 3204 vita

729 3257 844 3301 tum
884 3247 1028 3301 civili
1060 3257 1172 3300 tum
1209 3248 1455 3302 solitaria
1493 3247 1781 3311 excelluit,
1821 3246 2069 3315 duplices
2112 3244 2307 3298 merito

729 3352 968 3400 coronas
1000 3337 1250 3406 recipiet.
1285 3335 1439 3390 Multi
1486 3350 1649 3406 porro
1680 3341 1734 3389 et
1775 3334 1865 3387 alii
1899 3333 2019 3402 ejus
2048 3332 2304 3385 virtutem

728 3430 965 3483 annulati
999 3437 1160 3494 sunt,
1196 3443 1297 3483 nec
1332 3436 1523 3483 nostra
1555 3429 1734 3483 solum
1765 3426 1925 3495 plena
1947 3432 2064 3487 est,
2097 3423 2191 3477 sed
2228 3422 2305 3476 vi-
2333 3445 2375 3502 ρ

728 3524 864 3577 cinae
904 3524 1085 3590 etjam
1124 3522 1291 3576 urbes
1343 3528 1399 3575 et
1440 3520 1543 3574 vici
1579 3518 1895 3588 hujusmodi
1935 3515 2300 3588 phiIoSOphia.

729 3616 934 3669 Ilurqu
962 3631 1106 3670 unus
1138 3624 1220 3669 est
1246 3614 1631 3669 divinissimus
1661 3613 1901 3667 Jacobus
1924 3653 1937 3676 ,
1971 3609 2305 3663 domuncula

726 3707 959 3778 quadam
996 3707 1245 3760 reclusus
1280 3721 1446 3775 prope
1477 3705 1657 3760 vicut'u
1683 3744 1696 3767 ,
1728 3719 1889 3773 quem
1945 3701 2226 3756 Nimuzam
2261 3700 2306 3732 ³⁸

724 3805 943 3851 vocant.
977 3796 1079 3862 Qui
1113 3812 1237 3850 cum
1268 3797 1364 3850 lini
1398 3796 1520 3850 vita:
1552 3797 1623 3851 sit
1658 3794 1978 3865 proximus,
2009 3806 2306 3845 annorum-

727 3906 836 3960 que
880 3890 1119 3959 amplius
1162 3889 1496 3958 nonaginta,
1542 3890 1695 3943 solus
1737 3889 1989 3943 inclusus
2035 3895 2153 3946 est,
2209 3900 2308 3955 per

726 3986 1018 4050 angustum
1052 3979 1301 4034 foramen
1334 3981 1556 4051 oblique
1585 3980 1842 4034 intlcxum
1876 3992 2139 4048 responsa
2175 3976 2303 4031 red-

725 4074 859 4128 dens
881 4115 895 4137 ,
928 4074 1022 4129 sed
1051 4075 1123 4127 ita
1160 4081 1220 4127 ut
1253 4090 1359 4127 non
1387 4073 1655 4134 videatur,
1694 4087 1794 4126 nec
1830 4072 1952 4139 igne
1984 4078 2180 4134 utens,
2204 4083 2306 4122 nec

728 4166 930 4220 lumine
962 4165 1155 4220 fruens
1200 4166 1460 4219 lucernae.
1495 4164 1577 4218 Me
1610 4180 1739 4217 vero
1787 4163 1871 4218 bis
1916 4159 2189 4231 patefacta
2213 4158 2303 4229 ja-

730 4271 837 4310 nua
874 4254 1083 4324 ingredi
1111 4255 1315 4323 jussit,
1354 4257 1500 4310 hunc
1535 4255 1667 4307 mihi
1715 4254 1980 4308 honorem
2013 4252 2299 4315 tribuens,

725 4356 777 4400 et
806 4362 964 4403 suum
1008 4362 1138 4415 erga
1174 4362 1261 4401 me
1305 4362 1548 4401 amorem
1580 4346 1988 4401 demonstrans.
2021 4344 2125 4411 Qui
2169 4358 2303 4413 ergo

727 4437 1052 4505 superstites
1095 4444 1224 4489 sunt
1250 4436 1500 4491 oratione
1529 4451 1646 4491 mea
1688 4451 1797 4490 non
1835 4442 2015 4504 egent.
2064 4433 2305 4488 Possunt

724 4528 908 4589 enim,
941 4528 987 4581 si
1036 4528 1238 4593 velint,
1278 4529 1510 4583 istorum
1547 4528 1910 4599 philosophiae
1955 4533 2300 4596 spectatores

727 4618 866 4670 tieri.
927 4615 1171 4672 Posteris
1216 4625 1423 4684 autem,
1480 4628 1535 4672 et
1582 4620 1852 4674 honorum
1914 4630 2141 4688 aspectu
2185 4636 2298 4676 non

723 4706 1080 4768 ﬂuentibus,
1151 4708 1219 4762 ad
1286 4708 1577 4765 utilitatem
1650 4709 1753 4763 ista
1838 4709 2119 4765 sufﬁcient
2176 4726 2300 4781 qua

723 4799 939 4850 illorum
976 4797 1338 4868 philosophia
1375 4799 1612 4854 formam
1653 4798 1972 4854 ostendunt.
2011 4780 2201 4866 Quare
2232 4799 2299 4855 de
2333 4780 2377 4836 θ

726 4890 810 4941 his
843 4888 1098 4956 loquendi
1152 4888 1314 4944 linem
1363 4890 1452 4945 hic
1504 4888 1735 4955 faciens,
1788 4898 1842 4944 et
1896 4890 2299 4946 benedictionis

722 4981 1223 5036 remunerationem
1250 4997 1559 5052 exposcens
1581 5021 1594 5047 ,
1626 4982 1708 5043 fad
1746 4982 1906 5038 aliain
1937 4984 2305 5043 narrationem

704 5086 809 5145 mc
838 5070 1143 5133 conferam.

1023 5354 1234 5427 1265
1266 5353 1454 5411 XXVI.
1490 5388 1555 5398 —
1591 5358 1976 5415 SYMEONES.

795 5445 1118 5516 Symeonem
1159 5448 1457 5514 eximium,
1510 5466 1765 5522 magnum
1814 5453 1967 5507 orbis
2028 5464 2299 5509 terrarum

727 5538 1071 5602 miraculum,
1103 5550 1307 5594 norunt
1340 5557 1531 5596 omnes
1561 5542 1651 5612 qui
1698 5542 1946 5597 Romano
1977 5557 2169 5615 parent
2195 5548 2302 5600 im-

2867 2049 2992 2101 KE'.
3026 2079 3094 2089 -
3126 2050 3549 2105 ΑΣΚΛΗΠΙΟΣ.

2490 2135 2705 2207 Ταύτης
2730 2137 2845 2188 ἐστὶ
2866 2138 2968 2206 τῆς
2997 2140 3307 2210 συμμορίας
3330 2142 3423 2194 καὶ
3463 2142 3788 2213 Ἀσκληπιὸς
3815 2147 3844 2196 ὁ
3869 2145 4004 2202 lian

2409 2225 2636 2295 μάσιος,
2673 2226 2805 2279 δέκα
2830 2228 2932 2297 μὲν
2964 2228 3211 2292 σταδίους
3245 2229 3595 2301 ἀφεστηκὼς,
3618 2232 3713 2303 τὴν
3745 2234 3915 2303 αὐτὴν
3943 2236 4005 2288 δὲ

2421 2318 2695 2372 πολιτείαν
2734 2317 3044 2389 ἐζηλωκώς.
3073 2320 3181 2372 Καὶ
3210 2322 3385 2391 τροφὴ
3418 2321 3525 2392 γὰρ
3555 2320 3705 2391 αὐτῷ
3747 2323 3779 2391 ἡ
3830 2323 4001 2394 αὖτὴ.

2414 2409 2507 2460 καὶ
2539 2409 2721 2478 ἐσθὴς,
2751 2408 2844 2462 καὶ
2877 2409 3042 2481 ἤθους
3081 2411 3394 2482 μετριότης,
3425 2413 3518 2463 καὶ
3565 2412 3837 2481 φιλοξενία
3858 2453 3871 2476 ,
3903 2416 4003 2468 καὶ

2413 2500 2757 2571 φιλαδελφία,
2784 2503 3059 2573 ἡμερότης
3094 2520 3153 2555 τε
3194 2503 3288 2557 καὶ
3317 2504 3559 2573 πραότης
3584 2543 3599 2567 ,
3636 2506 3729 2558 καὶ
3775 2508 3808 2576 ἡ
3858 2506 4001 2577 πρὸς

2408 2593 2500 2644 τὸν
2529 2594 2663 2645 θεὸν
2689 2593 2892 2664 ὁμιλία,
2929 2594 3071 2665 καὶὴ
3100 2596 3373 2667 ἀκροτάτη
3397 2596 3556 2650 πενία
3577 2614 3590 2627 ·
3624 2598 3761 2668 πρὸς
3782 2598 4000 2662 τούτοις

2416 2687 2509 2738 καὶ
2542 2687 2574 2754 ἡ
2606 2685 2706 2754 τῆς
2731 2685 2932 2755 ἀρετῆς
2970 2688 3275 2756 περιουσία,
3328 2689 3420 2740 καὶ
3468 2689 3566 2758 τῆς
3606 2688 3927 2757 φιλοσοφίας
3968 2692 3999 2745 ὁ

2416 2776 2665 2839 πλοῦτος,
2699 2776 2789 2827 καὶ
2816 2776 2983 2830 τᾶλλα
3016 2776 3211 2839 πάντα,
3238 2778 3339 2832 ὅσα
3367 2778 3495 2847 περὶ
3523 2778 3620 2847 τῆς
3663 2781 3810 2850 ἱερᾶς
3845 2780 3998 2831 ἐκεί-

2414 2886 2511 2938 νης
2539 2867 2891 2939 διεξήλθομεν
2919 2868 3184 2940 κεφαλῆς.
3218 2871 3355 2929 Φασὶ
3388 2871 3443 2923 δὲ
3482 2871 3663 2934 αὐτὸν,
3710 2872 3803 2923 καὶ
3826 2870 3999 2941 ἡνίκα

2412 2963 2524 3023 τοῖς
2575 2962 2675 3031 τὴν
2729 2962 2922 3031 κώμην
2954 2961 3195 3016 οἰκοῦσιν
3246 2961 3493 3033 ἀδελφοῖς
3545 2963 3996 3030 συγκατείλεκτο,

2414 3055 2504 3107 τὸν
2537 3056 2834 3125 ἀσκητικὸν
2882 3056 2977 3110 καὶ
3021 3056 3247 3125 κόσμιον
3302 3055 3653 3109 ἀσπάσασθαι
3705 3054 3841 3124 βίον,
3898 3057 4001 3115 καὶ

2418 3148 2688 3217 μηδεμίαν
2720 3151 2784 3200 ἐκ
2815 3149 2913 3216 τῆς
2946 3149 3052 3202 τῶν
3074 3148 3285 3201 πολλῶν
3312 3149 3594 3220 ἐπιμιξίας
3624 3148 3805 3218 λώϐην
3834 3147 3999 3201 ἐλκί-

2417 3257 2526 3294 σαι.
2571 3240 2658 3293 Ἐν
2688 3241 2937 3312 ἐκατέρῳ
2960 3239 3138 3293 τοίνυν
3166 3240 3472 3309 διαπρέψας
3494 3239 3613 3310 βίῳ,
3644 3240 3722 3309 τῷ
3746 3256 3803 3291 τε
3844 3238 4000 3291 πολι-

2414 3331 2570 3401 τικῷ.
2598 3334 2690 3383 καὶ
2725 3332 2998 3402 ἐρημικῷ,
3030 3331 3229 3383 διπλῶν
3268 3333 3493 3394 εἰκότως
3524 3333 3617 3384 καὶ
3643 3332 3751 3385 τῶν
3786 3333 3998 3398 στεφά-

2414 3438 2519 3471 νων
2567 3420 2951 3491 ἀξιωθήσεται.
2995 3421 3188 3473 Πολλοί
3234 3421 3290 3473 δὲ
3344 3423 3440 3475 καὶ
3484 3422 3630 3476 ἄλλοι
3678 3421 3775 3492 τὴν
3798 3422 3996 3475 τούτου

2410 3511 2690 3583 ἐζήλωσαν
2721 3514 2941 3584 ἀρετὴν,
2977 3515 3070 3565 καὶ
3102 3514 3315 3584 πλήρης
3341 3516 3438 3584 οὐχ
3481 3517 3512 3584 ή
3551 3514 3794 3585 ήμετέρα
3830 3515 3994 3584 μόνη,

2408 3605 2544 3659 ἀλλά
2572 3607 2664 3658 καὶ
2711 3607 2767 3657 αἰ
2825 3605 3230 3673 γειτονεύουσαι
3278 3607 3461 3669 πόλεις
3492 3607 3585 3659 καὶ
3638 3606 3847 3675 κῶμαι,
3892 3607 3997 3674 τῆς

2407 3697 2620 3751 τοιᾶσδε
2663 3696 3002 3765 φιλοσοφίας.
3040 3691 3132 3759 Εἷς
3163 3697 3219 3750 δέ
3256 3698 3461 3749 τούτων
3495 3697 3611 3749 ἐστὶ
3647 3698 3740 3749 καὶ
3784 3699 3812 3750 ὁ
3849 3697 3995 3750 θειό-

2407 3808 2568 3853 τατος
2614 3790 2886 3851 Ἰάκωϐος,
2918 3791 2976 3842 ἐν
3005 3790 3232 3858 οἰκίσκῳ
3266 3791 3373 3841 τινὶ
3416 3788 3811 3858 καθειργμένος
3840 3788 3997 3858 παρά

2408 3882 2570 3953 κώμῃ
2626 3882 2905 3951 Νιμουζᾶν
2937 3882 3246 3954 καλουμένῃ
3270 3898 3283 3911 ⁸
3315 3882 3373 3945 ὃς
3409 3882 3501 3934 καὶ
3553 3883 3681 3951 παρ’
3736 3882 3867 3933 αὐτὸ
3914 3881 3994 3932 ὢν

2406 3975 2499 4027 τοῦ
2532 3974 2646 4044 βίου
2673 3976 2732 4028 τὸ
2758 3976 2936 4044 τέρμα
2968 3975 3127 4047 (ἐτῶν
3159 3976 3267 4044 γάρ
3318 3976 3434 4026 ἐστι
3480 3974 3741 4025 πλειόνων
3773 3973 3805 4042 ἦ
3834 3975 3993 4024 ἐννε-

2416 4066 2697 4136 νήκοντα),
2730 4066 2889 4135 μόνος
2922 4065 3266 4135 καθεῖρκται,
3298 4064 3385 4117 διὰ
3422 4081 3567 4125 τινος
3594 4063 3824 4133 βραχέος
3857 4062 3994 4133 ὀρύ-

2407 4173 2614 4225 γματος
2672 4156 2979 4219 ἐλικοειδῶς
3048 4156 3437 4226 ὀρωρυγμένου
3500 4156 3601 4219 τὰς
3662 4154 3993 4225 ἀποκρίσεις

2407 4246 2749 4317 ποιούμενος,
2786 4249 2883 4317 οὐχ
2909 4247 3183 4317 ὁρώμενος
3213 4246 3292 4306 δὲ,
3321 4247 3415 4299 καὶ
3445 4246 3568 4299 οὐτε
3599 4247 3733 4315 πυρὶ
3769 4246 3995 4316 χρώμε-

2406 4357 2515 4403 νος,
2546 4340 2670 4393 οὔτε
2700 4341 2974 4411 λυχνιαίου
2999 4340 3174 4408 φωτὸς
3199 4339 3508 4395 ἀπολαύων.
3544 4340 3674 4410 Ἐμέ
3702 4339 3758 4392 δὲ
3783 4339 3867 4401 δὶς
3888 4337 3993 4409 τὴν

2406 4432 2576 4504 θύραν
2627 4433 2846 4499 ἀνοίξας
2897 4432 3003 4485 ἔσω
3041 4433 3295 4500 γενέσθαι
3346 4433 3667 4501 προσέταξε,
3701 4433 3875 4503 ταύτῃ
3917 4447 3988 4501 με

2404 4525 2645 4595 τιμήσας
2675 4564 2690 4586 ,
2726 4523 2821 4575 καὶ
2851 4525 2917 4593 ἢν
2945 4522 3058 4593 ἔχει
3108 4524 3236 4593 περὶ
3268 4524 3369 4592 ἐμὲ
3403 4523 3636 4593 στοργὴν
3688 4522 3988 4585 ἐπιδείξας.

2406 4615 2469 4668 Oi
2518 4614 2614 4685 μὲν
2641 4611 2736 4666 οὐν
2773 4613 2851 4666 ἐτι
2883 4614 3164 4684 περιόντες
3220 4612 3328 4665 τῶν
3382 4614 3509 4683 παρ’
3541 4612 3675 4683 ἐμοῦ
3723 4613 3901 4681 λόγων
3926 4613 3988 4671 οὐ

2404 4709 2634 4771 δέονται.
2674 4709 2940 4762 Δύνανται
2961 4711 3093 4779 γὰρ,
3121 4708 3172 4761 εἰ
3200 4706 3552 4777 ἐθελήσωσιν,
3588 4707 3858 4761 αὐτόπται
3888 4710 3993 4777 τῆς

2404 4802 2610 4861 τούτων
2642 4800 2896 4870 γενέσθαι
2927 4800 3265 4869 φιλοσοφίας.
3297 4801 3422 4864 Τοῖς
3456 4800 3499 4852 δ’
3540 4799 3819 4871 ἐσομένοις
3842 4841 3858 4866 ,
3890 4800 3991 4853 καὶ

2406 4897 2503 4964 τῆς
2528 4893 2732 4951 τούτων
2757 4894 2818 4946 οὐ
2846 4892 3317 4962 μεταλαγχάνουσι
3340 4891 3490 4955 θέας,
3516 4893 3677 4963 ἀρκεῖ
3693 4892 3787 4944 καὶ
3816 4892 3992 4946 ταῦτα

2406 4990 2484 5051 εἰς
2515 4987 2807 5055 ὠφέλειαν,
2834 4986 2935 5055 τῆς
2966 4984 3171 5039 τούτων
3202 4984 3521 5056 φιλοσοφίας
3546 4985 3637 5038 τὸν
3662 4985 3991 5055 χαρακτῆρα

2406 5079 2708 5143 δεικνύντα,
2750 5077 3015 5137 Ἐνταῦθα
3039 5077 3218 5131 τοίνυν
3247 5078 3450 5131 καὶτὸν
3473 5077 3603 5147 περὶ
3623 5078 3831 5131 τούτων
3852 5095 3993 5147 συμο

2409 5191 2474 5225 πε
2484 5174 2649 5243 ράνας
2672 5172 2849 5239 λόγον,
2869 5172 2962 5224 καὶ
2992 5174 3090 5242 τῆς
3118 5172 3367 5241 εὐλογίας
3395 5172 3493 5240 τὴν
3526 5170 3795 5225 ἀντίδοσιν
3817 5172 3993 5241 ἐπαγ-

2409 5264 2615 5330 γείλας,
2645 5264 2730 5331 ἐφ’
2762 5262 2949 5333 ’έτερον
2984 5261 3230 5331 διήγημα
3262 5260 3663 5332 μεταϐήσομαι.

2869 5354 3095 5422 κιτρ-
3128 5354 3523 5407 smmum.

2481 5446 2774 5518 Συμεὼν-ην
2804 5445 2894 5499 τὸν
2937 5447 3100 5508 πάνυ,
3142 5445 3203 5499 τὸ
3259 5445 3402 5515 μέγα
3449 5444 3631 5515 θαῦμα
3666 5446 3764 5513 τῆς
3803 5447 3994 5499 οἰκουη

2416 5541 2603 5609 μένης,
2650 5541 2794 5593 ἴσασι
2821 5538 2918 5606 μὲν
2957 5536 3193 5600 ἅπαντες
3224 5537 3270 5588 oi
3321 5537 3419 5604 τῆς
3465 5536 3754 5606 Ῥωμαίων
3784 5536 3991 5606 ἠγεμο-

2006 5704 2239 5765 ΥΑΙίΙᾹΞ
2275 5701 2675 5762 LECTlONLS.

793 5781 835 5829 δ’
871 5785 1057 5842 Duzan
1088 5789 1243 5845 habet
1270 5789 1553 5853 Hert/eiut».
