4216 6456
180 446 318 510 1465

1376 439 1779 500 ΠΕΙᾸΟῙΟόᾹ
1814 441 2197 500 HISTORIA.

3298 434 3433 501 1466

176 561 293 623 νίας
349 558 602 629 ὑπήκοοι·
652 555 897 624 ἔγνωσαν
941 552 997 607 δὲ
1024 555 1117 607 καὶ
1159 554 1382 625 Πέρσαι,
1436 557 1528 609 καί
1558 556 1748 626 Μῆδοι,

1858 557 2034 626 peric,
2097 561 2300 609 norunt
2352 561 2407 608 et
2461 553 2661 617 Persae,
2694 561 2747 607 et
2789 553 2926 608 Medi
2958 554 3002 587 ¹⁷
3036 562 3089 608 et
3117 552 3428 623 £thiopcs,

176 652 266 703 καὶ
300 648 574 712 Αἰθίοπες,
612 647 704 699 καὶ
730 645 864 716 πρὸς
904 645 1114 709 Σκύθας
1151 645 1207 698 δὲ
1252 647 1374 709 τοὺς
1421 645 1676 716 Νομάδας
1720 650 1752 717 ἡ

177 742 335 809 φήμη
376 735 768 808 διαδραμοῦσα,
799 735 897 807 τὴν
932 733 1085 787 τοῦδε
1130 734 1446 803 φιλοπονίαν
1485 738 1577 788 καὶ
1610 737 1757 805 φιλο-

178 830 372 900 σοφίαν
429 828 686 893 ἐδίδαξεν.
738 828 881 895 Ἐγὼ
925 826 981 879 δὲ
1026 826 1118 878 καὶ
1189 827 1397 891 πάντας
1428 866 1443 890 ,
1497 827 1572 889 ὡς
1628 827 1755 890 ἔπος

177 924 380 986 εἰπεῖν,
412 920 733 989 ἀνθρώπους
766 919 1050 990 μάρτυρας
1093 918 1233 988 ἔχων
1265 918 1374 971 τῶν
1424 918 1563 989 ὑπὲρ
1598 917 1755 985 λόγον

179 1012 432 1079 ἀγώνων,
492 1012 708 1065 δέδοικα
748 1011 810 1064 τὸ
854 1011 1120 1080 διήγημα,
1178 1009 1253 1080 μὴ
1312 1013 1424 1072 τοῖς
1477 1009 1758 1080 ἐσομένοις

182 1103 353 1175 μῦθος
388 1099 525 1156 εἶναι
570 1102 717 1175 δόξῃ,
763 1103 995 1172 πάμπαν
1040 1102 1139 1171 τῆς
1185 1101 1442 1170 ἀληθείας
1469 1118 1757 1171 γεγυμνω-

183 1194 366 1262 μένος.
401 1192 739 1263 ’Υψηλότερα
788 1192 895 1264 γὰρ
926 1192 1025 1260 τῆς
1079 1192 1423 1263 ἀνθρωπείας
1453 1191 1667 1260 φύσεως
1688 1192 1757 1244 τά

179 1284 466 1355 γινόμενα.
491 1283 708 1337 Φιλοῦσι
734 1284 791 1337 δὲ
837 1287 885 1338 οί
936 1282 1214 1354 ἄνθρωποι
1243 1286 1310 1354 τῇ
1343 1282 1502 1352 φύσει
1539 1277 1758 1353 μετρεῖν

176 1376 245 1435 τά
295 1375 583 1445 λεγόμεναο
628 1378 676 1429 εί
711 1376 766 1429 δέ
815 1393 867 1428 τι
914 1375 1021 1429 τῶν
1068 1375 1271 1445 ταύτης
1316 1374 1458 1445 ὅρων
1502 1375 1758 1429 ἐπέκεινα

178 1468 411 1536 λέγοιτο,
461 1467 659 1540 ψευδὴς
709 1470 822 1532 τοῖς
877 1467 985 1520 τῶν
1020 1468 1181 1521 θείων
1229 1469 1495 1539 ἀμυήτοις
1541 1468 1570 1521 ό
1601 1466 1757 1534 λόγος

179 1559 485 1629 νομίζεται.
520 1559 739 1629 Ἐπειδὴ
776 1559 830 1618 δὲ
870 1559 978 1613 τῶν
1016 1558 1383 1616 εὐσεϐούντων
1414 1559 1483 1630 γῆ
1527 1558 1621 1611 καὶ
1665 1558 1759 1612 Θά-

177 1652 359 1709 λασσα
393 1650 627 1722 πλήρης,
691 1651 760 1709 τά
789 1667 847 1703 τε
881 1650 998 1707 θεῖα
1052 1649 1514 1720 πεπαιδευμένων,
1547 1648 1756 1702 καὶτοῦ

179 1744 450 1813 παναγίου
481 1743 795 1814 Πνεύματος
845 1745 946 1814 τὴν
995 1743 1156 1814 χάριν
1201 1741 1617 1817 δεδιδαγμένων,
1646 1745 1756 1803 τοῖς

176 1837 601 1909 λεχθησομένοις
649 1838 750 1891 οὐκ
800 1839 1211 1907 ἀπιστήσουσιν,
1274 1834 1409 1889 ἀλλὰ
1466 1836 1560 1891 καὶ
1612 1834 1755 1903 μάλα

1857 647 1987 713 quin
2020 653 2072 699 et
2115 645 2179 698 ad
2220 644 2453 715 Scythas
2496 659 2717 714 quoque
2766 646 3030 702 nomadas
3057 647 3086 680 "
3131 647 3433 716 pervadens

1860 737 2003 790 fama
2065 736 2231 804 hujus
2294 737 2595 791 immensos
2646 736 2861 791 labores
2921 748 2976 792 ct
3023 715 3432 807 philosOplil‘ram

1857 829 2097 883 edocuit.
2144 828 2259 900 Ego
2303 842 2455 889 vero,
2508 828 2635 883 licet
2676 828 2985 881 orationem
3045 830 3430 899 superantium

1856 921 1977 990 ejus
2008 924 2371 975 certaminum
2406 928 2573 975 testes
2603 921 2832 975 habeam
2864 920 3118 975 homines
3152 938 3319 991 prope
3346 923 3431 978 di-

1858 1028 1977 1066 cam
2024 1013 2334 1077 universos,
2382 1012 2759 1066 narrationem
2817 1012 3037 1082 aggredi
3080 1014 3428 1081 pertimesco.

1860 1119 1927 1157 ne
1958 1103 2202 1157 veritatis
2246 1118 2476 1172 prorsus
2510 1116 2709 1171 expers
2744 1101 2924 1156 fabula
2971 1104 3213 1172 posteris
3246 1103 3431 1157 videa-

1861 1202 1970 1245 tur.
2024 1190 2200 1260 Supra
2265 1193 2562 1246 humanam
2620 1192 2767 1246 enim
2826 1202 3077 1246 naturam
3131 1205 3259 1249 sunt
3310 1210 3433 1263 qua:

1862 1285 2016 1339 fiunt.
2055 1283 2243 1339 Solent
2284 1293 2464 1338 autem
2504 1284 2753 1338 homines
2783 1292 2978 1338 natura
3010 1286 3187 1339 metiri
3218 1300 3280 1339 ea
3311 1301 3433 1355 quae

1859 1376 2141 1431 dicuntur.
2182 1375 2238 1430 Si
2271 1376 2403 1445 quid
2456 1391 2583 1430 vero
2608 1376 2823 1429 dicatur
2865 1376 3013 1445 quod
3049 1377 3171 1444 ejus
3203 1377 3433 1431 excedat

1860 1467 2086 1529 limites.
2122 1466 2262 1521 falsa
2302 1467 2514 1521 videtur
2541 1467 2721 1520 oratio
2756 1467 2825 1520 iis
2854 1468 2948 1536 qui
2982 1468 3185 1522 divinis
3225 1478 3432 1539 myste-

1859 1559 1958 1613 riis
2007 1560 2204 1613 initiati
2273 1574 2381 1612 non
2437 1567 2587 1612 sunt.
2647 1558 2918 1624 Quoniam
2969 1569 3151 1614 autem
3203 1570 3346 1615 terra
3378 1570 3433 1615 et

1861 1665 2012 1704 mare
2064 1650 2223 1721 plena
2264 1658 2394 1705 sunt
2442 1650 2569 1719 piis,
2602 1650 2720 1719 qui,
2762 1644 2890 1704 eum
2937 1650 3138 1705 divinis
3192 1652 3429 1706 instituti

1861 1742 1994 1807 sint,
2039 1748 2095 1796 et
2132 1742 2475 1797 sanctissimi
2521 1739 2760 1811 Spiritus
2806 1743 3038 1812 gratiam
3086 1752 3424 1813 perspectam

1864 1837 2120 1900 habeant,
2160 1835 2318 1890 ﬁdem
2370 1836 2438 1890 iis
2496 1850 2617 1905 quae
2666 1834 2895 1891 dicenda
2940 1847 3070 1890 sunt
3103 1852 3206 1889 non
3260 1853 3426 1903 nega-

176 1929 553 1983 πιστεύσουσι·
611 1928 905 1999 προθύμως
963 1928 1056 1983 καὶ
1108 1925 1425 2000 θαρραλέως
1460 1926 1754 1994 ποιήσομαι

1862 1929 2019 1992 bunt,
2051 1927 2147 1982 sed
2187 1928 2484 1981 maximam
2534 1925 2777 1980 habituri
2820 1937 2971 1989 sunt,
3007 1927 3173 1980 alacri
3212 1929 3431 1981 fidenti-

174 2020 274 2090 τὴν
295 2020 571 2091 διήγησιν.
609 2019 880 2091 ’Δρξομαι
911 2018 953 2071 δ’
980 2018 1214 2082 ἐκεῖθεν,
1245 2017 1367 2072 ὅθεν
1400 2020 1495 2071 καὶ
1523 2019 1625 2086 τῆς
1644 2018 1756 2075 ἀνω

174 2114 425 2184 κλήσεως
452 2112 682 2183 ἠξιώθη.

248 2202 428 2272 Κώμη
458 2202 540 2264 τίς
563 2202 711 2253 ἐστιν
736 2202 796 2253 ὲν
823 2200 1056 2271 μεθορίῳ
1102 2202 1197 2270 τῆς
1232 2200 1503 2270 ἡμετέρας
1547 2199 1756 2270 καὶτῆς

176 2295 421 2347 Κιλίκων
462 2293 648 2365 χώρας
701 2294 1040 2365 διακειμένηο
1084 2294 1246 2346 Σισάν
1274 2294 1330 2346 δὲ
1359 2294 1526 2363 αὐτὴν
1559 2294 1757 2361 ὀνομά-

174 2386 385 2455 ζουσιν.
420 2387 514 2441 Ἐκ
536 2387 741 2458 ταύτης
784 2387 1126 2458 ὁρμώμενος,
1182 2387 1490 2457 ποιμαίνειν
1518 2388 1580 2440 τὸ
1609 2387 1760 2458 πρῶ-

174 2497 269 2533 τον
314 2479 425 2533 ὑπὸ
474 2482 581 2534 τῶν
628 2480 1036 2550 γεγεννηκότων
1087 2480 1396 2537 ὲδιδάσκετο
1441 2480 1752 2553 θρέμματα,

173 2572 263 2622 ἵνα
307 2570 451 2624 κατά
498 2570 656 2625 τοῦτο
684 2572 794 2633 τοῖς
826 2570 1080 2640 μεγάλοις
1112 2569 1336 2640 ἀνδράσι
1388 2570 1755 2643 συμφέρηται,

186 2661 386 2715 Ἰακὼὸ
426 2661 505 2731 τῷ
571 2663 904 2733 πατριάρχῃ,
958 2662 1055 2715 καὶ
1121 2662 1319 2730 Ἰωσὴφ
1363 2660 1441 2731 τῷ
1498 2660 1755 2732 σώφρονι,

174 2755 271 2814 καὶ
319 2755 529 2825 Μωῦσῇ
584 2753 661 2828 τῷ
703 2755 992 2826 νομοθέτῃ,
1042 2754 1137 2806 καὶ
1199 2751 1362 2812 Δαυῒδ
1420 2752 1499 2824 τῷ
1550 2752 1760 2823 βασιλεῖ

174 2845 273 2896 καὶ
316 2844 594 2915 προφήτῃ,
648 2844 742 2899 καὶ
804 2844 1015 2916 Μιχαίᾳ
1064 2844 1141 2914 τῷ
1180 2845 1455 2915 προφήτῃ.
1508 2844 1603 2898 καὶ
1645 2847 1756 2908 τοῖς

175 2937 299 2994 κατ’
330 2936 575 2999 ἐκείνους
625 2934 930 2997 θεσπεσίοις
958 2936 1206 3007 ἀνδράσι.
1234 2935 1471 3003 Νιφετού
1513 2935 1569 2988 δέ
1628 2952 1757 2993 ποτε

174 3026 377 3079 πολλοῦ
416 3027 733 3096 γενομένου,
783 3027 878 3079 καὶ
936 3027 1043 3079 τῶν
1072 3026 1355 3097 προϐάτων
1389 3024 1534 3082 ἔνδον
1576 3025 1757 3096 μένειν

173 3120 637 3197 ἠναγκασμένων,
676 3120 969 3190 ἀνακωχῆς
1004 3118 1337 3183 ἀπολαύσας,
1370 3120 1450 3181 είς
1479 3118 1573 3171 τὸν
1618 3118 1757 3170 θεῖον

174 3212 314 3268 νεὼν
345 3210 485 3281 μετά
525 3210 634 3267 τῶν
691 3210 979 3280 φυσάντων
1036 3210 1284 3279 ἀφίκετο.
1322 3209 1507 3263 Ταῦτα
1562 3209 1618 3262 δὲ
1658 3208 1758 3278 τῆς

176 3301 328 3369 ίερὶς
345 3260 515 3354 rufi-:05
545 3260 907 3371 διηγουμένης
935 3260 1146 3368 ἀκήκοα
1176 3298 1439 3368 γλώττης.
1477 3300 1625 3367 Ἔφη
1656 3260 1760 3351 τοιί-
1784 3260 1827 3318 c

175 3408 271 3449 νυν
316 3392 419 3461 τῆς
450 3391 817 3461 εὐαγγελικῆς
844 3392 1137 3461 ἀκηκοέναι
1177 3392 1378 3461 φωνῆς,
1418 3391 1760 3462 μακαριζού-

175 3503 276 3555 σης
311 3484 412 3554 μὲν
439 3486 564 3548 τοὺς
595 3483 879 3545 κλαίοντας
917 3484 1010 3537 καὶ
1053 3483 1404 3552 πενθοῦντας,
1452 3484 1668 3548 ἀθλίους
1700 3486 1757 3544 δὲ

172 3577 303 3638 τοὺς
352 3575 629 3643 γελῶντας
671 3575 1075 3646 ἀποκαλούσης,
1134 3577 1226 3627 καὶ
1259 3574 1528 3642 ζηλωτοὺς
1563 3577 1758 3647 ὀνομα-

174 3669 375 3736 ζούσης
404 3671 531 3731 τοὺς
571 3669 670 3740 τὴν
714 3668 892 3739 ψυχὴν
941 3668 1186 3737 καθαρὰν
1215 3670 1607 3740 κεκτημένους,
1663 3669 1757 3722 καὶ

170 3762 343 3818 τᾶλλα
392 3763 492 3816 ὅσα
541 3761 753 3823 τούτοις
785 3760 1157 3822 συνέζευκται.
1211 3757 1345 3814 Εἶτα
1374 3760 1593 3829 ἐρέσθαι
1634 3761 1757 3814 τινὰ

172 3856 285 3907 τῖεν
331 3854 635 3924 παρόντων,
685 3854 739 3907 τί
772 3855 837 3908 ἄν
868 3870 952 3916 τις
1007 3854 1239 3921 ποιήσας
1275 3854 1479 3906 τούτων
1526 3853 1755 3908 ἕκαστον

173 3946 457 4013 κτήσαιτο·
481 3944 571 3996 τὸν
603 3943 658 3995 δὲ
690 3943 782 3996 τὸν
819 3944 1103 4013 μοναδικόν
1130 3942 1276 4013 αύτῷ
1310 3944 1423 4013 βίον
1453 3944 1756 4015 ύπαγορεῦ-

177 4053 293 4098 σαι,
353 4036 447 4088 καὶ
475 4036 574 4106 τὴν
618 4035 792 4103 ἄκραν
846 4035 1062 4106 ἐκείνην
1097 4036 1376 4101 ὑποδεῖξαι
1416 4038 1751 4107 φιλοσοφίαν.

171 4127 479 4197 Δεξάμενος
535 4127 716 4182 τοίνυν
761 4127 855 4180 τοῦ
918 4128 1063 4180 θείου
1117 4128 1277 4195 λόγου
1330 4130 1398 4183 τὰ
1441 4131 1752 4199 σπέρματα,

175 4223 266 4273 καὶ
297 4222 416 4281 ταῖς
465 4218 703 4287 βαθείαις
738 4218 837 4288 τῆς
883 4217 1062 4288 ψυχῆς
1109 4218 1304 4282 αῦλαξι
1345 4218 1516 4272 ταῦτα
1574 4219 1755 4281 καλῶς

174 4311 558 4383 κατακρύψας,
577 4313 657 4375 εἰς
686 4312 778 4363 τὸν
806 4311 1106 4375 πελάζοντα
1131 4310 1239 4363 τῶν
1263 4312 1432 4379 ἁγίων
1464 4314 1757 4382 μαρτύρων

172 4406 276 4475 ἔφη
318 4403 722 4475 δεδραμηκέναι
765 4400 951 4470 σηκόν.
1014 4402 1102 4454 Ἐν
1151 4400 1325 4470 τούτῳ
1361 4401 1416 4454 δὲ
1463 4405 1523 4471 τῇ
1564 4404 1633 4471 γῇ
1685 4401 1753 4455 τὰ

173 4498 380 4564 γόνατα
433 4497 526 4548 καὶ
588 4494 649 4547 τὸ
704 4494 955 4562 μέτωπον
995 4494 1348 4561 προσερεῖσαί
1390 4510 1469 4554 τε,
1522 4494 1755 4545 καὶὶκεο

1860 2034 1965 2088 que
1986 2019 2169 2073 animo
2189 2021 2564 2074 narrationem
2591 2019 2901 2073 instituam.
2932 2019 3057 2073 Inde
3077 2030 3256 2074 autem
3276 2035 3435 2074 exor-

1858 2112 2001 2174 diar,
2033 2111 2177 2167 unde
2218 2111 2311 2166 ille
2352 2112 2554 2166 divina
2586 2112 2893 2167 vocationis
2924 2113 3162 2182 sumpsit
3193 2113 3434 2171 initiutn.

1931 2203 2100 2258 Vicus
2131 2213 2215 2259 est
2248 2204 2300 2258 in
2349 2204 2594 2259 confinio
2626 2205 2866 2275 regionis
2896 2214 3099 2261 nostra:
3124 2214 3177 2259 et
3202 2205 3433 2260 Cilicum

1858 2296 2022 2359 situs,
2056 2311 2218 2365 quem
2265 2295 2310 2328 ³⁸
2366 2294 2529 2350 Sisan
2580 2297 2890 2350 nominant.
2939 2294 3013 2349 Ex
3068 2296 3172 2349 hoc
3235 2303 3432 2361 ortus,

1858 2403 1989 2444 oves
2022 2388 2263 2459 primum
2290 2404 2321 2442 a
2354 2388 2677 2459 parentibus
2707 2402 2935 2458 pascere
2970 2388 3187 2453 didicit,
3215 2399 3273 2442 ut
3307 2389 3436 2442 hinc

1858 2480 2029 2534 etiam
2058 2492 2182 2534 cum
2221 2478 2435 2548 magnis
2482 2479 2615 2535 viris
2648 2482 2992 2543 conferatur,
3024 2476 3233 2533 Jacobo
3266 2483 3436 2548 patri-

1860 2571 2045 2636 archa,
2083 2579 2137 2626 et
2166 2569 2411 2640 Josepho
2456 2570 2799 2636 continente,
2826 2578 2883 2625 et
2914 2568 3064 2625 Mose
3097 2569 3433 2641 legislatore,

1858 2670 1912 2714 et
1941 2659 2143 2715 Davide
2188 2674 2317 2729 rege
2359 2674 2424 2714 ac
2458 2659 2748 2730 prOpheta,
2783 2668 2840 2715 et
2870 2658 3093 2714 Michzea
3144 2660 3435 2731 propheta,

1858 2760 1914 2807 ct
1940 2752 2135 2805 horum
2171 2750 2446 2807 similibus
2492 2751 2627 2805 viris
2674 2750 2903 2807 divinis.
2943 2750 3080 2806 Cum
3108 2759 3293 2806 autem
3338 2752 3438 2806 ali-

1859 2843 2082 2913 quando
2118 2844 2208 2897 nix
2237 2843 2408 2895 multa
2437 2842 2760 2909 decidisset,
2788 2850 2845 2897 et
2868 2858 3001 2899 oves
3037 2844 3187 2898 intus
3212 2858 3438 2899 manere

1861 2942 2210 3003 cogerentur,
2230 2935 2401 2987 otium
2434 2934 2650 3007 1263
2678 2942 2879 2990 nactus
2914 2937 2980 2990 ad
3018 2936 3263 2990 divinum
3296 2946 3435 2989 tem-

1863 3027 2011 3094 plum
2048 3025 2195 3079 venit
2229 3040 2355 3079 cum
2386 3027 2723 3095 parentibus.
2762 3024 2887 3081 Haec
2918 3043 3048 3082 vero
3074 3043 3289 3083 sacram
3316 3030 3437 3098 ejus

1862 3116 2101 3186 linguam
2147 3124 2462 3170 narrantem
2510 3116 2715 3171 audivi.
2762 3117 2960 3172 Aiebat
3000 3133 3132 3189 ergo
3155 3120 3436 3189 evangelh

1859 3220 1981 3259 cam
2018 3220 2079 3260 se
2116 3222 2308 3261 vocem
2362 3205 2663 3272 audivisse,
2710 3224 2834 3278 qua:
2874 3209 3063 3265 beatos
3119 3210 3438 3279 pronuntiat

1859 3313 1956 3353 eos
1984 3298 2077 3366 qui
2108 3297 2239 3354 ﬂent
2279 3307 2335 3353 et
2381 3298 2593 3367 lugent,
2637 3307 2691 3353 et
2740 3300 2974 3356 miseros
3011 3312 3167 3355 vocat
3210 3317 3307 3357 eos
3342 3302 3435 3371 qui

1860 3388 2063 3454 rident,
2109 3396 2163 3442 et
2197 3388 2389 3444 felices
2451 3404 2550 3445 eos
2597 3391 2845 3446 nominat
2902 3393 2995 3462 qui
3046 3393 3251 3447 mundo
3304 3402 3436 3449 sunt

1858 3479 2044 3543 corde,
2088 3487 2142 3534 et
2189 3479 2297 3533 alia
2347 3496 2469 3550 quae
2503 3480 2591 3536 his
2640 3496 2888 3537 connexa
2919 3493 3069 3538 sunt.
3111 3483 3315 3540 Deinde
3346 3486 3432 3539 in-

1858 3583 2172 3642 terrogasse
2203 3573 2498 3644 quemdam
2538 3591 2605 3630 ex
2637 3578 3026 3645 praesentibus,
3076 3593 3186 3648 qua
3224 3580 3435 3633 ratione

1859 3665 1973 3720 haec
2011 3667 2274 3736 consequi
2318 3668 2520 3737 aliquis
2556 3669 2755 3736 possit,
2784 3675 2840 3723 et
2872 3669 3024 3723 illum
3070 3672 3434 3727 monasticam

1856 3758 1960 3827 ipsi
2007 3758 2176 3812 vitam
2210 3760 2577 3829 suggessisse,
2620 3776 3004 3831 summamque
3051 3763 3198 3816 illam
3252 3772 3437 3819 osten-

1857 3847 2007 3904 disse
2045 3850 2471 3919 philosophiam.
2522 3848 2810 3920 Susceptis
2860 3851 3027 3921 igitur
3073 3851 3244 3905 divini
3282 3854 3433 3908 verbi

1856 3940 2184 4003 seminibus,
2235 3954 2291 3996 et
2320 3943 2373 3994 in
2425 3941 2715 4011 profundis
2758 3942 2957 3998 animae
2992 3945 3164 4000 sulcis
3210 3946 3315 4000 rite
3345 3961 3432 4002 re—

1856 4033 2119 4094 c0nditis,
2168 4035 2223 4087 in
2281 4034 2517 4088 vicinam
2558 4046 2878 4089 sanctorum
2930 4047 3230 4107 martyrum
3260 4039 3433 4093 aedem

1857 4123 2167 4194 profectum
2214 4140 2273 4179 se
2308 4125 2546 4187 dicebat,
2596 4129 2649 4180 itt
2690 4141 2867 4196 eoque
2901 4130 3134 4197 genibus
3165 4137 3219 4185 ct
3256 4129 3437 4197 fronte

1857 4216 1975 4270 solo
2002 4215 2202 4280 aflixis,
2244 4232 2369 4271 eum
2418 4220 2513 4287 qui
2557 4233 2752 4272 omnes
2807 4219 3060 4274 homines
3090 4222 3204 4275 vult
3248 4222 3435 4277 salvos

1859 4307 1972 4361 fieri
2014 4322 2226 4370 orasse,
2280 4317 2338 4361 ut
2374 4310 2550 4377 ipsum
2593 4309 2661 4363 ad
2696 4309 2989 4379 perfectam
3030 4313 3248 4380 pietatis
3288 4314 3432 4367 viam

1855 4396 2171 4453 deduceret.
2216 4399 2434 4453 Diutius
2460 4413 2638 4455 autem
2668 4401 2722 4455 in
2753 4402 2899 4457 hunc
2925 4402 3144 4457 modum
3176 4420 3433 4473 perseve-

1855 4492 1996 4546 ranti
2046 4492 2153 4547 sibi
2202 4491 2419 4546 dulcem
2460 4494 2753 4562 quemdam
2802 4510 3056 4551 somnum
3098 4498 3434 4567 Obrepsisse,

172 4588 367 4643 τεύσαι
391 4588 481 4640 τὸν
506 4586 713 4648 πάντας
734 4584 1054 4655 ἀνθρώπους
1087 4584 1282 4648 σώζειν
1315 4584 1584 4648 ἐθέλοντα,
1624 4585 1739 4638 me.

1857 4584 2142 4652 visumque
2184 4584 2426 4639 oblatum
2458 4586 2769 4641 istiusmodi
2804 4605 2818 4642 :
2856 4606 2874 4638 ι
2907 4585 3309 4654 Fundamenta,
3347 4589 3432 4644 in-

174 4681 383 4751 ηγῆσαι
437 4678 601 4731 αὐτὴν
677 4678 812 4747 πρὸς
883 4677 981 4747 τὴν
1042 4676 1255 4729 τελείαν
1322 4677 1420 4742 τῆς
1476 4676 1757 4740 εύσεὸείας

172 4772 315 4825 ὀδόν.
357 4771 482 4823 Ἐπὶ
537 4768 671 4824 πολὺ
712 4769 769 4821 δὲ
799 4766 991 4821 τοῦτον
1025 4767 1365 4837 διατρίψαντι
1408 4767 1497 4821 τὸν
1532 4768 1755 4837 τρόπον,

172 4862 344 4917 ὕπνον
376 4861 476 4931 μὲν
522 4860 672 4929 αύτῷ
729 4860 1123 4931 προσγενέσθαι
1188 4860 1306 4912 τινὰ
1348 4859 1571 4927 γλυκὺν,
1625 4860 1754 4930 ὄναρ

171 4954 225 5007 δὲ
250 4952 454 5006 τοιόνδε
509 4951 830 5005 θεάσασθαιο
885 4970 903 5001 ι
954 4950 1250 5020 Ὀρύττειν,
1300 4952 1487 5021 φησιν,
1532 4951 1754 5004 ἐδόκουν

173 5040 427 5111 θεμέλια,
480 5036 598 5093 εἷτά
650 5057 794 5101 τινος
844 5039 1077 5103 ἑστῶτος
1126 5040 1365 5101 ἀκούειν,
1424 5041 1500 5104 ὼς
1550 5041 1629 5094 ἔτι
1684 5058 1752 5110 με

175 5133 431 5205 βαθύνειν
473 5133 534 5186 τὸ
581 5132 801 5203 ὄρυγμα
843 5132 943 5185 δεῖξ’
1003 5132 1406 5203 προστεθεικὼς
1455 5134 1633 5187 τοίνυν
1675 5134 1750 5197 ὼς

168 5226 428 5281 ἐκέλευσε
480 5225 665 5295 βάθος,
727 5225 891 5279 πάλιν
945 5225 1261 5297 ἐπειρώμην
1299 5226 1749 5282 διαναπαύεσθαι·

173 5316 312 5369 ἀλλά
345 5316 442 5375 καὶ
500 5310 655 5378 αὖθίς
700 5332 789 5384 μοι
835 5314 1081 5385 ὀρύττειν
1131 5316 1485 5385 προσέταττε,
1532 5319 1624 5371 καὶ
1678 5318 1753 5388 μὴ

173 5408 365 5477 λήγειν
392 5405 488 5459 τοῦ
525 5405 710 5458 πόνου.
747 5406 879 5475 Τρὶς
911 5406 968 5457 δέ
1017 5423 1106 5476 μοι
1156 5405 1315 5459 τοῦτο
1359 5408 1452 5459 καὶ
1494 5411 1751 5476 τετράκις

173 5497 587 5565 παρεγγυήσας,
614 5497 767 5555 τέλος
789 5496 1153 5566 ἀποχρώντως
1180 5496 1319 5566 ἔχειν
1349 5497 1452 5567 ἔφη
1478 5498 1536 5551 τὸ
1567 5499 1747 5567 βάθος,

171 5590 267 5639 καὶ
320 5587 622 5657 οἰκοδομεῖν
668 5587 883 5650 ἀπόνως
929 5587 1180 5640 ἐκέλευσε
1212 5588 1273 5639 τὸ
1305 5588 1507 5656 λοιπὸν,
1546 5592 1620 5656 ὡς
1652 5595 1745 5648 τοῦ

1860 4678 2002 4748 quit,
2034 4678 2167 4733 mihi
2213 4678 2401 4733 fodere
2434 4679 2677 4742 videbar,
2712 4688 2766 4733 et
2795 4689 3063 4737 astantem
3093 4684 3111 4703 '
3142 4683 3431 4753 quemdam

1860 4771 2077 4836 audire,
2123 4771 2217 4840 qui
2267 4770 2477 4825 diceret
2529 4771 2946 4841 profundiorem
2997 4772 3175 4826 adhuc
3227 4771 3432 4829 fossam

1864 4879 1952 4917 me
1990 4863 2169 4917 facere
2196 4870 2483 4931 oportere;
2531 4873 2585 4916 et
2616 4878 2740 4916 cum
2788 4864 2853 4917 ad
2884 4863 3311 4934 profunditatem
3337 4864 3433 4919 ad-

1851 4955 2113 5024 jecissem
2142 4963 2201 5009 ut
2240 4955 2493 5024 jnhebat,
2532 4964 2694 5025 atque
2730 4957 2926 5010 iterum
2953 4958 3238 5027 quiescere
3268 4970 3434 5011 cona-

1856 5062 1968 5110 rer,
2007 5048 2097 5103 ille
2129 5063 2345 5103 rursum
2383 5047 2591 5108 fodere.
2620 5064 2721 5104 nec
2756 5066 2784 5103 a
2815 5050 2999 5104 labore
3020 5064 3238 5104 cessare
3264 5050 3435 5118 impe-

1860 5139 2037 5193 rabat.
2072 5138 2238 5206 Quod
2282 5148 2367 5193 ter
2397 5150 2704 5208 quaterque
2752 5155 2875 5195 cum
2906 5141 3285 5210 praecepisset,
3316 5148 3434 5194 tan-

1859 5229 1982 5283 dem
2032 5228 2386 5283 sullicientetn
2444 5244 2566 5284 csse
2611 5230 2958 5284 altitudinem
2998 5230 3159 5295 dixit,
3214 5239 3268 5285 et
3317 5232 3435 5284 sine

1860 5321 2045 5375 labore
2092 5322 2353 5390 deinceps
2403 5324 2675 5377 aedificare
2712 5324 2901 5392 jussit.
2954 5328 3114 5395 quasi
3160 5333 3435 5381 cessasset

1859 5412 2034 5475 labor,
2091 5422 2144 5466 et
2181 5414 2319 5467 citra
2367 5416 2603 5469 laborem
2656 5416 2840 5471 futura
2876 5426 3025 5471 esset
3056 5417 3429 5479 aedificatio.)

1861 5502 1997 5558 Huic
2047 5506 2382 5573 praedictioni
2431 5507 2588 5561 fidem
2644 5524 2735 5564 res
2788 5517 3062 5564 astruunt.
3122 5508 3425 5587 Humanam

1856 5597 2056 5666 quippe
2117 5607 2368 5653 naturam
2432 5599 2704 5655 excedunt
2757 5618 2875 5671 quu-
2933 5614 3216 5672 geruntur.
3276 5600 3424 5656 Illinc

1458 5771 1688 5827 VARIAS
1731 5772 2129 5830 LECTIONI'SS.

247 5858 292 5888 ³⁷
325 5856 448 5911 Indi
480 5859 636 5915 habet
672 5858 951 5917 llervetus.
994 5862 1035 5889 "'
1071 5862 1250 5917 Seaam
1289 5862 1446 5918 llerv.
