4216 6456
815 338 947 405 1467

1763 350 2249 415 THEODORETI
2285 356 2621 419 EPISCOPI
2673 362 3036 425 CYRENSIS

3910 375 4045 440 “68

805 453 950 503 enim
982 466 1303 524 exsurgens,
1340 456 1405 508 ad
1440 456 1743 514 vicinorum
1784 465 2145 532 quorumdam
2190 484 2376 521 mona-
2403 476 2450 530 Α

2375 500 2376 506 η
2403 476 2450 530 Α
2479 469 2642 521 πόνου
2696 473 3063 541 λωφήσαντος,
3127 477 3221 531 καὶ
3264 479 3362 550 τῆς
3422 481 3725 552 οἰκοδομίας
3774 487 4040 559 ἐσομένης

805 542 1035 593 chorum
1081 542 1453 596 habitaculum
1500 551 1667 610 venit,
1701 550 2029 620 duobusque
2067 557 2226 611 annis
2250 572 2373 608 cum

808 634 918 685 illis
950 643 1219 697 versatus,
1243 643 1296 687 et
1332 636 1544 707 1267
1574 640 1921 708 perfectioris
1951 646 2167 699 virtutis
2190 662 2375 703 amore

805 733 1018 791 captus,
1060 723 1317 778 Teledam
1371 732 1548 782 vicum
1588 732 1739 784 illum
1789 736 1965 802 petiit,
2015 737 2173 806 cujus
2213 748 2373 793 antea

806 815 1172 877 meminimus,
1217 817 1360 885 apud
1406 836 1566 887 quem
1613 826 1793 892 magni
1824 834 1879 879 et
1910 827 2079 880 divini
2110 828 2212 880 viri
2239 826 2370 882 Am-

804 906 1017 959 mianus
1048 914 1102 959 et
1140 907 1405 963 Eusebius
1452 916 1810 969 monasticam
1850 919 2157 984 palaestram
2186 935 2372 974 erexe-

802 1006 930 1048 runt
962 1012 974 1047 :
1014 997 1111 1050 sed
1153 1014 1259 1051 non
1294 1001 1344 1052 in
1378 1002 1519 1056 hanc
1554 1004 1776 1061 divinus
1817 1006 2117 1078 Symeoues
2148 1026 2207 1064 se
2240 1027 2369 1065 con-

799 1090 945 1152 tutit,
975 1089 1070 1142 sed
1110 1091 1161 1143 in
1207 1091 1456 1157 alteram,
1495 1112 1618 1165 qua:
1652 1098 1719 1151 ab
1750 1113 1812 1152 ea
1862 1102 2158 1169 prodierat.
2201 1105 2370 1159 Euse-

797 1178 972 1234 buuas
1032 1183 1176 1235 enim
1237 1194 1289 1236 et
1321 1184 1616 1251 Abibio",
1647 1205 1771 1243 cum
1818 1196 2001 1261 magni
2037 1193 2255 1251 Eusebii
2280 1198 2367 1250 (li-

797 1272 1028 1339 si-iplina
1071 1276 1210 1329 satis
1248 1274 1483 1330 fuissent
1537 1280 1820 1349 instruiti,
1855 1284 1959 1339 hoc
2012 1278 2367 1358 philos'Ophite

795 1361 1138 1427 gyiniiasium
1181 1364 1561 1421 condiderant.
1616 1368 1719 1435 Qui
1763 1387 1888 1426 cum
1922 1376 2090 1429 animi
2133 1392 2367 1433 concor-

793 1447 881 1497 dia
914 1449 1269 1517 moribusque
1326 1461 1436 1506 tuta
1494 1457 1604 1509 vita
1635 1456 2040 1525 consenserint,
2072 1466 2220 1519 velut
2246 1467 2367 1520 aui-

794 1550 934 1585 mam
974 1553 1135 1589 unam
1174 1540 1387 1595 duobus
1420 1544 1477 1597 in
1507 1550 1835 1614 corporibus
1863 1563 2132 1620 gerentes.
2165 1556 2364 1611 multos

791 1624 1036 1691 ejusdem
1086 1632 1209 1683 vita:
1253 1634 1482 1700 cupidos
1532 1635 1858 1693 habuerant.
1889 1642 1987 1697 llis
2018 1653 2198 1701 autem
2236 1661 2362 1700 cum

793 1715 967 1783 gloria
1012 1719 1119 1771 vita
1156 1724 1377 1785 fauetis,
1430 1724 1705 1781 sodalium
1743 1732 2128 1800 praefecturam
2175 1752 2363 1792 susce-

2476 562 2726 624 εὐκόλως.
2776 583 2795 615 ι
2828 565 3010 638 Ταύτῃ
3050 571 3115 638 τῇ
3146 575 3445 643 προρρήσει
3489 575 3556 628 τά
3584 575 3879 647 πράγματα
3907 598 4049 650 μαρ-

2474 656 2647 720 τυρεῖ·
2680 655 2822 728 πέρα
2858 658 2965 728 γὰρ
3011 659 3109 729 τῆς
3132 662 3347 729 φύσεως
3386 664 3456 718 τὰ
3488 670 3763 737 γινόμενα.
3808 671 4049 725 Ἐκεῖθεν

2473 743 2710 808 ἀναστὰς
2756 748 3008 818 ἀσκητῶν
3066 770 3228 805 τινων
3304 760 3718 823 γειτονευόντων
3780 762 4049 814 κατέλαϐε

2472 837 2834 906 καταγώγιον.
2878 840 2981 894 Δύο
3027 842 3083 896 δὲ
3140 846 3324 910 αὐτοῖς
3379 849 3743 918 συνδιαγαγὼν
3786 852 3905 921 ἔτη,
3956 853 4047 906 καὶ

2472 928 2569 995 τῆς
2611 929 2952 1003 τελειοτέρας
3002 937 3203 1007 ἀρετῆς
3248 940 3518 1010 ἐρασθεὶς,
3558 942 3784 995 Τελεδάν
3830 945 4047 1014 ἐκείνην

2469 1018 2567 1088 τὴν
2604 1020 2797 1092 κώμην
2837 1025 3154 1093 κατέλαϐεν,
3187 1025 3255 1099 ἦς
3301 1033 3392 1084 καὶ
3413 1034 3647 1104 πρόσθεν
3674 1036 4043 1105 ἐμνήσθημεν,

2471 1112 2603 1180 παρ’
2644 1114 2710 1183 ἥν
2742 1115 2791 1166 οί
2823 1116 3048 1184 μεγάλοι
3089 1120 3184 1173 καὶ
3217 1120 3349 1175 θεῖοι
3376 1124 3583 1193 ἄνδρες,
3630 1127 3929 1196 ’Δμμιανὺς
3954 1129 4049 1180 καὶ

2472 1200 2751 1266 Εὐσέϐιος,
2774 1208 2872 1274 τὴν
2902 1208 3205 1280 ἀσκητικὴν
3242 1211 3579 1284 παλαίστραν
3601 1216 3882 1285 ἐπήξαντο.
3903 1218 4047 1268 Ἀλλ’

2467 1293 2567 1346 οὐκ
2606 1296 2685 1358 εἰς
2720 1297 2926 1367 ταύτην
2957 1302 2984 1351 ό
3012 1299 3295 1361 θεσπέσιος
3332 1304 3623 1376 Συμεώνης
3649 1309 3894 1374 ἀφίκετο,
3924 1310 4045 1361 ἀλλ’

2468 1384 2546 1446 είς
2580 1383 2679 1455 τὴν
2724 1387 2916 1458 ἑτέραν
2957 1390 3055 1458 τὴν
3093 1392 3157 1444 ὲκ
3189 1392 3396 1455 ταύτης
3426 1395 3823 1464 βλαστήσασαν.
3870 1399 4044 1451 Εὐσε-

2467 1471 2644 1537 ϐὡνας
2672 1474 2780 1546 γὰρ
2812 1478 2903 1529 καὶ
2951 1478 3227 1543 Ἀὀιὸίων,
3267 1481 3364 1549 τῆς
3399 1483 3657 1536 Εὐσεϐίου
3679 1484 3771 1537 τοῦ
3797 1488 4042 1555 μεγάλου

2464 1560 2803 1627 διδασκαλίας
2844 1566 3041 1629 ίκανῶς
3066 1569 3487 1634 ἀπολαύσαντες,
3518 1573 3632 1625 τόδε
3672 1575 3729 1626 τὸ
3762 1577 3858 1644 τῆς
3883 1577 4042 1642 φιλο-

2466 1651 2655 1717 σοφίας
2710 1652 3132 1726 ᾠκοδομήσαντο
3184 1663 3615 1732 φροντιστήριον.
3686 1664 4041 1734 Ὀμογνώμο·

2464 1758 2555 1804 νες
2594 1742 2651 1796 δὲ
2703 1744 2792 1799 διὰ
2854 1746 2981 1817 βίου,
3030 1750 3123 1803 καὶ
3179 1752 3473 1823 όμότροποι
3530 1757 3831 1823 γεγονότες,
3873 1758 4041 1809 οἱονεὶ

790 1807 871 1873 pit
904 1810 1257 1867 admirandus
1297 1812 1647 1883 Heliodorus,
1688 1821 1781 1889 qui
1810 1826 2090 1895 sexaginta
2121 1829 2362 1899 quinque
2394 1805 2438 1861 Β

2394 1805 2438 1861 Β
2469 1833 2598 1902 μίαν
2634 1833 2814 1905 ψυχὴν
2854 1805 2925 1891 ’ἐν
2964 1805 3057 1892 δύο
3092 1805 3340 1911 σώμασιν
3387 1805 3769 1909 ἐπιδείξαντες,
3792 1805 4040 1911 ’πολλοὺς

790 1912 965 1951 amms
1011 1917 1134 1953 cum
1168 1902 1388 1967 vixerit,
1422 1907 1560 1965 duos
1596 1912 1668 1964 ibi
1705 1920 1759 1965 et
1792 1917 2076 1985 sexaginta
2113 1919 2360 1977 inclusus

789 1992 1076 2059 transegit.
1134 1992 1334 2049 Tribus
1382 1999 1527 2053 enim
1582 2003 1725 2071 apud
1779 2017 2032 2073 parentes
2092 2010 2362 2070 educatus

788 2081 976 2143 annis,
1027 2083 1092 2135 ad
1125 2100 1341 2155 gregem
1385 2089 1532 2160 hunc
1568 2094 1802 2149 allectus
1849 2106 1955 2160 est,
2000 2113 2125 2152 eum
2166 2116 2357 2157 eorum

787 2185 912 2237 quae
940 2172 993 2224 in
1039 2176 1239 2227 sazeulo
1268 2188 1401 2232 sunt
1446 2181 1583 2236 nihil
1626 2183 1852 2239 vidisset
1899 2202 2161 2256 unquam.
2198 2189 2359 2247 Dice-

786 2262 880 2315 bat
906 2266 1128 2332 quippe,
1162 2267 1268 2322 sibi
1305 2286 1406 2325 nec
1438 2288 1757 2340 porcorum,
1790 2290 1893 2331 nec
1936 2279 2224 2346 gallorum,
2261 2298 2362 2339 nec

786 2354 1018 2409 aliorum
1071 2358 1385 2427 hujusmodi
1431 2373 1617 2419 notam
1649 2366 1882 2421 formam
1918 2385 2062 2426 esse.
2106 2370 2263 2426 ilunc
2304 2381 2361 2429 et

784 2463 887 2517 ego
917 2449 1024 2503 vidi
1061 2468 1326 2523 persaepe,
1373 2472 1699 2528 morumque
1735 2460 2143 2530 simplicitatem
2179 2467 2357 2520 admi-

784 2552 936 2596 ratus
967 2559 1112 2608 sum,
1144 2557 1198 2600 et
1226 2548 1393 2601 animi
1425 2551 1717 2618 puritatem
1748 2569 2083 2626 magnopere
2110 2559 2353 2629 suspexi.

782 2636 942 2705 Apud
986 2638 1130 2693 hunc
1176 2639 1344 2709 igitur
1370 2642 1720 2700 clarissimus
1768 2646 1859 2701 bic
1898 2649 2101 2704 athleta
2138 2651 2358 2719 pietatis

783 2728 971 2781 decem
1007 2745 1276 2784 annorum
1307 2735 1487 2802 spatio
1534 2735 1858 2805 decertavit,
1908 2750 1956 2795 et
1999 2757 2124 2795 cum
2178 2755 2355 2797 certa-

786 2818 993 2871 Ininu-m
1025 2822 1212 2876 socios
1255 2822 1484 2879 haberet
1512 2829 1813 2898 octoginta,
1853 2831 2014 2901 longe
2045 2848 2235 2889 omnes
2270 2849 2359 2888 su-

780 2912 993 2975 peravit
1023 2930 1035 2963 :
1062 2912 1197 2967 adeo
1224 2923 1282 2967 ut
1315 2930 1439 2969 eum
1474 2920 1655 2973 caeteri
1690 2922 1915 2978 alternis
1947 2926 2142 2980 diebus
2172 2928 2353 2981 cibum

781 3015 1086 3067 sumerent,
1128 3015 1297 3060 totam
1341 3009 1455 3078 ipse
1496 3011 1892 3068 hebdomadam
1919 3018 2141 3085 jejunus
2173 3021 2357 3088 exple-

2461 1924 2618 1995 ἔσχον
2652 1927 2747 2002 τοῦ
2782 1927 2896 1998 βίου
2928 1933 3283 2003 συνεραστάς.
3315 1936 3529 1988 Τούτων
3551 1937 3606 1989 δὲ
3639 1939 3754 2007 μετ’
3783 1940 4039 2005 εὐκλείας

2462 2015 2860 2081 ὑπεξελθόντων
2890 2020 2983 2074 τὸν
3011 2021 3147 2091 βίον,
3188 2024 3509 2094 Ἡλιόδωρος
3541 2027 3570 2077 ὁ
3600 2027 3900 2097 θαυμάσιος
3929 2031 4035 2098 τὴν

2458 2106 2568 2159 τῶν
2602 2108 2862 2161 συνοίκων
2889 2112 3183 2181 ἠγεμονίαν
3213 2114 3447 2179 ἐδέξατο·
3480 2116 3539 2178 ὃς
3581 2117 3739 2169 πέντε
3782 2120 3877 2171 καὶ
3908 2119 4036 2189 ἐξή-

2459 2214 2622 2250 κοντα
2640 2196 2736 2269 ἔτη
2755 2198 3069 2265 διαδιώσας,
3090 2202 3183 2256 δύο
3211 2205 3306 2257 καὶ
3332 2206 3591 2276 ἑξήκοντα
3608 2208 3752 2261 ἔνδον
3783 2210 4037 2280 καθειργ-

2463 2287 2620 2356 μένος
2632 2287 2928 2342 διετέλεσεν
2951 2291 3065 2363 ἔτη”
3090 2293 3215 2364 τρία
3232 2294 3339 2365 γὰρ
3357 2294 3448 2367 ἔτη
3474 2297 3626 2368 παρὰ
3645 2301 3757 2362 τοῖς
3774 2316 4037 2372 γεγεννηο

2460 2377 2578 2430 κόσι
2598 2382 2844 2447 τραφεὶς,
2876 2384 2957 2445 είς
2976 2382 3074 2454 τὴν
3096 2385 3294 2456 ἀγέλην
3309 2387 3621 2459 εἰσελήλυθε
3637 2390 3859 2462 ταύτην,
3879 2394 4035 2446 οὐδὲν

2457 2466 2566 2518 τῶν
2586 2468 2642 2519 ὲν
2660 2467 2737 2538 τῷ
2764 2469 2862 2539 βίῳ
2882 2473 3217 2542 γιγνομένων
3238 2474 3573 2546 θεασάμενος
3594 2478 3835 2537 πώποτε.
3858 2483 4038 2551 Ἔφα-

2460 2575 2554 2611 σκε
2575 2559 2650 2623 δὲ,
2676 2561 2797 2631 μηδ’
2819 2562 2949 2615 αὐτὸ
2966 2564 3162 2617 εἰδέναι
3189 2567 3295 2618 τῶν
3316 2568 3532 2638 χοίρων.
3557 2571 3589 2639 ἢ
3613 2572 3719 2623 τῶν
3737 2572 4035 2642 ἀλεκτρυό-

2458 2667 2583 2715 νων,
2601 2654 2634 2721 ἥ
2657 2652 2764 2705 τῶν
2784 2653 2959 2707 ἀλλων
2985 2655 3092 2707 τῶν
3117 2657 3376 2711 τοιούτων
3392 2659 3452 2712 τὸ
3474 2655 3631 2723 εἶδος.
3657 2661 3857 2715 Τούτου
3876 2663 4036 2732 κάγὼ

2457 2742 2719 2807 πολλάκις
2740 2746 2836 2816 τῆς
2861 2746 2990 2809 θέας
3024 2749 3335 2817 ἀπήλαυσα,
3358 2752 3451 2802 καὶ
3485 2752 3594 2805 τῶν
3614 2754 3830 2823 τρόπων
3864 2755 4031 2809 ἐθαύ-

2460 2852 2608 2905 μασα
2634 2837 2731 2907 τὴν
2759 2838 3054 2907 ἁπλότητα,
3085 2841 3177 2894 καὶ
3206 2840 3595 2912 ύπερηγάσθην
3630 2844 3773 2913 μάλα
3800 2845 3901 2917 τὴν
3931 2846 4037 2916 τῆς

2453 2925 2633 2995 ψυχῆς
2654 2928 3016 2998 καθαρότητα.
3044 2932 3183 3001 Πρὸς
3204 2932 3391 2985 τοῦτον
3412 2934 3740 3003 ἀφικόμενος
3776 2937 3803 2987 ό
3833 2937 4038 2989 πένταο

2457 3017 2578 3077 θλος
2597 3014 2749 3082 οὗτος
2781 3022 2879 3088 τῆς
2908 3021 3188 3085 εὐσεϐείας
3214 3024 3540 3093 ἀγιιδνιστὴς,
3566 3024 3697 3078 δέκα
3733 3027 3831 3095 μὲν
3857 3027 4035 3079 διετέ-

783 3103 885 3160 ret,
921 3111 1064 3164 aegre
1104 3097 1407 3156 ferentibus
1444 3106 1775 3173 praepositis.
1818 3116 1871 3161 et
1906 3125 2029 3162 cum
2066 3125 2132 3164 eo
2164 3114 2350 3165 rixan-
2380 3141 2425 3198 α

2380 3141 2423 3198 (ς
2456 3109 2606 3161 λεσεν
2624 3111 3021 3180 ἀγωνιζόμενος
3045 3113 3155 3180 ἓτη’
3175 3114 3501 3183 ὀγδοήκοντα
3529 3115 3587 3180 δὲ
3618 3120 4035 3183 συναγωνιστὰς

778 3187 929 3242 tibus
969 3190 1214 3253 assidue,
1257 3202 1311 3247 et
1362 3194 1874 3252 immoderatiouem
1924 3202 1975 3253 id
2026 3205 2351 3271 appellanti-
2380 3181 2425 3200 u

2380 3181 2425 3200 1⁸
3321 3181 3330 3183 _
3640 3205 3665 3217 ,,
3768 3181 3776 3183 Ὗ
3808 3208 3822 3218 ,
4017 3181 4024 3182 7

2456 3199 2617 3268 ἔχων,
2661 3200 3084 3269 ὑπερηκόντισεν
3144 3202 3405 3265 ἅπαντας
3458 3206 3553 3256 καὶ
3597 3222 3706 3259 των
3737 3206 3917 3261 ἄλλων
3944 3209 4034 3262 διὰ

779 3277 908 3337 bus,
943 3294 1040 3332 nec
1068 3282 1396 3347 persuadere
1436 3287 1644 3366 verbis,
1694 3288 2146 3360 alacritatemque
2183 3293 2354 3348 refre-

778 3386 912 3424 nare
957 3373 1287 3429 valentibus.
1328 3381 1345 3398 '
1378 3378 1538 3431 Illum
1597 3380 1814 3451 1268
1866 3397 1967 3451 ego
2031 3384 2207 3453 ipsqu
2257 3386 2351 3455 qui

776 3464 930 3533 gregi
978 3480 1122 3518 nunc
1150 3466 1345 3535 praeest
1401 3470 1610 3536 audivi,
1659 3487 1783 3525 cum
1842 3489 2092 3530 narraret
2125 3477 2251 3531 fune
2284 3480 2351 3532 il-

778 3555 888 3609 lum
916 3571 981 3610 ex
1024 3558 1223 3626 palmis
1259 3570 1546 3625 contexto,
1588 3563 1733 3632 quod
1775 3580 1949 3633 genus
1980 3569 2347 3636 asperrimum

774 3656 861 3701 est
886 3650 1050 3701 etiam
1092 3650 1343 3705 manibus
1387 3668 1514 3706 cum
1548 3655 1811 3724 tangitur,
1847 3658 2060 3714 lumbos
2084 3660 2347 3725 cinxisse,

775 3753 884 3791 non
930 3740 1275 3795 extrinsecus
1310 3743 1675 3808 circumdato,
1719 3748 1813 3801 sed
1854 3749 1921 3801 ad
1955 3758 2134 3803 cutem
2176 3766 2348 3820 appo-

775 3830 904 3889 sito,
947 3839 1001 3883 et
1043 3838 1152 3883 tam
1198 3842 1347 3887 arcte
1378 3849 1719 3907 compresso,
1755 3847 1814 3891 ut
1859 3847 1972 3892 tota
2005 3841 2094 3892 illa
2128 3857 2252 3909 pars
2295 3844 2348 3897 in

772 3920 962 3971 orbem
996 3921 1433 3977 exulceraretur.
1475 3924 1694 4001 Etcum
1740 3930 1859 3984 dies
1889 3933 2128 4000 amplius
2161 3934 2348 3988 decem

774 4010 877 4062 hoc
917 4012 1078 4086 molo
1125 4014 1498 4081 perdurasset,
1578 4022 1976 4093 sanguinisque
2025 4026 2195 4093 guttis
2249 4043 2348 4079 ex—

775 4109 1088 4167 asperatum
1123 4104 1279 4158 ulcus
1331 4108 1585 4174 stillaret,
1618 4122 1841 4180 rogatus
1893 4131 1921 4167 a
1969 4116 2205 4183 quodam
2254 4117 2347 4185 qui

774 4190 982 4244 viderat
1014 4209 1135 4261 qua-
1172 4210 1341 4250 causa
1393 4208 1541 4253 esset
1590 4205 1899 4271 sanguinis,
1934 4220 2059 4258 cum
2104 4206 2149 4260 is
2184 4210 2349 4261 Inole-

775 4282 846 4337 sti
877 4283 978 4336 sibi
1025 4285 1158 4338 nihil
1202 4302 1328 4341 esse
1370 4291 1764 4358 respondisset,
1814 4295 1919 4347 vim
1956 4295 2163 4351 faciens
2196 4314 2346 4351 como

777 4374 951 4427 milito
986 4391 1206 4429 manum
1266 4379 1513 4445 immisit,
1571 4391 1625 4436 et
1676 4399 1899 4439 causam
1960 4387 2341 4456 deprehendit,

2455 3290 2548 3341 δύο
2586 3291 2805 3359 ἡμερῶν
2834 3292 3210 3345 ἀπολαυόντων
3241 3295 3471 3365 τροφῆς,
3513 3298 3695 3350 πᾶσαν
3729 3298 3920 3362 ἄσιτος
3947 3294 4036 3353 οὗ·

2455 3397 2547 3443 τος
2595 3382 2695 3451 τὴν
2756 3383 3023 3452 ὲῖδομάξα
3076 3386 3329 3454 διέμεινε.
3400 3389 3873 3458 Δυσχεραινόντων
3934 3392 4034 3461 μὲν

2452 3471 2560 3523 τῶν
2607 3476 3100 3541 προστατευόντων,
3152 3478 3244 3529 καὶ
3286 3478 3739 3548 ξυγομαχούντων
3790 3481 3904 3543 ἀεὶ,
3938 3484 4035 3535 καὶ

2453 3563 2674 3627 ἀταξίαν
2700 3566 2760 3617 τὸ
2793 3569 3021 3636 πρᾶγμα
3073 3568 3397 3635 καλούντων,
3427 3571 3489 3623 ού
3518 3571 3813 3625 πειθόντων
3842 3573 3902 3625 δὲ
3921 3576 4036 3635 τοῖς

2452 3652 2783 3722 λεγομένοις,
2804 3656 2925 3707 οὐδὲ
2953 3656 3198 3725 χα).ινοῦν
3243 3657 3554 3725 δυναμένων
3577 3657 3673 3728 τὴν
3697 3658 4032 3729 προθυμίαν.

2457 3744 2703 3797 Ἤκουσα
2722 3746 2775 3796 δὲ
2792 3745 2957 3796 αύτοῦ
2990 3747 3194 3797 ἐκείνου
3219 3746 3571 3817 διηγουμένου
3589 3748 3682 3799 καὶ
3705 3747 3799 3799 τοῦ
3815 3748 3914 3799 νῦν
3933 3748 4037 3816 τῆς

2451 3833 2619 3900 αὐτῆς
2656 3834 2857 3902 ἀγέλης
2885 3836 3330 3904 ἡγεμονεύοντος,
3362 3837 3436 3899 ὡς
3462 3837 3695 3905 σχοινίον
3734 3837 3868 3889 ποτὲ
3926 3837 4035 3889 ἀπὸ

2452 3924 2705 3991 φοινίκων
2774 3927 3278 3995 κατεσκευασμένον
3324 3926 3502 3979 λαὸὼν
3560 3931 3916 3998 (τραχυτάτη
3976 3929 4035 3982 δὲ

2450 4015 2586 4084 αὕτη
2626 4001 2745 4069 λίαν
2785 4018 2876 4069 καὶ
2936 4019 3093 4086 χερσὶ
3152 4017 3630 4088 προσψαυούσαις),
3670 4019 3899 4082 διέζωσε
3934 4020 4034 4090 τὴν

2450 4105 2639 4173 ὀσφὺν,
2699 4107 2809 4158 οὔτ’
2844 4106 3039 4171 ἔξωθεν
3075 4109 3338 4176 περιθεὶς,
3375 4108 3489 4160 ἀλλ’
3516 4110 3662 4178 αὐτῷ
3704 4110 4034 4177 προσ-φύσας

2449 4196 2524 4265 τῷ
2550 4197 2797 4265 δέρματι·
2839 4200 2931 4250 καὶ
2982 4198 3122 4250 οὓτω
3166 4198 3285 4251 λίαν
3335 4198 3707 4267 συνέσφιγξεν,
3746 4200 3823 4262 ὡς
3881 4202 4033 4254 ἆπαν

2449 4290 2622 4341 έκεῖνο
2667 4291 2721 4340 ἐν
2768 4290 2950 4357 κύκλῳ
3001 4290 3058 4341 τὸ
3106 4290 3268 4359 μέρος
3305 4291 3562 4352 ὲλκῶσαι,
3615 4283 3658 4356 ᾧ
3695 4291 4030 4360 περιέκειτο.

2460 4380 2545 4441 Ὠς
2565 4381 2619 4431 δὲ
2654 4381 2868 4443 πλείους
2916 4381 2946 4447 ἦ
2982 4380 3111 4432 δέκα
3138 4382 3352 4452 ἡμέρας
3390 4381 3577 4433 τοῦτον
3616 4380 3888 4433 διετέλεσε
3935 4382 4031 4434 τὸν

775 4468 1173 4535 praepositoque
1206 4468 1484 4523 indicavil.
1521 4471 1625 4537 Qui
1672 4490 1794 4529 mox
1844 4478 1996 4530 illum
2029 4478 2340 4548 increpans,
2378 4475 2420 4527 Ι)

2378 4475 2420 4527 D
2448 4474 2666 4540 τρόπον,
2702 4474 2794 4523 καὶ
2839 4471 2900 4522 τὸ
2945 4470 3098 4533 ἕλκος
3146 4471 3529 4540 χαλεπώτερον
3568 4472 3914 4540 γιγνόμενον,
3941 4473 4030 4525 αῖ-

772 4564 827 4607 ct
859 4557 1179 4622 obsecrans,
1226 4561 1412 4629 reique
1442 4565 1788 4621 atrocitatem
1819 4568 2114 4635 damnans,
2155 4573 2346 4627 vincu-

774 4646 884 4698 lum
924 4648 1055 4702 illud
1109 4652 1195 4704 vix
1227 4654 1426 4708 exemit
1462 4674 1474 4708 :
1517 4657 1611 4710 sed
1646 4674 1713 4711 ne
1739 4660 1819 4714 sic
1845 4660 2066 4729 quidem
2096 4663 2344 4727 adduxit,

772 4738 1030 4797 utulceri
1061 4741 1385 4796 medicinam
1421 4746 1659 4815 aliquam
1694 4749 1997 4809 adhiberet.
2030 4752 2146 4805 Alia
2180 4768 2343 4822 porro

778 4826 1089 4895 lnqusmodi
1147 4844 1456 4898 cernentes,
1500 4839 1765 4893 excedere
1822 4841 1975 4895 illum
2017 4858 2047 4896 e
2088 4844 2340 4912 palaestra

766 4916 1076 4985 jusserunt,
1132 4937 1201 4976 ne
1243 4939 1473 4995 corpore
1533 4928 2009 4996 imbecillioribus,
2061 4943 2115 4988 et
2173 4950 2339 5005 supra

776 5008 919 5062 vires
985 5025 1114 5065 suas
1181 5016 1424 5071 aemulari
1508 5022 1841 5077 conantibus
1912 5024 2115 5078 damno
2170 5036 2335 5082 esset.

772 5095 1038 5166 Egressus
1070 5117 1218 5171 ergo,
1255 5115 1307 5158 et
1353 5106 1657 5163 desertiora
1706 5112 1908 5166 montis
1964 5114 2082 5168 loca
2126 5123 2335 5190 petens,

767 5190 1065 5245 cisternam
1120 5197 1277 5264 aquis
1339 5211 1591 5261 vacuam.
1656 5216 1757 5256 nec
1804 5202 1960 5256 valde
2013 5204 2337 5271 profundam

769 5296 985 5345 naezus,
1015 5284 1065 5336 in
1087 5302 1204 5339 eam
1233 5303 1291 5342 se
1326 5289 1501 5358 ipsum
1525 5291 1765 5355 demisit,
1800 5293 1982 5362 ibique
2012 5295 2120 5348 Deo
2153 5296 2338 5351 laudes

769 5372 987 5425 obtulit.
1020 5373 1147 5429 Post
1183 5377 1299 5430 dies
1350 5381 1614 5449 quinque,
1649 5383 1971 5449 ptenitcntia
2017 5384 2164 5436 ducti
2196 5400 2335 5452 pra:-

774 5463 935 5533 positi
971 5463 1108 5518 duos
1137 5466 1332 5521 misere
1365 5486 1490 5525 cum
1542 5472 1816 5527 mandatis
1860 5480 1914 5524 ut
1950 5474 2099 5525 illum
2132 5489 2339 5541 qmcre-

2452 4578 2616 4631 ματος
2645 4561 2793 4629 ὴφίει
2841 4562 3123 4628 σταγόνας,
3161 4562 3322 4631 ήρετό
3351 4579 3432 4623 τις
3468 4562 3631 4614 αὑτὸν
3660 4561 4027 4631 θεασάμενος,

2443 4654 2526 4715 τίς
2565 4654 2596 4721 ἠ
2629 4653 2777 4705 αἰτία
2819 4652 2909 4705 τοῦ
2958 4652 3215 4722 αἵματος·
3262 4653 3357 4705 τοῦ
3398 4654 3455 4706 δὲ
3500 4653 3663 4722 μηδὲν
3694 4653 3841 4723 ἔχειν
3869 4656 4031 4708 ἀνια-

2447 4747 2537 4817 ρὸν
2567 4745 2837 4813 λέγοντος,
2892 4744 3216 4815 βιασάμενος
3247 4748 3275 4798 ὁ
3330 4745 3732 4814 συναγωνιστὴς
3780 4747 3873 4796 καὶ
3925 4747 4028 4815 τὴν

2441 4841 2600 4909 χεῖρα
2630 4837 2870 4899 ἐνέϐαλε,
2918 4839 3014 4889 καὶ
3048 4836 3145 4906 τὴν
3184 4835 3363 4888 αἰτίαν
3415 4836 3712 4905 κατέμαθε,
3764 4837 3861 4888 καὶ
3896 4839 4029 4888 ταύ-

2446 4950 2544 5003 την
2593 4931 2671 5002 τῷ
2698 4930 3115 5000 προστατεύοντι
3158 4930 3553 4997 κατεμήνυσεν,
3604 4928 3811 4980 Λύτίκα
3838 4930 4026 4980 τοίνυν

2448 5021 2539 5075 καὶ
2583 5022 2874 5089 ἐπιτιμῶν,
2914 5019 3009 5071 καὶ
3058 5017 3408 5089 παρακαλῶν,
3465 5015 3665 5069 καὶτοῦ
3696 5019 4024 5087 πράγματος

2446 5111 2542 5182 τὴν
2579 5112 2837 5181 ὠμότητα
2876 5108 3198 5172 διαϐάλλων,
3242 5108 3393 5179 μόλις
3431 5110 3637 5161 ἐκεῖνον
3662 5108 3873 5159 διέλυσε
3929 5109 4024 5160 τὸν

2446 5201 2663 5271 δεσμόν.
2730 5199 2869 5251 Ἀλλ’
2928 5198 3036 5251 οὐδ’
3076 5196 3247 5260 οὕτως
3298 5198 3483 5251 ἔπεισε
3537 5197 3834 5266 θεραπείαν
3894 5198 4020 5250 τινὰ

2445 5292 2637 5360 ἐκείνῳ
2687 5290 2767 5360 τῷ
2818 5290 2966 5342 ἕλκει
3014 5293 3421 5360 προσενεγκεῖν.
3476 5290 3638 5341 Ἀλλα
3684 5289 3738 5340 δὲ
3786 5289 4019 5341 τοιαῦτα

2443 5382 2651 5452 δρῶντα
2695 5382 2949 5451 ὁρῶντες,
3003 5382 3307 5450 ἀναχωρεῖν
3341 5380 3441 5449 τῆς
3485 5381 3822 5450 παλαίστρας
3869 5381 4019 5434 ἐκεί-

2445 5492 2539 5543 νης
2570 5474 2836 5540 ἐκέλευον,
2861 5472 2936 5536 ὡς
2990 5474 3053 5526 ἂν
3084 5473 3155 5544 μὴ
3198 5476 3307 5537 τοῖς
3342 5473 3722 5545 ἀσθενέστερον
3753 5472 3815 5527 τὸ
3853 5473 4017 5545 σῶμα

2012 5648 2238 5703 ΥΜὶΙίΕ
2272 5650 2668 5705 LEGTIONES.

854 5733 900 5765 ³³
937 5733 1146 5789 Abiton.
1176 5737 1388 5794 llervet.
