4216 6456
768 359 892 422 2471

1744 368 2233 430 THEODORETI
2281 368 2623 430 EPISCOPI
2656 373 3022 434 CYRENSIS

3895 371 4035 435 1472

762 476 867 527 ruis
899 474 1093 530 uiebus
1147 487 1315 543 stare,
1368 477 1649 548 Deumque
1703 481 1971 543 laudare:
2008 459 2208 538 deinde
2249 483 2337 536 tibi

2448 484 2660 554 ἡμέρας
2698 489 2939 550 ἑστάναι,
2982 488 3077 541 καὶ
3127 488 3219 540 τὸν
3276 489 3407 540 Θεὸν
3449 489 3730 557 ἀνυμνεὶᾯ.
3762 483 3895 539 Εἶτα
3934 487 4032 539 τοῦ

760 581 964 637 corpus
1020 571 1312 656 stationan
1366 580 1589 641 pr0pter
1642 574 1876 627 inediam
1920 575 2063 631 ferre
2104 578 2339 646 amplius

764 672 869 709 non
898 667 1127 726 poterat.
1159 654 1353 739 sedere
1400 658 1677 734 deinceps,
1714 673 1769 717 et
1795 666 1869 718 ita
1900 666 2145 748 divinam
2182 668 2343 721 litur-

760 750 904 816 giani
988 750 1318 806 exsolvere:
1393 755 1687 823 postremis
1740 771 1873 810 vero
1924 758 2118 812 diebus
2174 761 2342 812 etiam

760 842 1115 895 decumbere.
1179 842 1542 913 Consumptis
1594 848 1741 900 enim
1812 840 2075 916 paulatim
2135 850 2344 947 exstin;

758 930 973 997 rtisque
1040 932 1255 988 viribus
1299 935 1484 1002 jacere
1558 938 1954 993 semimortuus
2022 930 2341 1009 cogebatur.’

760 1018 1054 1091 Postquam
1115 1033 1299 1076 autem
1352 1025 1407 1077 iu
1452 1026 1710 1081 columna
1762 1030 1933 1090 stetit,
1987 1028 2183 1085 adduci
2235 1046 2344 1085 nou

762 1110 939 1176 potuit
970 1119 1026 1161 ut
1058 1111 1442 1176 descenderet,
1477 1116 1749 1184 aliamque
1780 1122 2045 1175 rationein
2075 1121 2200 1175 iniit
2230 1138 2337 1192 qua

762 1208 955 1253 staret.
984 1200 1219 1255 Trabem
1252 1205 1399 1258 enim
1428 1206 1663 1274 alligans
1694 1208 1983 1276 columnae,
2016 1221 2071 1265 et
2102 1214 2343 1279 seipsum

763 1291 900 1343 lrabi
954 1294 1286 1363 astringeus,
1346 1298 1709 1366 quadraginta
1767 1300 1884 1355 dies
1947 1303 2030 1357 sic
2087 1305 2343 1373 explevit.

761 1374 1011 1433 l’ostlizcc
1045 1397 1175 1433 vero
1198 1383 1407 1451 majore
1427 1387 1648 1442 caalitus
1680 1399 1904 1459 accepta
1924 1393 2121 1460 gratia,
2158 1379 2224 1447 ne
2246 1395 2345 1447 boc

760 1456 981 1537 quidem
1006 1488 1142 1541 opus
1171 1474 1358 1529 habuit
1379 1480 1584 1533 auxilio
1609 1497 1621 1532 :
1649 1481 1744 1534 sed
1773 1456 2194 1540 cibis‘omnibus
2219 1486 2345 1541 abs-

760 1564 945 1617 tinens
974 1565 1337 1634 quadraginta
1370 1569 1486 1623 dies
1522 1572 1705 1631 stetit.
1737 1573 2023 1631 alacritate
2070 1578 2235 1631 animi
2270 1579 2349 1633 di-

761 1653 1002 1723 vinaque
1033 1659 1205 1725 gratia
1228 1658 1602 1718 confirmatus.
1630 1661 1830 1718 Tribus
1860 1681 2011 1738 ergo,
2052 1680 2108 1722 ut
2139 1670 2347 1725 dictum

758 1754 865 1804 est.
904 1748 957 1799 in
990 1748 1078 1801 illa
1118 1748 1452 1806 domuncula
1508 1761 1805 1812 transactis
1830 1763 1845 1781 ‘
1878 1762 2061 1819 annis.
2095 1763 2161 1815 ad
2200 1764 2345 1818 celeo

2446 574 2695 644 σώματος
2721 578 2811 631 διὰ
2856 578 2953 648 τὴν
2989 579 3262 631 ἀπαστίαν
3292 579 3481 648 φέρειν
3509 579 3610 630 οὐκ
3656 578 3735 630 ἔτι
3762 576 3861 647 τὴν
3899 579 4032 630 στά-

2446 682 2530 719 σιν
2566 668 2859 737 ίσχύοντος,
2908 669 3179 739 καθῆσθαι
3208 670 3413 731 λοιπὸν,
3453 669 3549 725 καὶ
3581 668 3686 739 τὴν.
3720 669 3874 722 θείαν
3914 668 4031 721 λει-

2443 749 2701 825 τούργίαν
2756 758 3040 810 ἐπιτελείνο
3095 757 3194 820 τας
3221 758 3277 811 δὲ
3309 758 3624 821 τελευταίας
3669 760 3887 827 ἡμέρας
3934 759 4034 810 καὶ

2447 847 2885 916 προσκλίνεσθαι.
2920 852 3325 920 Δαπανωμένης
3371 852 3480 921 γὰρ
3520 851 3662 903 κατά
3697 850 3871 919 βραχὺ
3932 848 4034 915 τῆς

2450 934 2649 1007 ἰσχύος,
2686 941 2779 992 καὶ
2809 940 3309 1011 άποσὸεννυμένης,
3332 941 3545 994 κεῖσθαι
3563 940 3833 1011 ἡμιθανὴς
3859 942 4035 1009 ὴναγο

2446 1028 2661 1092 χάζετο.
2708 1031 2862 1083 Ἐπεὶ
2895 1028 2951 1084 δὲ
2987 1033 3079 1104 επὶ
3118 1032 3214 1085 τοῦ
3250 1033 3425 1096 κίονος
3458 1032 3611 1102 ἔστη,
3650 1034 3892 1085 κατιέναι
3934 1033 4035 1101 μὲν

2445 1121 2546 1173 οὐκ
2586 1122 2855 1191 ἠνείχετο,
2905 1125 3289 1194 ἐμηχανήσατο
3331 1125 3387 1178 δὲ
3430 1126 3529 1192 τὴν
3561 1126 3749 1178 στάσιν
3801 1126 4033 1195 ἑτέρως.

2448 1212 2614 1265 Δοκὸν
2654 1214 2763 1282 γάρ
2811 1230 2930 1265 τινα
2973 1215 3284 1285 προσδήσας
3307 1215 3386 1285 τῷ
3430 1216 3591 1275 κίονι,
3634 1216 3728 1268 καὶ
3772 1216 4037 1283 σχοινίοις

2449 1298 2610 1360 πάλιν
2662 1300 2855 1353 ἑαυτὸν
2893 1304 2959 1371 τῇ
3007 1300 3148 1371 δοκῷ
3186 1303 3596 1372 προσαρμόσας,
3627 1303 3725 1365 τὰς
3753 1305 4035 1371 τεσσαρά-

2449 1408 2611 1444 κοντα
2650 1391 2793 1445 οὕτω
2807 1393 3107 1446 διετέλεσεν
3138 1395 3370 1464 ἡμέρας.
3402 1395 3554 1463 Meti
3579 1395 3636 1447 δὲ
3660 1395 3831 1447 ταῦτα
3852 1395 4039 1447 πλείοο

2449 1500 2539 1546 νος
2598 1484 2788 1537 λοιπὸν
2834 1485 2933 1553 τῆς
2984 1485 3189 1538 ἀνωθεν
3246 1487 3468 1555 χάριτος
3531 1486 3869 1548 ἀπολαύσας.
3907 1485 4037 1538 οὐδὲ

2450 1575 2653 1643 ταύτης
2689 1575 2881 1646 ἐδεήθη
2928 1577 3025 1645 τῆς
3077 1576 3346 1647 βοηθείας,
3393 1578 3509 1630 ἀλλ’
3545 1578 3742 1649 ἕστηκε
3771 1579 3872 1634 τάς
3908 1594 4041 1630 τεσ-

2453 1666 2763 1737 σαράκοντα
2797 1666 3031 1736 ἡμέρας,
3070 1669 3253 1719 σιτίων
3292 1668 3389 1738 μὲν
3416 1670 3516 1723 οὐκ
3549 1669 3859 1731 ἀπολαύων,
3898 1685 4040 1739 προσ

2451 1754 2622 1826 θυμία.
2652 1754 2709 1808 δὲ
2742 1759 2836 1808 καὶ
2890 1756 3011 1825 θεία
3055 1755 3398 1827 ρωννύμενος
3429 1759 3632 1827 χάριτι.
3666 1759 3806 1827 Τρία
3826 1758 4036 1819 τοίνυν,

760 1836 1245 1895 berrimum'bunc
1297 1845 1501 1900 montis
1536 1849 1793 1901 verticem
1836 1854 2003 1915 venit,
2046 1854 2340 1915 maceriam

2448 1847 2520 1911 ὡς
2568 1848 2724 1918 ἔφην,
2746 1852 2803 1901 ἐν
2828 1849 3021 1919 ἐκείνῳ
3045 1849 3122 1918 τῷ
3169 1850 3400 1919 οἰκίσκῳ
3428 1851 3746 1913 διατελέσας
3778 1852 3899 1919 ἐτηι.
3933 1851 4038 1920 τὴν

764 1930 970 2000 1271
1008 1931 1348 1989 circumduci
1388 1940 1734 2007 praecipiens,
1792 1951 2095 2013 catenaque
2155 1946 2337 2007 ferrea

758 2022 947 2091 viginti
978 2024 1289 2078 cubitorum
1329 2027 1614 2093 fabricata,
1648 2033 1881 2103 ejusque
1919 2037 2097 2104 capite
2130 2054 2239 2091 uno
2270 2038 2338 2091 ad

760 2130 955 2168 saxum
1001 2117 1192 2187 ingens
1228 2120 1407 2186 allixo,
1438 2123 1614 2176 altero
1645 2126 1713 2179 ad
1746 2126 1999 2181 dextrum
2039 2130 2226 2198 pedem
2270 2132 2335 2184 il-

761 2208 952 2275 ligato,
994 2220 1050 2262 ut
1088 2218 1242 2264 extra
1283 2212 1488 2270 limites
1529 2216 1653 2270 illos
1696 2233 1795 2273 nec
1855 2220 1901 2273 si
1954 2221 2118 2276 vellet
2153 2225 2336 2293 egredi

762 2309 972 2367 posset,
1027 2300 1176 2353 intus
1212 2304 1436 2364 mansit,
1480 2308 1678 2358 C(Bltlln
1720 2308 1945 2364 assidue
1998 2312 2185 2367 animo
2234 2316 2342 2381 agi-

759 2402 905 2455 tans,
932 2402 986 2469 et
1016 2411 1137 2463 quae
1190 2412 1355 2463 supra
1384 2401 1555 2452 caelos
1589 2410 1715 2454 sunt
1749 2406 2115 2477 contemplari
2160 2408 2208 2458 vi
2240 2422 2338 2459 co-

761 2500 922 2538 uaus.
960 2485 1158 2539 Mentis
1214 2491 1358 2541 enim
1395 2491 1635 2545 volatqu
1690 2491 2150 2567 ferriavinculum
2207 2499 2338 2552 illud

759 2591 868 2629 non
902 2576 1248 2646 impediebat.
1285 2580 1423 2634 Cum
1475 2600 1603 2637 vero
1648 2578 2015 2643 admirandus
2067 2588 2337 2656 Mclctius,

758 2668 852 2736 qui
897 2669 1253 2728 Antiocbeme
1302 2676 1546 2744 regionis
1598 2687 1726 2731 tunc
1764 2681 2144 2751 episcopatum
2188 2697 2340 2752 rege-

759 2758 876 2823 bat,
903 2760 986 2814 vir
1012 2763 1299 2831 prudentia
1327 2775 1382 2820 et
1415 2767 1773 2836 intelligentia
1797 2766 2001 2837 clarus,
2030 2774 2341 2845 ingeniique

759 2853 989 2907 solertia
1042 2864 1298 2920 ornatus,
1361 2876 1845 2930 supervacaneum.
1890 2865 2097 2919 diceret
2134 2868 2337 2924 ferrum

757 2956 901 3003 esse,
934 2958 1057 2997 cum
1091 2946 1157 2999 ad
1215 2949 1447 3003 rationis
1483 2951 1703 3005 vincula
1752 2957 1976 3023 corpori
2033 2956 2338 3025 injicienda

757 3035 1018 3091 voluntas
1078 3038 1377 3103 suﬂiceret,
1437 3044 1627 3108 cessit,
1680 3053 1733 3098 et
1799 3048 2167 3103 admonitioni
2220 3051 2342 3120 ejus

760 3128 966 3195 paruit,
1003 3127 1290 3197 accitoque
1327 3130 1483 3185 fabro
1509 3134 1790 3187 vinculum
1829 3135 2177 3206 solvijussit.
2227 3139 2333 3196 Sed

758 3218 886 3284 quin
928 3218 1078 3271 cruri
1110 3221 1389 3289 applicata
1458 3224 1616 3292 pellis
1662 3222 1860 3290 fuerat,
1924 3242 1993 3280 ne
2041 3242 2243 3297 corpus
2305 3246 2334 3284 a

760 3309 910 3361 [erro
937 3310 1247 3375 lzrderetur,
1283 3320 1338 3365 et
1366 3314 1505 3367 banc
1540 3331 1760 3385 quoque
1791 3317 1919 3386 quia
1955 3329 2187 3374 consuta
2213 3329 2331 3375 erat

758 3399 997 3471 diliringi
1036 3404 1347 3471 Oportebat,
1384 3405 1608 3460 cimires
1644 3412 1916 3462 maximos
1944 3425 2110 3480 supra
2144 3413 2341 3481 viginti

760 3490 813 3544 in
839 3505 901 3543 ea
933 3492 1212 3546 latitantes
1260 3495 1408 3549 visos
1456 3496 1738 3560 dixerunt,
1769 3506 1823 3552 et
1870 3499 1972 3555 hoc
2009 3516 2069 3556 se
2103 3517 2340 3573 conspe-

762 3584 908 3636 xisse
962 3582 1248 3639 aﬂirmavit
1314 3587 1670 3642 admirandus
1722 3590 1994 3646 Meletius.
2047 3592 2157 3660 Ego
2209 3610 2343 3649 vero

762 3676 965 3731 ilcirco
992 3680 1444 3743 commemoravi,
1482 3689 1541 3734 ut
1582 3696 1832 3751 magnam
1884 3684 1985 3739 viri
2022 3687 2338 3754 patientiam

763 3770 890 3823 binc
933 3772 1098 3823 etiam
1153 3772 1524 3827 ostenderem.
1580 3772 1716 3826 Nam
1751 3790 1876 3828 cum
1920 3777 2114 3845 pellem
2172 3794 2338 3833 manu

760 3863 1146 3930 comprimere,
1183 3871 1239 3916 et
1271 3878 1465 3919 omnes
1492 3880 1727 3920 enecare
1783 3864 1942 3921 facile
1980 3878 2191 3936 posset,
2226 3885 2340 3923 mo-

764 3955 935 4006 lestos
970 3969 1190 4008 morsus
1247 3956 1552 4010 toleranter
1582 3970 1780 4026 passus
1820 3968 1923 4021 est,
1955 3960 2006 4012 in
2066 3962 2251 4030 parvis
2282 3978 2342 4018 se

764 4044 994 4097 libenter
1024 4045 1090 4097 ad
1135 4046 1343 4114 majora
1369 4048 1675 4101 certamina
1699 4064 1985 4103 exercens.
2016 4047 2179 4103 Fama
2211 4068 2341 4121 ergo

764 4150 860 4204 per
889 4150 1082 4191 omnes
1132 4152 1259 4190 oras
1316 4138 1600 4200 volitante,
1652 4144 2061 4193 concurrebant
2125 4157 2338 4208 omnes,

765 4241 871 4278 non
906 4226 1070 4279 vicini
1120 4229 1304 4292 modo,
1338 4228 1430 4283 sed
1475 4230 1508 4281 ii
1543 4232 1705 4283 etiam
1749 4231 1843 4298 qui
1888 4234 2185 4285 multorum
2228 4234 2343 4288 die-

762 4332 886 4370 rum
918 4316 1116 4372 itinere
1151 4319 1473 4385 distabant;
1510 4321 1600 4373 alii
1653 4322 1987 4392 paralyticos
2019 4323 2337 4391 oll‘crentcs,

762 4408 859 4460 alii
893 4408 1186 4461 sanitatem
1223 4410 1388 4479 agris
1448 4411 1813 4479 posmlautes,
1847 4412 1947 4483 alii
2005 4422 2189 4483 patres
2226 4415 2339 4469 ﬁeri

765 4506 1041 4564 rogantes,
1075 4506 1129 4549 et
1178 4501 1324 4566 quod
1360 4515 1390 4554 a
1443 4512 1637 4554 natura
1674 4518 1786 4555 nou
1839 4501 2187 4573 acc’eperant,
2245 4520 2343 4575 per

766 4590 919 4641 ilium
948 4592 1201 4645 obtinere
1227 4592 1613 4661 deprecantes.
1636 4592 1739 4659 Qui
1771 4594 2111 4661 accipiebant
2134 4608 2340 4664 autem,

764 4691 819 4734 et
844 4682 1023 4749 petitis
1056 4684 1431 4751 potiebantur,
1457 4699 1581 4738 cum
1606 4686 1803 4761 gaudio
1828 4686 2041 4756 1272
2067 4687 2338 4753 redibant,

765 4774 1243 4843 prmdicautesque
1276 4775 1538 4829 beneﬁcia
1595 4792 1717 4846 qua!
1756 4790 2105 4846 acceperant,
2171 4783 2345 4836 multo

765 4868 954 4935 plures
987 4867 1054 4919 ad
1099 4869 1289 4921 eadem
1326 4868 1555 4938 petenda
1605 4870 1980 4924 concitabant.
2033 4870 2127 4926 Sic
2162 4885 2343 4929 autem

769 4958 1014 5027 undique
1050 4958 1399 5014 venientibus
1427 4958 1720 5020 omnibus.‘
1745 4969 1799 5014 et
1854 4970 1961 5014 tota
1998 4961 2342 5047 via.liuvium

770 5050 1041 5113 imitante,
1078 5051 1363 5106 hominum
1398 5054 1625 5121 pelagus
1667 5054 1758 5108 illo
1792 5054 1844 5106 in
1872 5054 2207 5115 loco,videre
2236 5068 2342 5120 est,

769 5141 968 5196 ﬂuvios
1019 5143 1374 5213 undiquaque
1436 5145 1727 5199 inﬂuentes
1781 5134 2087 5215 excipiens.
2160 5146 2345 5216 Neque

769 5236 914 5288 enim
948 5234 1109 5304 hujus
1155 5245 1366 5289 tantum
1426 5245 1627 5291 nostra:
1681 5235 2167 5309 regionis‘inColm
2213 5260 2345 5297 coa—

771 5325 970 5390 ﬂuunt,
1001 5328 1097 5382 sed
1129 5338 1183 5381 et
1215 5328 1519 5392 lsmaelitze,
1560 5338 1614 5384 et
1638 5329 1838 5393 Persae,
1888 5340 1941 5386 et
1969 5333 2211 5386 Armenii
2262 5335 2346 5391 bis

774 5418 1003 5483 subditi,
1037 5428 1091 5474 et
1130 5418 1336 5479 lberes,
1369 5430 1421 5473 et
1460 5419 1777 5481 llomeritm.
1830 5434 1881 5476 et
1912 5424 2002 5493 qui
2061 5424 2167 5479 illis
2207 5426 2345 5479 inte-

774 5510 951 5564 riores
978 5518 1127 5563 sunt.
1154 5510 1367 5564 Venere
1394 5512 1563 5565 etiam
1598 5513 1752 5565 multi
1786 5513 2007 5568 ultimas
2032 5513 2346 5570 Occidentis
2373 5580 2375 5585 η

773 5614 902 5653 oras
933 5601 1261 5686 incolentes,
1300 5610 1354 5655 et
1384 5600 1721 5686 Hispaniuet
1759 5602 2033 5665 Britanni,
2077 5616 2129 5659 et
2184 5604 2343 5670 Galli,

775 5689 871 5757 qui
925 5660 1123 5743 boruni
1180 5693 1399 5746 inedia'
1439 5660 1709 5747 obtinent.
1777 5691 1850 5747 De
1909 5691 2059 5747 Italia
2113 5708 2349 5764 namque

779 5797 1175 5848 superi-aruum
1214 5786 1527 5840 estdicere.
1561 5782 1763 5839 Ferunt
1805 5786 1950 5840 cnim
2007 5786 2240 5839 maxima
2292 5789 2344 5842 iu

2449 1939 2883 2010 πολυθρύλλητον
2909 1939 3114 2011 ταύτην
3130 1941 3397 1993 κατέλαδε
3418 1942 3681 2012 κορυφὴν,
3704 1941 3957 2010 θριγκίον
3978 1944 4037 1992 έν

2450 2029 2634 2100 κύκλῳ
2660 2031 2908 2105 γενέσθαι
2944 2035 3352 2101 παρεγγυήσας,
3396 2032 3584 2085 ἅλυσίν
3621 2050 3681 2084 τε
3710 2035 3774 2084 ἐκ
3808 2034 4034 2101 σιδήρου

2450 2122 2667 2189 πήχεων
2720 2123 2892 2174 εἴκοσι
2941 2123 3375 2185 κατασκευάσας,
3420 2125 3513 2175 καὶ
3555 2124 3758 2193 ταύτης
3794 2123 4035 2193 θατέραν

2452 2215 2552 2283 μὲν
2594 2215 2771 2285 ἀρχὴν
2827 2216 3002 2286 πέτρα
3055 2218 3288 2287 μεγίστῃ
3362 2216 3743 2287 προσηλώσας,
3792 2216 4035 2285 θατέραν

2448 2304 2502 2357 δὲ
2528 2306 2605 2375 τις)
2632 2307 2791 2376 δεξιῷ
2825 2306 2947 2359 ποδί
2970 2308 3381 2378 προσαρμόσας,
3420 2308 3495 2371 ὡς
3542 2309 3607 2362 ἂν
3654 2309 3789 2378 μηδὲ
3840 2308 4033 2377 βουλό-

2452 2414 2610 2466 μενος
2645 2395 2751 2461 ἔξω
2792 2399 2900 2451 τῶν
2922 2399 3073 2468 ’ὅρων
3120 2399 3343 2451 ἐκείνων
3394 2400 3568 2462 ἀπίοι,
3614 2398 3800 2466 διῆγεν
3859 2398 4031 2460 ἔνδον,

2448 2490 2713 2559 διηνεκῶς
2757 2491 2847 2542 τὸν
2891 2491 3118 2561 οὐρανὸν
3178 2489 3605 2560 φανταζόμενος,
3654 2492 3749 2542 καὶ
3797 2491 3867 2542 τά
3920 2490 4035 2543 ἄνω

2447 2581 2554 2631 τῶν
2606 2580 2849 2650 οὐρανῶν
2887 2580 3114 2652 θεωρεῖν
3154 2580 3494 2651 βιαζόμενος.
3548 2582 3623 2633 Οὐ
3668 2582 3776 2649 γάρ
3822 2581 4033 2633 ἐκώλυε

2448 2670 2547 2740 τῆς
2613 2670 2850 2734 διανοίας
2902 2674 3000 2741 τὴν
3052 2674 3248 2741 πτῆσιν
3290 2674 3320 2724 ό
3371 2671 3467 2724 τοῦ
3531 2672 3751 2741 σιδήρου
3808 2672 4032 2741 δεσμός.

2462 2761 2682 2833 Ἐπειδὴ
2714 2763 2769 2815 δὲ
2805 2763 3066 2826 Μελέτιος
3096 2766 3123 2817 ό
3153 2762 3476 2833 θαυμάσιος,
3532 2765 3855 2815 ἐπισκοπεῖν
3883 2781 4035 2831 τηνι-

2449 2856 2621 2908 καῦτα
2652 2854 2753 2925 τῆς
2796 2856 3068 2925 Ἀντιόχου
3103 2856 3310 2918 πόλεως
3343 2856 3672 2923 τεταγμένος
3702 2856 3798 2924 τὴν
3821 2855 4033 2924 χώραν,

2449 2950 2589 3017 ἀνὴρ
2640 2950 2897 3019 φρονήσει
2941 2949 3035 3000 καὶ
3086 2948 3297 3001 συνέσει
3335 2948 3590 3017 λάμπων,
3642 2948 3735 2999 καὶ
3781 2949 4037 3018 ἀγχινοίᾳ

2449 3042 2888 3111 κεκοσμημένος,
2924 3042 3178 3112 περιττὸν
3211 3040 3316 3111 ἔφη
3346 3041 3437 3093 τὸν
3482 3040 3721 3110 σίδηρον,
3754 3042 4038 3109 ἀρκούσης

2447 3136 2547 3200 τῆς
2576 3134 2800 3205 γνώμης
2834 3134 3028 3201 λογικὰ
3070 3133 3147 3203 τῷ
3193 3134 3408 3202 σώματι
3459 3133 3759 3201 περιθεῖναι
3814 3134 4035 3202 δεσμά·

2449 3224 2557 3294 εἶξε
2590 3224 2713 3297 μὲν,
2746 3230 2838 3281 καὶ
2883 3228 2980 3296 τὴν
3019 3225 3340 3297 παραίνεσιν
3383 3224 3651 3288 εὐπειθῶς
3690 3226 4036 3290 είσεδέξατοο

2451 3320 2657 3391 χαλκέα
2701 3318 2758 3371 δὲ
2807 3319 3070 3387 κληθῆναι
3097 3316 3381 3379 κελεύσας,
3418 3316 3575 3370 λῦσαι
3609 3317 3915 3386 προσέταξε
3946 3318 4039 3369 τὸν

2448 3410 2663 3480 δεσμόν.
2713 3408 2929 3477 Ἐπειδὴ
2962 3408 3017 3461 δὲ
3053 3410 3145 3460 καὶ
3198 3408 3373 3477 δέρμα
3424 3408 3501 3476 τῷ
3553 3409 3731 3461 σκέλει
3789 3411 4038 3479 προσήρ-

2454 3517 2641 3571 μοστο,
2680 3499 2757 3562 ὡς
2818 3501 2884 3552 ἂν
2931 3500 3003 3570 μὴ
3054 3499 3325 3570 λωϐηθείη
3375 3501 3480 3551 ὑπὸ
3531 3498 3624 3552 τοῦ
3686 3500 3913 3569 σιδήρου
3975 3502 4038 3552 τὸ

2453 3590 2630 3657 σῶμα,
2672 3589 2765 3641 καὶ
2802 3588 2907 3641 ἔδει
2961 3589 3055 3639 καὶ
3083 3586 3240 3640 τοῦτο
3272 3587 3740 3658 (συνερραμμὲνον
3773 3589 3885 3656 γαρ
3918 3583 4033 3657 ἦν),

2449 3679 2832 3751 διαρραγῆναι.
2888 3680 3103 3740 πλείους
3159 3678 3191 3747 ἢ
3250 3678 3422 3730 εἴκοσι
3478 3678 3771 3747 μεγίστους
3823 3678 4041 3745 ἔφασαν

2450 3773 2634 3841 κόρεις
2673 3772 2729 3821 ὲν
2754 3771 2947 3834 ἐκείνῳ
2978 3770 3213 3821 κατιδεῖν
3254 3767 3705 3836 ὲμφωλεύονταςο
3733 3770 3830 3821 καὶ
3870 3767 4035 3820 τοῦτο

2450 3863 2554 3931 ἔφη
2580 3864 2605 3914 ό
2640 3861 2940 3930 θαυμάσιος
2982 3859 3269 3913 τεθεᾶσθαι
3299 3860 3582 3923 Μελέτιος.
3641 3858 3784 3927 Ἐγὼ
3835 3860 3894 3913 δι
3923 3862 4032 3913 ἀπ-

2449 3956 2853 4023 εμνημόνευσα,
2878 3953 2975 4021 τὴν
3005 3952 3205 4022 πολλὴν
3230 3950 3326 4005 τοῦ
3353 3953 3545 4022 ἀνδρὸς
3569 3951 3867 4005 κάντεῦθεν
3891 3970 4035 4023 καρ-

2448 4045 2635 4114 τερίαν
2664 4043 2991 4107 ἐπιδεικνύς.
3042 4044 3272 4113 Πιλῆσαι
3302 4042 3413 4112 γάρ
3443 4047 3507 4114 τῇ
3544 4045 3687 4113 χειρὶ
3729 4045 3792 4096 τὸ
3829 4045 4033 4114 δέρμα,

2449 4139 2543 4191 καὶ
2575 4138 2885 4206 διαφθεῖραι
2914 4139 3121 4199 πάντας
3152 4137 3453 4206 δυνάμενος
3488 4137 3708 4208 ῥᾳδίως,
3738 4138 3848 4190 τῶν
3875 4140 4035 4191 ἀνια-

2452 4226 2561 4299 ρῶν
2590 4227 2885 4296 δηγμάτων
2937 4228 3184 4297 ὴνείχετο
3224 4227 3529 4298 καρτερῶν,
3581 4230 3637 4279 έν
3664 4229 3776 4290 τοῖς
3814 4232 4036 4299 μικροῖς

2447 4321 2547 4389 τὴν
2574 4320 2682 4373 τῶν
2714 4319 2976 4390 μειζόνων
3014 4319 3239 4387 ἀγώνων
3281 4318 3665 4387 ἀσπαζόμενος
3694 4321 4031 4388 γυμνασίαν.

2450 4414 2563 4483 Τῆς
2620 4413 2801 4465 τοίνυν
2852 4416 3038 4481 φήμης
3088 4414 3323 4465 πάντοσε
3371 4409 3715 4480 διαθεούσης,
3781 4410 4035 4463 συνέθεον

2451 4500 2711 4565 ἅπαντες,
2749 4502 2848 4570 οὐχ
2896 4503 2944 4553 oi.
3001 4499 3401 4568 γειτονεύοντες
3450 4500 3630 4565 μόνον,
3680 4498 3817 4551 ἀλλὰ
3850 4502 3946 4551 καὶ
3980 4501 4032 4551 οι

2450 4592 2660 4645 πολλῶν
2694 4591 2915 4662 ἡμερῶν
2964 4590 3340 4660 ἀφεστηκότες
3380 4590 3531 4643 ὀδόν·
3583 4592 3632 4642 οἱ
3692 4591 3791 4659 μὲν
3830 4607 4031 4661 παρει-

2452 4683 2646 4751 μένους
2702 4683 2764 4734 τὸ
2826 4682 2987 4750 σῶμα
3044 4683 3467 4751 προσφέροντες,
3524 4682 3575 4733 οί
3612 4681 3667 4733 δέ
3725 4683 4033 4752 ἀρρώστοις

2448 4774 2637 4840 ὑγείαν
2678 4774 2974 4836 αἰτοῦντες,
3004 4775 3053 4826 oi
3082 4773 3138 4825 δὲ
3180 4774 3419 4843 πατέρας
3464 4773 3717 4841 γενέσθαι
3769 4791 4024 4844 παρακα-

2447 4863 2684 4927 λοῦντες.
2711 4864 2805 4916 καὶ
2824 4862 2854 4915 δ
2881 4863 3032 4934 παρὰ
3053 4863 3150 4932 τῆς
3175 4864 3388 4931 φύσεως
3413 4864 3514 4917 οὐκ
3543 4863 3755 4925 ἔλαϐον,
3784 4866 4029 4919 ἱκέτευον

2446 4957 2512 5011 δι’
2541 4957 2748 5010 ἐκείνου
2778 4955 2982 5010 λαὸεῖν.
3004 4957 3385 5024 Λαμὸάνοντες
3410 4957 3487 5019 δὲ,
3513 4957 3608 5009 καὶ
3629 4957 3737 5010 τῶν
3755 4958 4031 5027 αἰτήσεων

2448 5048 2834 5113 ἀπολαύοντες,
2887 5048 3003 5117 μετ’
3048 5046 3385 5142 εὐφροσύνης
3419 5047 3518 5117 μὲν
3551 5048 3888 5142 έπαρῄεσανο
3925 5068 4030 5122 κη-

2451 5140 2739 5212 ρόττοντες
2765 5140 2823 5192 δὲ
2852 5141 2952 5201 τὰς
2984 5138 3306 5210 εὐεργεσίας
3334 5133 3410 5191 ὦν
3452 5133 3665 5209 ἔτυχον,
3714 5139 4029 5196 πολλαπλα-

2451 5233 2599 5295 σίους
2629 5230 2738 5283 τῶν
2763 5229 2942 5282 αὐτῶν
2994 5228 3355 5298 δεησομένους
3387 5229 3714 5299 ἐξέπεμπον.
3773 5232 3934 5285 Οὕτω
3971 5233 4027 5286 δὲ

2454 5327 2669 5377 πάντων
2706 5320 3040 5392 πανταχόθεν
3079 5322 3512 5389 ἀφικνουμένων,
3545 5327 3639 5375 καὶ
3670 5324 3853 5394 πάσης
3903 5327 4027 5380 διδοῦ

2450 5414 2693 5484 ποταμὸν
2725 5415 3091 5485 μιμουμένης,
3121 5413 3354 5480 πέλαγος
3381 5412 3682 5480 ἀνθρώπων
3708 5413 3859 5466 εστιν
3894 5416 4029 5470 ἰδεῖν

2452 5509 2511 5561 ἐν
2545 5507 2738 5576 ἐκείνῳ
2762 5507 3154 5575 συνιστάμενον
3200 5504 3278 5573 τῷ
3312 5506 3497 5575 χωρίῳ
3530 5505 3657 5567 τοὺς
3690 5507 4029 5576 πανταχόθεν

2449 5574 2741 5668 δεχόμενον
2790 5574 3087 5666 ποταμούς.
3162 5597 3237 5648 Οὐ
3275 5574 3407 5665 γὰρ
3450 5597 3607 5667 μόνον
3657 5581 3705 5651 ὁὶ
3766 5574 3880 5667 τὴν
3906 5599 4029 5652 καθ’

2452 5690 2600 5761 ἡμᾶς
2656 5687 2983 5758 οἰκουμένην
3026 5688 3300 5750 οἰκοῦντες
3357 5688 3695 5759 συρρέουσιν,
3749 5689 3886 5743 ἀλλά
3936 5694 4031 5743 καὶ

2464 5778 2820 5850 Ἰσμαηλίται,
2857 5783 2948 5835 καὶ
2978 5782 3200 5852 Πέρσαι,
3262 5780 3355 5834 καὶ
3418 5780 3688 5851 Ἀρμένιοι
3743 5783 3791 5832 ot
3827 5780 4031 5835 τούτων
