4216 6456
186 413 322 477 M73

1395 413 1795 473 REI.IGiOS.\
1841 416 2221 479 HISTORIA.

3292 421 3422 483 1474

178 528 507 600 ὑποχείριοι,
545 528 634 579 καὶ
661 526 892 596 Ἰὃηρες,
943 527 1032 578 καὶ
1075 527 1381 594 Ὀμηρῖται,
1416 527 1504 576 καὶ
1533 527 1581 575 oi
1616 527 1752 576 ἐκεί·
1787 549 1826 601 Α

1787 549 1826 601 Α
1861 526 2028 579 Roma
2060 529 2329 583 celebrem
2386 528 2521 583 adeo
2572 533 2746 584 virum
2783 547 2924 593 esse.
2967 542 3026 586 ut
3077 533 3129 586 in
3169 535 3423 588 omnibus

179 639 288 673 νων
317 620 604 690 ἐνδότεροι.
635 620 914 689 Ἀφίκοντο
942 619 996 670 δὲ
1028 619 1210 671 πολλοὶ
1234 617 1330 680 τὰς
1355 617 1456 685 τῆς
1489 617 1756 686 Ἐσπέρας

177 712 458 772 οίκοῦντες
489 709 764 780 ἐσχατιάς,
814 712 1010 764 Σπάνοι
1057 727 1115 762 τε
1166 711 1256 762 καὶ
1304 711 1611 779 Βρεττανοὶ,
1665 711 1756 762 καὶ

179 800 440 864 Γαλάται,
465 803 514 853 οί
537 802 598 853 τὸ
625 802 787 870 μέσον
810 799 1013 852 τούτων
1043 799 1380 869 κατέχοντες.
1420 800 1551 868 Περὶ
1579 800 1684 868 γάρ
1707 801 1747 831 ³¹

1867 617 2206 671 oﬂlcinarum
2236 621 2523 675 vestibulis
2585 637 2780 690 parvas
2835 625 2957 693 ejus
3013 625 3275 693 imagines
3310 633 3422 677 sta-

1866 715 2041 769 tuant,
2074 709 2298 761 tutelam
2329 726 2394 763 ex
2433 711 2517 766 his
2549 713 2845 780 quamdam
2883 716 2985 768 sibi
3019 725 3074 769 et-
3105 715 3421 785 praesidium

1861 807 2244 867 comparantes
2254 840 2265 852 .

192 892 426 956 Ἰταλίας
475 894 727 964 περιττὸν
796 895 889 947 καὶ
935 892 1135 960 λέγειν.
1182 892 1318 942 Φασὶ
1365 893 1474 960 γάρ
1523 890 1693 952 οὕτως
1737 891 1794 940 ἐν
1877 889 2062 962 Ῥώμῃ
2120 893 2186 961 τῇ
2251 891 2479 962 μεγίστη
2539 893 2975 965 πολυθρύλλητον
3023 895 3273 962 γενέσθαι
3335 895 3427 949 τὸν

177 990 371 1059 ἄνδρα,
405 991 480 1053 ὡς
511 992 569 1042 ἐν
611 990 780 1044 ἅπασι
821 992 930 1051 τοῖς
973 987 1080 1039 τῶν
1144 988 1520 1058 ἐργαστηρίων
1601 984 1958 1054 προπυλαίοις
2025 987 2238 1050 είκόνας
2279 987 2429 1058 αὐτῷ
2477 989 2736 1058 βραχείας
2780 989 3103 1060 ἀναστῆσαι,
3181 989 3428 1060 φυλακήν

179 1099 303 1134 τινα
354 1082 536 1149 σφίσιν
583 1083 767 1144 αὐτοῖς
812 1083 903 1134 καὶ
957 1080 1256 1148 ἀσφάλειαν
1307 1079 1554 1131 ἐντεῦθεν
1597 1078 1931 1148 πορίζοντας.

263 1172 483 1241 Ἐπειδὴ
511 1174 689 1224 τοίνυν
715 1171 948 1243 ἀριθμοῦ
973 1172 1250 1242 κρείττους
1280 1173 1327 1223 οί
1349 1170 1754 1240 ἀφικνούμενοι,

181 1263 522 1334 προσψαύειν
552 1263 609 1315 δέ
662 1264 898 1325 ἅπαντες
944 1265 1277 1334 ἐπεχείρουν,
1325 1265 1417 1316 καί
1455 1279 1577 1316 τινα
1609 1262 1760 1316 εύλο-

178 1355 308 1419 γίαν
337 1355 444 1406 άπὸ
481 1354 588 1406 τῶν
626 1354 962 1424 δερματίνων
989 1357 1209 1408 ἐκείνων
1251 1355 1479 1424 ίματίων
1507 1357 1714 1425 τρυγᾷν
1736 1372 1750 1386 ·

181 1445 403 1515 πρῶτον
434 1445 532 1514 μὲν
561 1446 659 1512 τῆς
706 1447 870 1515 τιμῆς
903 1446 963 1499 τὸ
1003 1446 1338 1516 ὑπερϐάλλον
1379 1448 1579 1500 ἄτοπον
1619 1443 1754 1499 εἶναι

179 1535 441 1598 νομίζων,
500 1536 688 1588 ἔπειτα
742 1538 833 1588 καὶ
881 1535 975 1589 τοῦ
1024 1537 1348 1607 πράγματος
1394 1538 1453 1590 τὸ
1499 1538 1754 1591 ἐπίπονον

177 1628 569 1696 δυσχεραίνων,
598 1626 695 1698 τὴν
723 1629 813 1680 ἐπὶ
831 1627 922 1680 τοῦ
944 1628 1119 1691 κίονος
1140 1629 1521 1698 ἐμηχανήσατο
1544 1631 1750 1682 στάσιν.

187 1717 415 1785 Πρῶτον
447 1717 546 1784 μὲν
581 1715 641 1780 ἐξ
669 1717 888 1785 πήχεων
915 1717 1188 1786 τμηθῆναι
1213 1717 1492 1780 κελεύσας,
1519 1715 1636 1770 εἶτα
1664 1717 1757 1770 δύο

181 1809 279 1860 καὶ
307 1807 461 1868 δέκα,
497 1807 632 1876 μετὰ
661 1807 716 1859 δὲ
743 1807 913 1860 ταῦτα
940 1807 1031 1860 δύο
1061 1810 1153 1860 καὶ
1179 1809 1370 1870 εἴκοσι,
1399 1809 1565 1862 νῦνδὲ
1591 1809 1648 1873 ἒξ
1665 1809 1756 1861 καλ⁵

181 1900 477 1966 τριάκοντα
497 1913 510 1926 ·
538 1898 842 1967 ἀναπτῆναι
870 1899 977 1966 γάρ
1005 1900 1083 1961 είς
1115 1900 1340 1970 οὐρανὸν
1377 1901 1607 1968 ἐφίεται,
1661 1901 1757 1952 καὶ

180 1987 280 2055 τῆς
311 1987 553 2054 ἐπιγείου
596 1985 800 2054 ταύτης
833 1987 1212 2057 ἀπαλλαγῆναι
1257 1989 1558 2058 διατριϐῆς.
1617 1987 1756 2056 Ἐγὼ

178 2076 235 2128 δέ
259 2075 383 2129 οὐδὲ
415 2073 512 2146 τῆς
550 2076 700 2140 θείας
741 2077 868 2130 ἄνευ
907 2079 1218 2148 οἰκονομίας
1261 2079 1463 2150 ταύτην
1511 2080 1752 2132 πιστεύω

181 2167 438 2233 γενέσθαι
463 2171 563 2236 τὴν
590 2169 798 2221 στάσιν.
839 2163 1025 2237 υῦπερ
1063 2172 1246 2223 εἵνεκα
1286 2171 1409 2232 τοὺς
1464 2171 1760 2241 μεμψιμοί-

183 2276 314 2330 ρους
375 2260 676 2331 παρακαλῶ
741 2261 1036 2332 χαλινῶσαι
1084 2264 1184 2332 τὴν
1241 2265 1507 2331 γλῶτταν,
1543 2266 1636 2318 καὶ
1683 2266 1757 2334 μὴ

183 2352 508 2423 ἐπιτρέπειν
536 2353 612 2415 ὡς
639 2352 794 2422 ἔτυχε
820 2355 1078 2423 φέρεσθαι
1107 2372 1120 2386 ο
1154 2359 1371 2409 σκοπεῖν
1408 2357 1486 2418 δὲ,
1521 2358 1595 2419 ὡς
1634 2357 1760 2409 πολ-

184 2441 344 2504 λάκις
371 2442 596 2497 τοιαῦτα
625 2446 652 2496 ὁ
685 2445 964 2514 Δεσπότης
1008 2446 1116 2498 τῶν
1156 2447 1540 2518 ῥᾳθυμοτέρων
1574 2448 1759 2500 ἕνεκεν

184 2534 454 2602 ὠφελείας
477 2539 876 2606 ἐμηχανήσατο.
909 2539 1017 2591 Καὶ
1042 2539 1148 2608 γάρ
1177 2539 1268 2591 τὸν
1309 2541 1534 2592 Ἡσαΐαν
1554 2541 1758 2610 γυμνὸν

187 2628 285 2678 καὶ
312 2627 648 2695 ἁνυπόδητον
689 2628 901 2696 βαδίσαι
935 2627 1235 2699 προσέταξε
1256 2647 1269 2659 ο
1323 2631 1417 2682 καὶ
1446 2632 1535 2682 τὸν
1599 2631 1754 2702 Ἰερε-

189 2719 321 2786 μίαν
354 2718 678 2787 περίζωσμα
708 2722 771 2788 τῇ
809 2717 971 2786 ὀσφύϊ
1005 2719 1328 2789 περιθεῖναι,
1353 2723 1444 2774 καὶ
1482 2721 1624 2775 οὕτω
1649 2726 1759 2786 τοῖς

186 2808 440 2860 ἀπειθέοι
472 2810 801 2879 προσφέρειν
823 2811 922 2879 τὴν
951 2812 1286 2883 προφητείαν
1313 2829 1326 2842 ο
1369 2815 1460 2865 καὶ
1491 2815 1675 2867 ἄλλοτε
1703 2815 1759 2867 δὲ

187 2898 405 2960 κλοιοὺς
444 2898 682 2961 ξυλίνους
714 2901 804 2952 καὶ
826 2901 1075 2972 σιδηροῦς
1118 2903 1255 2972 μετὰ
1294 2903 1465 2956 ταῦτα
1509 2903 1586 2974 τῷ
1632 2922 1762 2974 τρα-

188 2989 337 3059 χήλῳ
395 2989 706 3059 περιδαλεῖν
733 3008 748 3022 ο
775 2993 868 3044 καὶ
921 2992 1000 3062 τῷ
1051 2994 1209 3064 Ὠσηὲ
1272 2997 1503 3060 γυναῖκα
1559 2996 1760 3066 πόρνην

192 3080 403 3144 λαϐεῖν,
438 3083 526 3133 καὶ
576 3079 732 3145 αὖθις
786 3084 1070 3152 ἀγαπῆσαι
1109 3088 1338 3150 γυναῖκα
1373 3087 1614 3155 πονηρὰν
1668 3089 1761 3140 καλ⁸

193 3173 478 3242 μοιχαλίδα
504 3189 517 3204 -
565 3175 657 3226 καὶ
688 3174 764 3243 τῷ
808 3173 1084 3244 Ἰεζεκιὴλ,
1137 3175 1231 3227 ἐπὶ
1269 3174 1362 3227 τοῦ
1394 3176 1565 3241 δεξιοῦ
1601 3177 1761 3229 πλευο

191 3262 289 3332 ροῦ
332 3264 738 3334 τεσσαράκοντα
795 3265 1187 3332 κατακλιθῆναι
1237 3265 1481 3336 ἡμέρας,
1533 3269 1626 3319 καὶ
1672 3271 1761 3320 ἐπὶ

189 3354 283 3407 τοῦ
319 3354 599 3424 εὐωνύμου
661 3357 995 3426 πεντήκοντα
1029 3354 1121 3408 καὶ
1159 3356 1349 3408 ἑκατόν
1371 3373 1385 3386 ο
1429 3357 1523 3410 καὶ
1579 3359 1758 3421 πάλιν,

189 3445 433 3513 διορῦξαι
481 3451 676 3516 τοῖχον,
715 3449 809 3500 καὶ
853 3447 1119 3515 φεύγοντα
1170 3447 1421 3511 ἐξελθεῖν,
1467 3451 1558 3500 καὶ
1603 3453 1762 3518 αἰχμ-

202 3539 441 3591 αλωσίαν
471 3540 528 3590 ἐν
559 3539 734 3608 ἑαυτῷ
756 3539 1069 3608 διαγράψαγ
1093 3541 1182 3590 καὶ
1203 3540 1389 3592 ἄλλοτε
1423 3541 1474 3592 δὲ
1504 3541 1651 3609 ξίφος
1685 3543 1762 3602 εἰς

191 3632 379 3701 ἀκμὴν
409 3631 742 3702 παραθῆξαι,
768 3631 862 3682 καὶ
886 3628 1148 3698 ξύρασθαι
1165 3630 1338 3700 τούτῳ
1371 3630 1467 3700 τὴν
1498 3631 1760 3701 κεφαλὴν,

195 3725 284 3774 καί
315 3723 556 3791 τετραχῆ
581 3722 679 3785 τὰς
716 3726 908 3790 τρίχας
938 3719 1156 3783 διελεῖν,
1205 3722 1298 3772 καὶ
1330 3723 1619 3790 ἀπονεῖμαι
1667 3723 1763 3784 τὰς

199 3816 298 3882 μὲν
326 3817 406 3877 είς
429 3815 569 3877 τόδε,
600 3813 697 3874 τὰς
722 3813 777 3866 δέ
807 3814 886 3875 είς
913 3811 1054 3874 τόδε,
1110 3812 1193 3863 ἵνα
1236 3811 1309 3880 μὴ
1339 3812 1550 3864 ἅπαντα
1591 3829 1761 3865 κατα-

196 3908 357 3974 λέγω.
392 3906 640 3958 Γίνεσθαι
673 3905 730 3957 δὲ
766 3904 969 3956 τούτων
1011 3905 1240 3956 ἕκαστον
1287 3902 1614 3972 προσέταττε
1651 3902 1762 3954 τῶν

194 3999 332 4050 δλων
369 3999 397 4050 ὁ
425 3997 706 4066 πρύτανις,
738 3997 863 4057 τοὺς
896 3994 1037 4062 λόγῳ
1085 3994 1158 4063 μὴ
1209 3993 1583 4062 πειθομένους,
1629 3993 1761 4061 μηδὲ

197 4087 294 4156 τῆς
324 4085 660 4155 προφητείας
693 4084 905 4136 ἐπαΐειν
949 4082 1327 4152 ἀνεχομένους,
1371 4082 1448 4151 τῷ
1495 4085 1594 4149 τῆς
1632 4082 1764 4134 θεω-

201 4181 322 4246 ρίας
375 4176 660 4246 παραδόξῳ
715 4175 1006 4242 συλλέγων,
1065 4176 1160 4226 καὶ
1221 4175 1330 4226 τῶν
1379 4174 1762 4244 θεσπισμάτων

195 4267 414 4322 ἀκούειν
463 4267 917 4335 παρασκευάζων.
963 4267 1059 4327 Τίς
1108 4266 1217 4331 γάρ
1239 4266 1340 4317 οὑκ
1385 4266 1450 4318 ἂν
1488 4265 1759 4334 ἐξεπλάγη

197 4358 340 4411 θεῖον
365 4357 650 4426 ἄνθρωπον
679 4358 885 4426 γυμνὸν
927 4356 1207 4425 βαδίζοντα
1235 4357 1488 4426 θεωρῶν;
1541 4359 1632 4419 Τίς
1662 4359 1762 4409 ούκ

197 4449 262 4501 ἂν
291 4450 391 4518 τὴν
414 4449 589 4500 αίτίαν
623 4448 718 4500 τοῦ
758 4447 1078 4516 γιγνομένου
1137 4447 1326 4516 μαθεῖν
1359 4447 1624 4516 ἐπόθησε,
1667 4448 1760 4510 Τίς

196 4541 250 4592 δὲ
274 4541 374 4592 οὐκ
407 4541 472 4592 ἂν
500 4540 694 4610 ήρετοο
736 4541 800 4591 Τί
837 4539 1035 4608 δήποτε
1082 4541 1255 4610 πόρνῃ
1287 4543 1548 4591 συνοικεῖν
1576 4542 1603 4592 ὁ
1631 4556 1761 4610 προσ

1941 1169 2208 1235 Quoniam
2242 1173 2434 1226 autem
2455 1172 2885 1228 innumerabiles
2912 1181 3066 1226 erant
3095 1175 3185 1240 qui
3222 1173 3426 1228 adven-

1866 1263 2073 1319 tabant.
2135 1272 2189 1316 et
2244 1273 2468 1331 tangere
2527 1281 2718 1321 omnes
2752 1267 3116 1328 conabantur,
3161 1275 3324 1332 atque
3359 1281 3427 1320 ex

1863 1353 2105 1420 pelliceis
2142 1353 2250 1408 illis
2279 1356 2524 1408 vestibus
2559 1357 2994 1409 benedictionem
3030 1356 3267 1423 aliquam
3293 1356 3429 1408 hau-

1864 1444 2012 1495 rire:
2054 1444 2293 1512 primum
2332 1445 2555 1497 nimiam
2607 1446 2830 1498 honoris
2867 1445 3301 1515 magnitudinem
3336 1446 3429 1497 ah~

1864 1531 2087 1584 surdam
2118 1534 2467 1598 existimans,
2489 1535 2685 1588 deinde
2707 1550 2818 1589 rem
2849 1543 2906 1588 ut
2937 1536 3261 1588 laboriosam
3287 1551 3429 1604 aegre

1865 1623 2064 1686 ferens,
2109 1626 2398 1678 stationem
2429 1627 2481 1678 in
2513 1626 2768 1679 columna
2799 1626 3150 1693 excogitavit.
3177 1627 3251 1678 Ac
3282 1628 3429 1694 prin-

1863 1715 2006 1782 cipio
2039 1716 2258 1783 quidem
2322 1730 2412 1768 sex
2475 1717 2785 1770 cubitorum
2826 1716 2960 1772 cadi
3019 1715 3207 1784 jussit.
3243 1724 3427 1784 postea

1863 1804 2174 1866 duodecim,
2208 1815 2321 1858 tum
2375 1805 2572 1860 deinde
2633 1807 2867 1860 duorum
2926 1816 2979 1860 et
3013 1807 3224 1874 viginti,
3285 1821 3431 1859 nunc

1864 1911 1992 1948 vero
2045 1911 2136 1949 sex
2205 1904 2258 1949 et
2300 1897 2541 1965 triginta.
2583 1895 2812 1950 Evolare
2862 1911 3098 1965 namque
3132 1897 3184 1948 iu
3231 1897 3428 1950 emlum

1862 1988 2035 2055 cupit,
2069 1999 2120 2042 et
2154 1989 2220 2040 ah
2248 1988 2349 2040 hae
2411 1997 2628 2040 terrena
2696 1989 3118 2041 conversatione
3153 1986 3426 2041 recedere.

1864 2079 1972 2150 Ego
2001 2095 2130 2134 vero
2161 2081 2451 2134 stationem
2507 2081 2646 2134 hanc
2693 2095 2801 2133 non
2837 2081 3042 2150 absque
3086 2081 3269 2134 divino
3299 2095 3429 2133 cou-

1861 2175 1986 2226 silio
2027 2173 2223 2227 factam
2274 2172 2461 2226 credo.
2499 2171 2862 2238 Quamobrem
2894 2189 2990 2228 eos
3038 2188 3136 2226 oro
3171 2189 3310 2240 quos
3341 2189 3427 2225 re-

1861 2265 2197 2332 prehendere
2235 2263 2486 2323 delectal,
2521 2271 2580 2316 ut
2621 2265 2818 2333 lingua
2873 2263 3086 2318 frenum
3140 2264 3429 2332 injiciaut,

1861 2370 2035 2423 neque
2071 2354 2280 2424 1273
2309 2355 2455 2408 illam
2492 2364 2697 2408 temere
2737 2354 2868 2407 ferri
2905 2355 3131 2410 sinant:
3172 2354 3265 2409 sed
3301 2369 3432 2407 con-

1860 2445 2103 2500 siderent
2135 2445 2419 2498 Dominum
2453 2446 2580 2498 talia
2605 2460 2848 2515 persaepe
2880 2446 2944 2498 ad
2977 2447 3291 2514 segniorum
3320 2445 3429 2498 uti-

1862 2538 2068 2591 litatem
2105 2537 2438 2590 instituisse.
2473 2535 2602 2588 Nam
2632 2545 2686 2590 et
2719 2537 2905 2589 Isaiam
2941 2547 2962 2574 ³
2995 2537 3198 2591 nudum
3229 2537 3432 2590 discal-

1861 2637 2186 2698 ceatumque
2216 2629 2658 2697 incederejussit
2696 2645 2708 2681 :
2757 2637 2814 2685 et
2868 2627 3158 2680 Jeremiam
3192 2629 3211 2661 ί
3248 2628 3432 2679 accin-

1861 2737 1986 2791 gere
2024 2722 2238 2775 lumbos
2269 2735 2422 2781 suos,
2453 2730 2616 2790 atque
2655 2720 2725 2773 ita
2755 2719 3098 2789 prephetiam
3135 2717 3433 2771 incredulis

1862 2809 2174 2862 efferre:ct
2225 2808 2522 2878 aliquando
2579 2816 2802 2861 catenas
2862 2808 3068 2876 ligneas
3126 2815 3181 2861 et
3243 2816 3429 2878 postea

1865 2899 2073 2955 ferreas
2104 2900 2248 2953 collo
2282 2899 2600 2968 imponere:
2635 2907 2688 2953 et
2729 2899 2922 2954 Oseam
2956 2914 3180 2954 uxorem
3217 2914 3433 2954 sumere

1865 2991 2238 3054 fornittariam,
2275 3001 2328 3044 et
2360 3007 2558 3046 rursus
2595 2992 2822 3060 diligere
2855 3007 3081 3044 uxorem
3125 3006 3345 3062 pravam
3378 3000 3432 3046 et

1864 3085 2186 3137 adulteram.
2240 3082 2306 3136 Et
2346 3081 2683 3138 Ezechielem
2711 3093 2738 3122 τ
2775 3101 2937 3153 super
2983 3085 3127 3139 latus
3178 3085 3428 3139 dextrum

1863 3175 2104 3228 dormire
2138 3175 2256 3230 dies
2280 3177 2665 3244 quadraginta,
2698 3184 2750 3230 et
2785 3193 2950 3244 super
2983 3178 3266 3232 sinistrum
3301 3194 3429 3232 cen-

1789 3291 1828 3346 ρ
1864 3275 1975 3320 tum
2019 3274 2072 3319 et
2109 3267 2548 3336 quinquaginta:
2605 3279 2657 3321 et
2701 3284 2944 3333 rursum,
3002 3270 3289 3339 perfodere
3325 3272 3427 3324 sibi

1866 3357 2150 3425 parietem,
2187 3365 2240 3410 et
2276 3373 2370 3426 per
2402 3373 2525 3410 eum
2558 3356 2817 3428 effugere,
2848 3361 3341 3431 captivitatemque
3374 3361 3428 3415 iu

1863 3449 2048 3517 seipso
2089 3448 2381 3518 designare
2421 3468 2433 3503 :
2472 3451 2609 3503 alias
2657 3452 2817 3504 etiam
2852 3461 2877 3487 ι
2910 3453 3073 3522 gladii
3117 3456 3288 3507 aciem
3333 3471 3429 3509 ex-

1867 3556 2088 3605 acuere,
2120 3549 2175 3594 et
2202 3551 2364 3610 caput
2391 3541 2601 3604 radere,
2641 3543 2889 3611 pilosque
2924 3544 3312 3613 quadrifariam
3342 3545 3430 3598 di-

1864 3635 2068 3696 videre,
2097 3643 2262 3702 atque
2293 3633 2396 3686 hoc
2423 3633 2512 3686 illa
2543 3641 2717 3702 parte,
2747 3643 2800 3688 et
2837 3635 2935 3687 hac.
2965 3636 3095 3688 illud
3132 3636 3326 3698 facere,
3363 3652 3431 3689 ne

1863 3726 2045 3779 omnia
2097 3739 2472 3795 percenseam.
2543 3723 2751 3778 Horum
2811 3728 3244 3796 unumquodque
3312 3728 3427 3779 fieri

1860 3813 2025 3882 jussit
2047 3815 2428 3868 universorum
2459 3814 2787 3873 moderator,
2809 3829 2905 3866 eos
2936 3816 3029 3882 qui
3057 3813 3292 3868 sermoni
3321 3828 3428 3867 nan

1864 3903 2147 3972 parebant,
2179 3909 2232 3956 et
2260 3903 2559 3971 prophetiae
2606 3918 2772 3956 aures
2809 3905 3050 3972 pra-bere
3082 3904 3426 3967 abnuebant,

1864 3993 2160 4062 spectaculi
2196 3993 2619 4047 admirabilitate
2643 3995 2929 4063 colligens,
2954 4006 3002 4047 et
3033 3995 3097 4048 ad
3133 3994 3430 4048 audiendas

1864 4087 2285 4141 vaticinationes
2319 4087 2604 4142 inducens.
2643 4086 2778 4152 Quis
2806 4088 2948 4141 enim
2977 4103 3083 4140 non
3126 4087 3427 4155 obstupuit,

1864 4194 1988 4232 cum
2022 4179 2264 4232 divinum
2296 4180 2568 4233 hominem
2630 4180 2834 4233 nudum
2868 4180 3237 4233 ambulantem
3280 4180 3430 4234 vide-

1866 4277 1946 4320 ret
1974 4269 1996 4320 ?
2025 4269 2150 4335 quis
2189 4269 2308 4335 ejus
2341 4271 2416 4322 rei
2447 4283 2670 4321 causam
2703 4283 3043 4338 cognoscere
3075 4284 3183 4322 non
3218 4267 3433 4322 deside-

1865 4361 2046 4412 ravit?
2075 4358 2208 4423 Quis
2235 4373 2399 4427 porro
2429 4359 2744 4412 sciscitatus
2789 4373 2897 4410 non
2928 4366 3034 4423 est,
3071 4374 3172 4412 cur
3211 4359 3429 4412 tandem

1864 4466 1984 4502 cum
2017 4451 2312 4502 fornicaria
2373 4450 2616 4503 habitare
2669 4451 2928 4519 propheta
2968 4465 3073 4503 non
3127 4451 3432 4517 gravetur?

1869 4540 1934 4593 Ut
1967 4541 2128 4606 igitur
2150 4541 2343 4593 horum
2370 4541 2802 4609 unumquodque
2835 4542 3218 4593 universorum
3251 4539 3428 4594 Deus'

199 4630 376 4699 φήτης
399 4629 687 4699 άνέχεται;
721 4629 984 4698 Καθάπερ
1007 4629 1187 4681 τοίνυν
1226 4629 1448 4680 ἐκείνων
1489 4629 1714 4680 ἕκαστον
1738 4631 1766 4681 ὁ
1798 4629 1840 4683 D

1764 4657 1766 4670 ι
1798 4629 1840 4683 D
1871 4632 1986 4686 tleri
2018 4632 2204 4700 jussit,
2242 4642 2300 4685 ut
2330 4633 2642 4699 ignavorum
2670 4646 2733 4686 ac
2766 4632 3016 4686 desidum
3050 4633 3273 4686 utilitati
3305 4647 3429 4685 con-

195 4721 306 4773 τῶν
334 4720 470 4773 ὅλων
498 4720 628 4783 Θεὸς
651 4720 902 4787 γενέσθαι
923 4719 1247 4790 προσέταξε,
1267 4718 1366 4786 τῆς
1384 4719 1489 4770 τῶν
1513 4717 1762 4788 ῥᾳστώνῃ

199 4814 484 4878 συζώντων
536 4813 984 4883 προμηθούμενος
1028 4810 1293 4880 ὠφελείας
1318 4829 1331 4842 ·
1386 4810 1528 4862 οὕτω
1571 4811 1662 4862 καὶ
1703 4809 1763 4862 τὸ

199 4906 387 4960 καινὸν
409 4905 566 4958 τοῦτο
595 4904 690 4957 καὶ
725 4905 1026 4975 παράδοξον
1059 4903 1428 4972 ἐπρυτάνευσε
1454 4903 1650 4971 θέαμα,
1687 4901 1762 4969 τῷ

199 5000 338 5069 ξένῳ
366 4998 571 5060 πάντας
604 4996 777 5050 ἕλκων
821 4999 901 5058 είς
947 4996 1200 5064 θεωρίαν,
1247 4996 1337 5047 καὶ
1372 4996 1600 5065 πιθανὴν
1654 4996 1763 5056 τοῖς

197 5091 611 5159 ἀφικνουμένοις
667 5086 1101 5159 παρασκευάζων
1159 5087 1256 5157 τὴν
1322 5087 1764 5158 προσφερομένην

199 5182 544 5252 παραίνεσιν.
587 5179 661 5231 Τδ
693 5180 802 5248 γὰρ
835 5178 1018 5230 καινὸν
1058 5176 1152 5229 τοῦ
1203 5178 1472 5246 θεάματος
1511 5179 1763 5246 ἐνέχυρον

199 5273 492 5342 ἀξιόχρεων
522 5272 727 5338 γίνεται
747 5271 838 5323 τοῦ
862 5269 1185 5338 διδάγματος
1211 5286 1223 5297 ·
1266 5270 1356 5320 καὶ
1381 5269 1410 5320 ὁ
1435 5271 1512 5331 είς
1533 5269 1764 5337 θεωρίαν

201 5363 594 5432 ἀφικνούμενος
635 5362 706 5414 τὰ
737 5361 854 5414 θεῖα
888 5359 1189 5422 παιδευθεὶς
1235 5359 1592 5429 ἐπανέρχεται
1657 5359 1764 5412 Καὶ

278 5528 299 5555 ³
334 5519 435 5573 Isa.
471 5535 559 5580 xx,
584 5519 636 5570 Ξ.
720 5519 738 5554 ι
763 5515 961 5572 Jerem.
998 5534 1036 5582 t,
1080 5518 1142 5570 Π
1167 5531 1182 5579 ;
1208 5532 1394 5580 xxvm,
1426 5516 1511 5571 l2.

1587 5527 1613 5553 υ
1647 5515 1805 5568 Osee.
1841 5515 1973 5579 1.2;
2013 5529 2091 5579 lll,
2124 5516 2172 5566 l.

1878 4726 2122 4779 suleret:
2162 4726 2241 4779 sic
2271 4732 2324 4776 et
2365 4741 2562 4778 novum
2604 4723 2746 4777 istud
2787 4721 3275 4791 admirandumque
3308 4737 3425 4791 spec

1869 4813 2141 4867 ctaculum
2177 4814 2434 4874 instituit,
2479 4821 2536 4865 ut
2562 4828 2754 4866 omnes
2785 4812 2862 4866 rel
2915 4813 3158 4865 novitate
3207 4811 3272 4864 ad
3314 4826 3430 4880 spe-

1869 4907 2130 4959 ctandum
2155 4905 2517 4972 pertraheret,
2543 4903 2988 4972 prohabilemque
3011 4903 3432 4956 adventantibus

1871 4996 2128 5050 traditam
2165 4994 2379 5065 1274
2422 4995 2524 5048 sibi
2568 4995 2992 5046 admonitionem
3029 4992 3287 5047 efficeret.
3327 4991 3432 5046 No-

1869 5086 2015 5140 vitas
2033 5087 2175 5140 enim
2207 5085 2509 5153 spectaculi
2534 5086 2788 5137 idoneum
2822 5085 3016 5152 pignus
3039 5095 3121 5138 est
3148 5083 3430 5146 doctrina,

1870 5187 1924 5232 et
1953 5179 2044 5248 qui
2082 5177 2147 5231 ad
2177 5180 2530 5246 spectandum
2565 5177 2711 5230 venit
2753 5176 2956 5229 divinis
3009 5175 3251 5228 imbutus
3280 5191 3431 5228 rece-

1871 5271 1969 5323 dit.
1997 5268 2061 5321 Et
2087 5267 2548 5337 quemadmodum
2579 5267 2669 5335 qui
2698 5267 2838 5335 apud
2867 5266 3116 5318 homines
3145 5265 3432 5333 imperium

1871 5359 2140 5422 obtinent,
2207 5372 2306 5426 per
2361 5365 2665 5425 temporum
2729 5354 3018 5408 intervalla
3087 5367 3433 5418 nummorum

2263 5522 2288 5549 τ
2319 5512 2514 5565 Ezech.
2549 5528 2621 5573 Iv,
2654 5511 2843 5576 ι;ιιι,
2879 5511 2929 5564 5.
3007 5518 3033 5546 ι
3064 5508 3259 5563 Ezech.
3303 5524 3352 5570 ν,
3377 5507 3430 5563 1·.

1469 5629 1698 5685 νΑιιιιΕ
1741 5627 2144 5687 LECTIONES.

273 5727 315 5758 ³¹
350 5726 449 5779 llic
479 5731 630 5780 locus
653 5726 719 5779 de
744 5725 892 5780 cultu
924 5723 1198 5778 Simeonis
1223 5724 1276 5778 in
1301 5722 1450 5778 Italia
1500 5725 1768 5794 reperitur
1824 5724 1984 5794 etiam
2036 5724 2089 5776 in
2136 5720 2362 5777 Joannis
2414 5719 2666 5776 Damasc.
2724 5735 2806 5773 or.
2852 5717 2942 5784 lll,
2985 5715 3054 5770 De
3085 5717 3274 5786 imagg.
3314 5725 3352 5768 t.
3389 5713 3436 5787 l,

204 5814 253 5866 ι).
295 5797 420 5859 366,
456 5796 526 5849 Le
547 5796 761 5861 Quicnii
793 5802 846 5847 et
877 5795 930 5848 in
966 5795 1114 5849 Actis
1139 5795 1330 5862 synodi
1367 5793 1595 5848 Nicarnze
1619 5810 1678 5858 ιι,
1718 5801 1820 5847 act.
1852 5793 1905 5846 4.
