4216 6456
774 381 910 443 2475

1769 374 2247 434 TIIEODORETI
2290 377 2625 437 EPISCUPI
2659 377 3023 436 CYRENSIS

3808 339 3815 343 ’
3891 376 4028 440 tuo

770 500 1034 569 imagincs
1078 505 1320 553 mutant.
1373 495 1589 547 leonum
1642 492 1915 547 interdum
1952 491 2181 561 efﬁgiem
2236 494 2333 546 im-

2456 493 2626 565 ὒσπερ
2648 496 2695 546 οἱ
2729 492 3033 561 βασιλεύειν
3063 492 3170 543 τῶν
3201 491 3502 558 ἀνθρώπων
3552 491 3825 560 λαχόντες.
3860 491 4030 559 ἀμεί-

770 594 1090 660 primcntes,
1129 587 1403 641 interdum
1442 588 1725 640 stellarum
1761 594 1814 637 ct
1858 584 2202 653 angelorum,
2257 585 2337 636 in-

766 677 979 729 terdum
1010 690 1149 727 novo
1187 675 1510 728 charactere
1546 673 1846 742 pretiosius
1880 688 2074 724 aurum
2111 672 2340 727 reddere

767 776 1070 824 conantes:
1110 767 1189 819 sic
1223 768 1608 820 universorum
1649 765 1759 816 iter
1785 802 1799 822 ,
1839 773 2098 833 tanquam
2152 764 2341 818 chara-

767 870 946 912 cteres
985 856 1279 925 quosdam,
1324 871 1494 909 novas
1528 856 1662 909 istas
1693 855 2059 923 diversasque
2094 856 2216 907 vita:
2252 872 2340 908 ra-

766 952 944 1004 tiones
980 951 1163 1020 pietati
1205 948 1487 1017 adjicieus,
1521 964 1625 999 non
1675 948 1797 1001 fidei
1848 949 2193 1001 alumnarum
2224 958 2340 1002 tan-

692 1042 695 1044 ’
768 1043 1073 1104 tummodo,
1109 1040 1203 1093 sed
1268 1039 1654 1092 incredulitate
1704 1055 1921 1107 quoque
1975 1040 2338 1092 laborantitun

768 1134 982 1199 linguas
1008 1132 1073 1182 ad
1112 1130 1445 1183 laudandum
1474 1131 1700 1183 excitat.
1737 1129 2007 1198 Quodque
2037 1131 2149 1183 haec
2179 1132 2250 1183 ita
2285 1147 2342 1185 se

771 1223 1026 1282 habeant,
1061 1237 1169 1275 non
1208 1224 1369 1275 verba
1411 1232 1703 1281 testantur.
1756 1223 1850 1276 sed
1910 1239 1996 1277 res
2044 1224 2174 1290 ipsa:
2226 1224 2340 1276 cla-

770 1322 942 1367 mant.
971 1315 1364 1367 lsmaelitarum
1402 1314 1548 1366 enim
1580 1315 1747 1366 millia
1772 1316 2197 1384 quamplurima,
2225 1330 2343 1385 quae

774 1405 1072 1473 impietatis
1125 1404 1345 1472 caligini
1394 1405 1735 1465 servierant,
1791 1406 1956 1459 statio
2001 1406 2087 1457 illa
2141 1408 2193 1459 in
2248 1422 2343 1460 co-

769 1499 953 1550 lumna
985 1498 1345 1550 illuminavit.
1381 1496 1513 1548 Nam
1554 1497 1723 1550 veluti
1755 1512 1921 1565 super
1952 1498 2341 1551 candelabrum

768 1588 992 1655 aliquod
1055 1590 1232 1657 posita
1298 1587 1636 1640 lucidissima
1679 1588 1790 1639 haec
1852 1589 2099 1649 lucerna,
2160 1592 2345 1645 radios

771 1680 907 1733 solis
935 1680 1114 1733 instar
1145 1694 1337 1733 omnes
1369 1679 1421 1730 in
1462 1688 1648 1747 partes
1677 1679 1897 1732 emisit:
1932 1680 2244 1748 lbcrasque.
2290 1689 2346 1734 ut

770 1770 905 1830 dixi,
936 1781 990 1824 et
1035 1771 1345 1833 Armenios,
1383 1778 1437 1823 et
1481 1769 1679 1824 Persas
1719 1772 2065 1832 accedentes,
2119 1784 2171 1827 et
2216 1772 2347 1827 divi-

2442 585 2595 636 εουσι
2641 584 2778 637 κατά
2820 600 2940 635 τινα
2971 583 3161 654 χρόνου
3194 582 3437 652 περίοδον
3465 583 3562 645 τάς
3612 581 3718 634 τῶν
3749 580 4027 651 νομισμά-

2439 694 2549 729 των
2586 677 2820 737 εἰκόνας,
2870 675 2996 727 ποτε
3030 674 3125 744 μὲν
3160 674 3388 726 λεόντων
3432 673 3790 735 ἐκτυποῦντες
3840 670 4026 723 ίνδάλυ

2449 784 2615 836 ματα,
2647 767 2775 819 ποτέ
2802 765 2857 818 δὲ
2885 766 3129 834 ἀστέρων
3152 766 3244 818 καὶ
3272 766 3518 833 ἀγγέλων
3538 780 3551 792 ·
3571 765 3754 817 ἄλλοτε
3788 762 3863 833 τῷ
3886 763 4028 827 Ξένῳ

2441 860 2748 929 χαρακτῆρι
2800 858 3120 927 τιμιώτερον
3171 856 3492 924 ἀποφαίνειν
3546 853 3877 927 πειρώμενοι
3932 854 4028 905 τὸν

2442 952 2643 1021 χρυσόν
2662 967 2677 981 ·
2720 949 2893 1009 οὓτως
2921 949 2948 999 ό
2981 948 3087 999 τῶν
3116 948 3254 1001 ὅλων
3291 947 3695 1017 Παμϐασιλεὺς,
3724 940 3837 998 οἷόν
3870 961 4029 1005 τινας

2442 1044 2815 1115 χαρακτῆρας,
2868 1041 2966 1102 τὰς
3025 1040 3215 1101 καινάς
3270 1039 3474 1101 ταύτας
3522 1038 3615 1091 καὶ
3675 1037 4033 1097 παντοδαπάς

2445 1133 2721 1195 πολιτείας
2755 1133 2821 1201 τῇ
2857 1131 2914 1182 εὐ
2928 1131 3111 1200 σεδεία
3136 1130 3459 1199 περιτιθεὶς,
3487 1131 3548 1182 οὐ
3583 1131 3741 1198 μόνον
3761 1128 3872 1179 τῶν
3902 1144 4029 1187 1pc-

2444 1224 2626 1293 φίμων
2680 1222 2775 1290 τῆς
2826 1220 3081 1283 πίστεως,
3131 1219 3271 1272 ἀλλά
3314 1220 3407 1272 καὶ
3449 1218 3557 1271 τῶν
3613 1218 3712 1285 τὴν
3765 1216 4031 1268 ἀπιστίαν

2443 1313 2761 1375 νοσούντων,
2792 1314 2869 1375 εἰς
2905 1311 3181 1380 εὐφημίαν
3204 1312 3301 1374 τὰς
3341 1310 3586 1375 γλώττας
3619 1312 3776 1362 κινεῖ.
3806 1308 3913 1359 Καὶ
3943 1308 4030 1360 ὅτι

2444 1405 2617 1458 ταῦτα
2654 1403 2843 1456 τοῦτον
2885 1403 2997 1473 ἔχει
3038 1403 3126 1455 τὸν
3170 1403 3393 1472 τρόπον,
3435 1402 3498 1453 οὐ
3531 1400 3675 1466 λόγοι
3724 1400 4026 1469 μάρτυρες,

2445 1496 2561 1550 ἀλλ’
2590 1498 2622 1565 ή
2654 1496 2760 1547 τῶν
2807 1494 3147 1564 πραγμάτων
3175 1493 3291 1563 βοή.
3342 1493 3481 1554 Τοὺς
3513 1492 3619 1561 γάρ
3656 1490 4027 1559 Ίσμαηλίτας.

2447 1588 2647 1651 πολλὰς
2678 1587 2944 1656 μυριάδας
2969 1588 3047 1655 τῷ
3078 1586 3225 1655 ζόφῳ
3250 1586 3349 1655 τῆς
3368 1584 3619 1645 ἀσεϐείας
3638 1582 4028 1645 δουλευούσας.

2448 1681 2481 1749 ἡ
2519 1680 2611 1731 ἐπὶ
2662 1679 2755 1730 τοῦ
2802 1678 2978 1741 κίονος
3016 1676 3246 1744 ἐφώτισε
3280 1677 3485 1739 στάσις.
3536 1677 3744 1744 Ὥσπερ
3787 1674 3897 1743 γάρ
3937 1673 4033 1727 ἐπί

2448 1787 2591 1833 τινος
2619 1768 2839 1838 λυχνίας
2864 1768 3044 1830 τεθεὶς
3077 1769 3104 1819 ὁ
3132 1768 3444 1836 φανώτατος
3463 1763 3616 1828 οὗτος
3640 1765 3853 1835 λύχνος.
3870 1764 4031 1833 ἡλίου

771 1876 897 1913 num
926 1862 1257 1930 baptismum
1289 1861 1620 1928 accipientes
1652 1861 1837 1914 videre
1895 1871 2002 1915 cst.
2060 1862 2338 1919 lsmaelita

2456 1862 2604 1929 δίκην
2653 1861 2885 1912 πάντοσε
2934 1860 3031 1922 τάς
3086 1860 3309 1921 ἀκτῖνας
3364 1858 3666 1926 ἐξέπεμψε·
3729 1857 3824 1908 καὶ
3881 1858 4037 1908 ἔστιν

773 1958 952 2003 autem
987 1951 1267 2003 turmatim
1324 1950 1627 2012 venientes,
1674 1952 1893 2005 ducenti
1943 1955 2129 2019 simul,
2159 1964 2211 2008 et
2244 1965 2348 2011 tre-

773 2044 939 2103 centi,
973 2058 1035 2095 ac
1063 2044 1333 2097 interdum
1369 2043 1541 2105 mille,
1578 2045 1815 2112 patrium
1865 2060 2107 2099 errorem
2147 2062 2347 2117 magna

771 2150 909 2189 voce
962 2137 1257 2204 abnegant,
1310 2136 1602 2189 simulacra
1652 2152 1773 2204 qme
1819 2138 2104 2191 coluerant
2163 2154 2347 2192 coram

774 2239 974 2293 magno
1009 2225 1104 2277 illo
1145 2224 1349 2276 lumine
1391 2231 1765 2285 conterentes,
1802 2223 2140 2294 Veni-risque
2194 2225 2347 2294 orgia

772 2315 1055 2384 ejurantcs
1090 2315 1279 2383 (huius
1314 2314 1517 2384 quippe
1548 2314 1815 2368 dannonis
1848 2317 2056 2369 eultum
2114 2317 2348 2387 amplexi

771 2409 881 2479 jam
934 2411 1062 2463 olim
1125 2408 1388 2475 fuerant),
1455 2408 1660 2463 divinis
1715 2410 1991 2478 mysteriis
2037 2411 2347 2474 initiantur,

775 2502 924 2571 leges
958 2500 1023 2552 ab
1061 2500 1153 2552 illa
1193 2514 1351 2553 sacra
1391 2500 1575 2568 lingua
1617 2499 1974 2569 accipientes,
2009 2508 2063 2554 et
2108 2500 2353 2570 paternis

777 2594 1027 2647 moribus
1067 2590 1460 2653 vaiedicentes,
1514 2590 1914 2660 asinorumque
1962 2592 2258 2661 agrestium
2300 2601 2354 2646 et

778 2684 1113 2740 camelorum
1164 2683 1376 2753 1275
1427 2699 1578 2737 esum
1635 2692 1976 2751 rcspneutes.
2042 2684 2220 2753 Atque
2254 2684 2353 2739 bos

780 2775 899 2841 ipse
932 2772 1040 2826 vidi
1073 2780 1127 2824 et
1155 2770 1365 2830 audivi,
1422 2784 1546 2822 cum
1589 2777 1643 2824 et
1677 2779 1956 2838 paternam
2020 2772 2353 2840 impietatem

782 2864 1123 2924 abdit-arcnt,
1153 2871 1207 2914 et
1229 2861 1556 2930 evangelica:
1595 2860 1861 2915 doctrinae
1898 2877 2186 2917 assensum
2228 2879 2361 2931 pra:-

787 2955 1000 3008 berent.
1037 2951 1157 3007 Jam
1204 2959 1258 3005 et
1306 2951 1608 3020 periculum
1656 2953 1820 3006 semel
1878 2953 1985 3005 adii
2034 2953 2355 3007 maximum.

781 3043 918 3098 Nam
949 3059 1073 3097 cum
1102 3042 1367 3110 jussisset
1424 3041 1533 3106 ille,
1576 3049 1637 3094 ut
1692 3041 1759 3093 ad
1788 3057 1875 3095 me
1923 3042 2270 3105 accederent,
2303 3050 2358 3097 et

787 3132 1186 3188 sacerdotalem
1214 3130 1654 3186 benedictionem
1692 3132 2024 3199 acciperent,
2059 3133 2356 3185 maximum

2452 1954 2578 2006 ίδεῐν
2623 1953 2717 2005 καὶ
2767 1951 3012 2021 Ἴϐηρας,
3072 1952 3149 2012 ὡς
3206 1950 3363 2019 ἔφην,
3410 1950 3501 2002 καὶ
3542 1949 3887 2020 Ἀρμενίους,
3936 1951 4037 2000 καὶ

2450 2041 2668 2110 Πέρσας
2706 2040 3160 2109 ἀφικνουμένους,
3197 2041 3289 2092 καὶ
3328 2039 3423 2091 τοῦ
3458 2039 3601 2092 θείου
3652 2040 4037 2109 βαπτίσματος

2451 2128 2845 2191 ἀπολαύοντας.
2885 2129 3223 2199 ’ῐσμαηλῖται
3266 2130 3323 2182 δὲ
3370 2130 3512 2181 κατά
3553 2130 3861 2200 συμμορίας
3919 2130 4037 2199 ἀφ-

2454 2221 2786 2289 ικνούμενοι,
2838 2219 3101 2273 διακόσιοι
3150 2220 3294 2273 κατά
3324 2220 3541 2284 ταυτὸν,
3579 2221 3674 2274 καὶ
3706 2220 4037 2291 τριακόσιοι,

2451 2313 2566 2365 ἐστι
2592 2312 2636 2364 δ’
2667 2314 2754 2364 ὅτε
2794 2313 2888 2364 καὶ
2923 2309 3107 2382 χίλιοι,
3151 2310 3439 2382 ἀρνοῦνται
3489 2313 3589 2381 μὲν
3631 2312 3728 2383 τὴν
3769 2313 4039 2383 πατρῴαν

2450 2404 2728 2475 ἐξαπάτην
2760 2402 2897 2473 μετά
2920 2401 3068 2472 βοῆς,
3112 2404 3180 2455 si
3216 2402 3272 2455 δὲ
3305 2402 3401 2455 ὐπ’
3442 2402 3662 2455 ἐκείνων
3696 2403 4041 2455 σεϐασθέντα

2452 2493 2645 2548 εἴδωλα
2682 2495 2789 2565 πρδ
2817 2497 2911 2546 του
2957 2494 3193 2563 μεγάλου
3231 2494 3437 2547 ἐκείνου
3479 2494 3774 2565 φωστῆρος
3814 2496 4041 2566 συντρί⁴

2455 2585 2663 2649 ϐοντες,
2700 2585 2795 2638 καὶ
2832 2587 2943 2647 τοῖς
2975 2585 3076 2653 τῆς
3117 2583 3436 2655 Ἀφροδίτης
3476 2585 3682 2655 ὀργίοις
3723 2586 4039 2638 άποταττό-

2459 2694 2611 2748 μενοι
2680 2678 2918 2748 (ταύτης
2968 2678 3076 2747 γὰρ
3126 2677 3385 2729 ἀνέκαθεν
3438 2678 3537 2747 τῆς
3607 2677 3861 2747 δαίμονος
3916 2695 4050 2730 κατ-

2456 2767 2705 2831 εδέξαντο
2724 2768 2823 2838 τὴν
2843 2767 3142 2837 λατρείαν),
3170 2768 3276 2820 τῶν
3294 2767 3452 2819 θείων
3475 2766 3803 2821 ἀπολαύουσι
3833 2784 4052 2838 μυστ-η·-

2463 2860 2626 2929 ρίων’
2664 2859 2862 2928 νόμους
2922 2860 3073 2926 παρὰ
3133 2858 3233 2926 τῆς
3282 2859 3432 2927 ἱερᾶς
3494 2857 3708 2928 ἐκείνης
3760 2856 4051 2928 δεχόμενοι

2458 2945 2728 3019 γλώσσης,
2753 2952 2985 3011 καὶτοῖς
3014 2949 3157 3002 ἔθεσι
3190 2952 3302 3009 τοῖς
3338 2948 3611 3019 πατρῴοις
3645 2950 3855 3018 χαίρειν
3894 2951 4039 3017 φρά-

2460 3038 2664 3103 ζοντες,
2719 3039 2826 3091 τῶν
2863 3057 2919 3091 τε
2950 3040 3085 3091 ὄνων
3124 3038 3231 3091 τῶν
3274 3039 3503 3109 ἀγρίων,
3550 3039 3659 3092 τῶν
3688 3056 3746 3093 τε
3780 3040 4052 3109 καμήλων

2459 3130 2558 3201 τὴν
2602 3130 2802 3199 ἐδωδὴν
2848 3129 3273 3199 ἀπαρνούμενοι.
3340 3131 3448 3184 Καὶ
3503 3130 3709 3183 τούτων
3767 3132 4051 3203 αὐτόπτης

788 3226 913 3277 illos
942 3224 1133 3277 dicens
1165 3239 1230 3276 ex
1266 3237 1326 3275 ea
1359 3221 1597 3275 fructum
1651 3232 2028 3291 percepturos,
2087 3224 2139 3275 bi
2170 3223 2338 3277 barba

2467 3222 2734 3291 ἐγενόμην
2770 3221 2900 3289 ἐγὼ,
2932 3224 3025 3276 καὶ
3060 3224 3295 3293 ἀκήκοα,
3332 3224 3425 3275 καὶ
3464 3222 3564 3293 τὴν
3612 3224 3880 3295 πατρῴαν
3911 3228 4015 3279 άσὲ
4036 3257 4051 3265 -

792 3311 904 3365 rico
936 3313 1141 3379 impetu
1178 3310 1479 3372 irruentes,
1512 3309 1604 3362 alii
1636 3326 1665 3361 a
1706 3311 1904 3372 fronte,
1957 3310 2046 3360 abi
2101 3324 2131 3361 a
2168 3317 2319 3378 tergo
2347 3348 2361 3372 ,

792 3403 882 3455 alii
921 3417 957 3453 a'
980 3402 1243 3455 lateribus
1279 3402 1592 3465 trahebant,
1622 3410 1675 3453 et
1698 3400 1791 3469 qui
1826 3401 2151 3453 remotiores
2181 3410 2363 3465 erant,

793 3510 961 3562 StIpt-l'
999 3494 1138 3546 alios
1170 3493 1635 3556 conscendentes,
1692 3507 1999 3559 manusque
2044 3492 2368 3559 protenden-

796 3595 901 3643 tes.
938 3586 1069 3637 ant‘
1100 3584 1325 3637 barbam
1383 3583 1683 3642 vellebant,
1720 3589 1810 3635 aut
1862 3590 2040 3634 vestes
2084 3580 2366 3648 discerpe-

799 3675 952 3728 bant.
989 3676 1065 3726 Ac
1100 3689 1184 3727 me
1243 3672 1494 3744 profecto
1544 3674 1632 3726 isti
1679 3672 2081 3727 vehementiore
2136 3672 2361 3726 incursu

792 3776 1138 3831 enecassent,
1201 3766 1311 3819 nisi
1365 3766 1584 3819 sublato
1651 3765 1897 3818 clamore
1944 3778 2138 3817 omnes
2196 3763 2358 3818 dissi-

793 3869 971 3928 pztSSel
983 3896 998 3910 .

2467 3313 2619 3366 ϐειαν
2670 3315 3039 3385 ἀρνουμένων.
3082 3315 3176 3368 καὶ
3228 3318 3293 3383 τῇ
3348 3315 3671 3387 εὐαγγελικῇ
3720 3317 4053 3389 διδασκαλίᾳ

2469 3401 2886 3472 συντιθεμένων.
2928 3404 3039 3458 Καὶ
3072 3404 3313 3457 κίνδυνον
3349 3406 3403 3457 δὲ
3436 3404 3584 3469 ama
3627 3406 3901 3475 ὑπέμεινα
3950 3408 4050 3474 μὲ-

2466 3509 2671 3561 γιστον.
2703 3495 2875 3559 Αὐτὸς
2904 3497 3002 3566 μὲν
3040 3498 3147 3566 γὰρ
3189 3499 3371 3559 αὐτοῖς
3417 3497 3731 3567 προσελθεῖν
3761 3500 4051 3556 ἐκέλευσε.

2468 3587 2562 3638 καὶ
2590 3588 2723 3657 παρ’
2750 3586 2883 3657 ἐμοῦ
2913 3588 3011 3658 τὴν
3038 3588 3318 3658 ἱερατικὴν
3354 3588 3602 3656 εὐλογίαν
3636 3589 3842 3647 λαϐεῖν,
3889 3593 4057 3659 μέγι-

2471 3694 2595 3730 στον
2650 3679 2828 3748 φήσας
2870 3680 3065 3743 αὐτοὺς
3093 3679 3339 3733 ἐντεῦθεν
3391 3680 3787 3749 καρπώσασθαι
3832 3683 4053 3753 κέρδος’

2471 3768 2944 3840 βαρϐαρικώτερον
2993 3771 3049 3823 δὲ
3115 3771 3509 3841 συνδραμόντες
3556 3774 3785 3835 ἐκεῖνοι,
3838 3776 3885 3826 οί
3952 3775 4055 3843 μὲν

2467 3858 2777 3930 ἔμπροσθεν
2799 3854 3001 3924 εἷλκον,
3032 3862 3082 3913 οἱ
3109 3861 3166 3913 δὲ
3194 3861 3437 3926 ὄπισθεν,
3470 3862 3618 3915 ἄλλοι
3655 3865 3717 3915 ἐκ
3758 3863 4011 3931 πλαγίων
4033 3877 4051 3894 ⁶

791 3956 842 4006 οἱ
875 3955 930 4006 δὲ
968 3952 1303 4022 ἀφεστῶτες,
1354 3950 1462 4002 τῶν
1495 3949 1668 4003 ἀλλων
1713 3948 2105 4010 ἐπιϐαίνοντες,
2153 3948 2247 4001 καὶ
2279 3949 2378 4012 τάς
2416 3955 2605 4024 χεῖρας
2655 3955 3061 4024 προτείνοντες.
3095 3958 3143 4007 οξ
3182 3957 3281 4025 μέν
3332 3955 3391 4008 τὸ
3421 3956 3629 4023 γένειον
3668 3949 3872 4017 εἷλκον,
3905 3959 3957 4009 οἱ
3992 3955 4053 4007 εδ

792 4045 899 4097 τῶν
954 4043 1182 4113 ἱματίων
1234 4039 1691 4109 ἐπελαμϐάνοντο.
1741 4038 1859 4093 Κᾶν
1908 4038 2216 4109 ἀπεπνίγην
2270 4040 2373 4091 ὑπὸ
2445 4042 2542 4111 τῆς
2597 4045 2822 4096 ἐκείνων
2857 4044 3192 4114 θερμοτέρας
3222 4046 3506 4115 προσόδου,
3537 4047 3584 4097 εἰ
3614 4045 3691 4116 μὴ
3714 4044 3811 4117 βοῇ
3839 4048 4053 4118 χρησά-

796 4156 953 4209 μενος
986 4137 1358 4192 ἀπεσκέδασεν
1395 4135 1660 4200 ἅπαντας.

863 4230 1050 4285 Talem
1084 4245 1114 4283 a
1153 4228 1434 4283 dicacibus
1475 4228 1635 4283 irrisa
1671 4229 1925 4283 columna
1961 4227 2200 4283 fructum
2223 4228 2349 4284 ede-

797 4325 910 4385 bat,
942 4329 1153 4375 tantum
1186 4319 1385 4373 divinae
1405 4319 1732 4389 cognitionis
1758 4320 1970 4373 radium
2005 4320 2364 4374 barbarorum

796 4413 1072 4469 mentibus
1112 4412 1457 4467 infundebat.
1495 4410 1631 4466 Nam
1662 4422 1716 4467 et
1764 4414 1909 4468 aliud
1940 4415 2009 4468 ab
2046 4414 2132 4469 bis
2164 4412 2365 4467 factum

2530 4227 2803 4297 Τοιαύτην
2834 4230 2863 4279 ὁ
2907 4228 3012 4280 ὐπὸ
3043 4227 3151 4281 τῶν
3199 4228 3669 4298 φιλοσκωμμόνων
3720 4231 4053 4299 σκωπτόμε-

2471 4338 2561 4383 νος
2594 4319 2724 4373 κίων
2762 4319 3027 4388 ὠφέλειαν
3078 4319 3372 4385 ἀνέϐλυσε,
3406 4323 3501 4374 καὶ
3537 4321 3805 4393 τοσαύτην
3850 4324 4052 4378 ἀκτῖνα

2473 4410 2799 4478 θεογνωσῖας
2849 4414 2968 4474 ταῖς
3007 4412 3116 4464 τῶν
3147 4411 3439 4482 βαρϐάρων
3472 4413 3731 4477 διανοίαις
3768 4416 4051 4485 κατέπεμ-

797 4512 881 4558 est
911 4503 1224 4573 huiusmodi
1256 4522 1269 4557 :
1300 4502 1548 4572 Rogabat
1577 4505 1759 4558 tribus
1789 4519 1896 4557 una
1923 4504 2168 4558 divinum
2202 4506 2338 4558 hom]

2472 4502 2592 4571 ψεν.
2627 4499 2756 4555 Οἶδα
2783 4502 2838 4555 δὲ
2862 4504 2952 4555 καὶ
2976 4502 3103 4554 ἀλλο
3137 4503 3243 4556 ὑπὸ
3282 4504 3487 4557 τούτων
3517 4505 3715 4557 τοιόνδε
3744 4507 4054 4576 γεγενημέ-

801 4610 945 4655 nem,
977 4603 1037 4647 ut
1080 4592 1380 4663 phylarcbo
1422 4607 1525 4648 suo
1570 4593 2015 4663 deprecationem
2045 4593 2286 4663 aliquam
2316 4605 2371 4649 et

802 4682 1235 4737 benedictionem
1275 4683 1673 4738 transmitteret
1701 4700 1714 4735 :
1749 4684 1854 4735 alia
1884 4697 2013 4737 vero
2034 4698 2153 4752 quae
2183 4685 2374 4738 aderat

797 4772 976 4826 tribus
1025 4768 1421 4836 refragabatur.
1465 4785 1575 4824 non
1632 4770 1832 4825 debere
1890 4770 2080 4825 dicens
2117 4770 2182 4824 ad
2221 4771 2370 4825 illum

799 4862 944 4914 mitti
990 4861 1445 4925 benedictionem,
1492 4862 1586 4917 sed
1630 4861 1695 4914 ad
1745 4862 1941 4915 ducem
1966 4877 2175 4916 suum:
2220 4862 2372 4915 illum

800 4953 947 5005 enim
1005 4952 1425 5019 injustissimum
1476 4968 1621 5017 esse,
1669 4967 1827 5005 suum
1862 4967 1992 5005 vero
2033 4953 2269 5007 alienum
2308 4952 2375 5005 ab

804 5042 1096 5109 injustitia.
1134 5042 1262 5097 Post
1300 5042 1516 5111 longam
1569 5054 1746 5097 autem
1780 5044 2186 5096 contentionem
2219 5046 2378 5097 alter.

803 5133 1176 5204 cationemque
1208 5133 1578 5199 barbaricam,
1623 5135 1844 5188 tandem
1891 5134 1945 5188 in
1980 5150 2099 5189 sese
2140 5136 2373 5189 invicem

804 5223 1102 5277 irruerent.
1132 5224 1241 5294 Ego
1260 5240 1388 5279 vero
1415 5226 1598 5280 multis
1628 5226 1752 5280 illos
1767 5227 1948 5280 verbis
1977 5227 2228 5281 hortatus
2255 5243 2373 5282 sum

804 5322 865 5368 ut
893 5315 1219 5370 desisterent
1262 5336 1275 5369 :
1326 5332 1488 5386 posse
1546 5332 1780 5387 namque
1822 5319 1998 5371 virum
2037 5319 2278 5373 divinum
2323 5327 2377 5374 et

804 5405 933 5461 huic
958 5416 1010 5461 et
1063 5408 1139 5461 illi
1172 5408 1605 5465 benedictionem
1641 5411 1928 5479 impartiri.
1984 5409 2184 5465 Verum
2228 5421 2281 5464 et
2322 5413 2375 5466 hi

808 5495 1074 5562 negabant
1104 5494 1205 5549 hac
1253 5496 1401 5548 illum
1442 5497 1606 5566 potiri
1643 5506 1917 5566 oportere,
1960 5506 2013 5550 et
2043 5498 2117 5550 illi
2144 5499 2375 5553 alterum

811 5583 914 5636 hac
954 5584 1207 5641 fraudare
1237 5588 1569 5642 nitebantur.
1612 5588 1784 5644 Minas
1816 5597 1996 5645 autem
2026 5590 2115 5645 ille
2144 5592 2378 5660 desuper

810 5673 1109 5742 intentans,
1152 5694 1424 5750 canesque
1463 5681 1679 5752 1276
1723 5682 2026 5751 appellans.
2070 5684 2377 5737 contentio-

810 5778 933 5819 nem
984 5780 1125 5837 aegre
1169 5770 1397 5823 sedarit.
1436 5768 1559 5824 Haec
1600 5780 1779 5823 autem
1826 5786 1889 5825 co
1930 5773 2373 5835 commemoravi,

2473 4609 2581 4646 νον’
2614 4594 2846 4646 Ἰκέτευε
2905 4594 3000 4662 μία
3050 4594 3193 4663 φυλὴ
3228 4595 3321 4649 τὸν
3370 4594 3509 4648 θεῖον
3548 4595 3854 4664 ἄνθρωπον,
3879 4598 4054 4669 εὐχήν

2472 4699 2593 4735 τινα
2640 4683 2734 4735 καὶ
2767 4683 3015 4750 εὐλογίαν
3047 4684 3329 4754 ἐκπέμψαι
3353 4684 3433 4752 τῷ
3462 4684 3707 4757 σφετέρῳ
3741 4686 4006 4757 φυλάρχῳ
4031 4704 4046 4717 ·

2473 4772 2608 4843 άλλη
2634 4773 2692 4825 δέ
2720 4773 2861 4843 φυλὴ
2899 4773 3150 4843 παροῦσα
3179 4774 3455 4843 ἀντέλεγε,
3491 4777 3566 4845 μὴ
3593 4775 3703 4829 δεῖν
3732 4776 3930 4846 ἐκείνῳ
3952 4779 4055 4845 τὴν

2475 4863 2726 4931 εὐλογίαν
2783 4864 3169 4933 ἐκπεμφθῆναι
3219 4866 3478 4933 λέγουσα,
3526 4864 3661 4918 ἀλλά
3709 4864 3790 4934 τῷ
3850 4867 4056 4936 ἑαυτῆς

2474 4955 2703 5024 ἡγεμόνι
2725 4970 2739 4984 ’
2768 4957 2859 5007 τὶν
2893 4956 2993 5025 μὲν
3033 4957 3142 5026 γὰρ
3185 4957 3516 5010 ἀδικώτατον
3558 4951 3829 5022 εἷναι,τὸν
3852 4956 3909 5009 δὲ
3937 4958 4055 5009 ἀδι-

2477 5047 2603 5107 κίας
2630 5046 2929 5115 ἀλλότριον.
2970 5048 3202 5116 Μακρᾶς
3238 5048 3294 5100 δὲ
3349 5047 3678 5114 φιλονεικίας
3724 5048 4051 5117 γενομένης,

2477 5137 2571 5189 καὶ
2622 5136 2895 5207 διαμάχης
2930 5138 3288 5208 βαρϐαρικῆς,
3314 5139 3377 5191 τὸ
3408 5137 3717 5191 τελευταῖον
3739 5138 3862 5191 κατ’
3896 5138 4054 5207 ἀλλή-

2476 5226 2585 5278 λων
2626 5228 2933 5296 ἐχώρησαν.
2978 5227 3120 5295 Ἐγὼ
3146 5228 3201 5280 δὲ
3228 5228 3439 5290 πολλοῖς
3479 5229 3821 5298 χρησάμενος
3847 5228 4051 5295 λόγοις,

2480 5318 2707 5387 ἡσυχίαν
2739 5317 2882 5386 ἔχειν
2913 5317 3207 5389 παρῄνουν,
3225 5320 3301 5382 ὼς
3322 5319 3388 5372 ἂν
3414 5319 3759 5390 ἀποχρῶντος
3784 5317 3879 5371 τοῦ
3904 5319 4049 5372 θείου

2476 5410 2668 5481 ἀνδρὸς
2700 5411 2790 5462 καὶ
2837 5410 3012 5481 τούτῳ
3041 5412 3277 5481 κάκείνῳ
3307 5411 3627 5481 μεταδοῦναι
3651 5410 3747 5478 τῆς
3774 5410 4045 5477 εὐλογίας.

2491 5502 2652 5554 ’Λλλά
2678 5502 2773 5553 καὶ⁵
2801 5496 2947 5557 οὗτοι
2987 5502 3193 5569 ἔλεγον,
3235 5501 3309 5572 μὴ
3337 5502 3448 5555 δεῖν
3482 5504 3686 5555 ἐκεῖνον
3730 5500 3936 5570 ταύτης
3966 5518 4053 5553 τυ-

2478 5594 2594 5661 χεῖν
2623 5631 2638 5653 ,
2670 5594 2912 5646 κάκεῖνοι
2966 5592 3173 5663 ταύτης
3229 5594 3551 5663 ἀποστερεῖν
3607 5590 3903 5661 ἐπειρῶντο
3960 5592 4052 5645 τὶν

2478 5686 2683 5754 ἕτερον.
2732 5685 3056 5755 ’Λπειλήσας
3076 5685 3133 5739 δέ
3159 5685 3340 5749 αὐτοῖς
3371 5683 3597 5749 ἀνωθεν,
3631 5684 3722 5737 καὶ
3746 5682 3913 5745 κύνας
3946 5697 4051 5735 κα-

2479 5774 2663 5837 λέσας,
2703 5778 2858 5846 μόγις
2888 5776 2986 5852 τὴν
3030 5777 3361 5835 φιλονεικίαν
3409 5775 3725 5829 κατέσϐεσε.
3767 5772 3956 5827 Ταῦτα
3989 5774 4046 5827 δὲ
