4216 6456
153 404 301 467 H77

1400 403 1798 463 BELiGIOSA
1843 401 2225 462 HISTORIA.

3289 412 3424 477 1478

147 523 310 588 ἔφην,
347 518 610 582 ἐπιδεῖξαι
656 517 834 570 αὐτῶν
869 518 964 586 τῆς
1000 519 1236 582 διανοίας
1266 519 1496 588 θελήσας
1523 523 1618 594 την
1650 519 1738 570 πί-

1849 527 1903 569 ut
1936 531 2136 586 quanta
2194 519 2411 574 illorum
2459 521 2626 575 animi
2675 523 2806 580 fides
2854 536 2999 578 esset
3051 527 3419 586 ostendi-rem.

146 628 291 661 στιν.
331 611 408 662 Ού
435 611 544 677 γὰρ
574 609 640 661 ἂν
665 609 806 662 οῦτω
844 612 962 660 κατ’
991 610 1238 680 ἀλλήλων
1267 612 1566 679 ἐμάνησαν.
1597 613 1643 661 εἰ
1669 611 1744 680 μὴ

148 703 426 771 μεγίστην
460 703 604 770 ἔχειν
625 703 856 770 δύναμιν
893 704 985 755 τοῦ
1015 702 1300 756 θεσπεσίου
1330 703 1618 772 ἀνθρώπου
1650 704 1744 772 τὴν

143 796 409 862 εὐλογίαν
445 796 755 847 ἐπίστευον.
799 791 950 847 Εἶδον
980 794 1036 846 δὲ
1069 796 1162 846 καὶ
1205 794 1392 848 ἄλλοτε
1437 794 1744 862 θαῦμαθκε-

145 888 464 954 γενημένον
511 887 776 953 ἀοίδιμον.
815 885 1086 938 Εἰσελθὼν
1132 887 1241 957 γάρ
1282 904 1363 946 τις
1390 884 1742 955 (Σαρακηνῶν

145 979 200 1029 δὲ
231 978 334 1028 καὶ
359 973 515 1038 οὗτος
554 977 825 1046 φύλαρχος
853 974 965 1047 ἦν),
997 979 1097 1047 τὴν
1126 979 1275 1030 θείαν
1301 979 1541 1030 ἱκέτευσε
1572 996 1742 1046 κεφα-

147 1069 274 1137 λὴν,
305 1069 596 1137 ἐπαμῦναι
653 1070 807 1141 ἀνδρὶ
854 1070 998 1122 κατὰ
1032 1071 1129 1141 τὴν
1173 1070 1292 1122 ὁδὸν
1344 1070 1634 1139 παρεθέντι
1679 1069 1744 1122 τὰ

154 1162 300 1230 μέλη
342 1162 438 1213 τοῦ
481 1162 753 1229 σώματος.
799 1163 992 1228 Ἔλεγε
1025 1163 1080 1215 δέ
1112 1163 1268 1216 τοῦτο
1295 1162 1434 1217 κατὰ
1474 1163 1570 1232 τὴν
1602 1162 1746 1214 Καλ-

149 1253 362 1305 λίνικον
408 1254 690 1323 (φρούριον
727 1255 782 1305 δὲ
817 1253 955 1322 αῦτη
1013 1255 1290 1323 μέγιστον)
1323 1256 1747 1324 ὑπομεμενηκέ-

150 1363 241 1397 ναι
281 1346 339 1397 τὸ
374 1346 568 1404 πάθος.
609 1347 956 1415 Κομισθέντα
982 1346 1160 1399 τοίνυν
1191 1349 1270 1410 είς
1300 1349 1463 1417 μέσον
1505 1347 1747 1417 ἀρνηθῆ-

151 1453 242 1486 ναι
275 1436 533 1487 ἐκέλευσε
561 1437 660 1505 τὴν
706 1437 814 1488 τῶν
864 1439 1145 1505 προγόνων
1197 1438 1472 1492 ἀσέϐειαν.
1532 1439 1746 1509 Ἐπειδὴ

151 1527 210 1579 δὲ
253 1530 494 1594 ἄσμενος
552 1529 882 1594 κατεδέξατο
905 1570 918 1590 ,
960 1532 1056 1582 καὶ
1097 1532 1408 1598 ὑπήκουσε,
1443 1531 1535 1583 καὶ
1564 1531 1625 1582 τὸ
1653 1551 1748 1584 κε-

150 1619 383 1671 λευσθὲν
416 1618 816 1689 ἑξεπλήρωσεν,
856 1623 1021 1690 ήρετο
1059 1623 1108 1673 εί
1167 1623 1515 1691 πιστεύειτῷ
1550 1625 1745 1693 Πατρὶ,

152 1710 252 1762 καὶ
281 1709 361 1776 τῷ
393 1713 674 1778 μονογενεῖ
704 1709 835 1779 Υἱῷ,
869 1713 962 1764 καὶ
1009 1711 1086 1781 τῷ
1125 1713 1266 1782 ἁγίῳ
1303 1714 1602 1782 Πνεύματι.
1638 1713 1746 1766 Τοῦ

151 1802 210 1853 δὲ
239 1801 524 1854 πιστεύειν
583 1803 1020 1873 ὁμολογήσαντος
1049 1845 1062 1867 ,
1105 1825 1122 1855 ι
1170 1805 1426 1869 Ταύταις,
1469 1807 1594 1875 ἔφη,
1627 1810 1748 1870 ταῖς

155 1894 567 1961 προσηγορίαις
611 1895 907 1956 πιστεύων,
942 1896 1225 1966 ἀνάστηθι.
1257 1916 1273 1946 ι
1326 1897 1412 1959 Ὠς
1443 1897 1497 1949 δὲ
1520 1899 1745 1966 ἀνέστη,

156 1984 498 2052 προσέταξεν
549 1986 638 2036 ἐπ’
669 1984 836 2053 ὤμων
868 1987 1052 2057 φέρειν
1091 1988 1184 2040 τὸν
1239 1988 1514 2059 φύλαρχον
1559 1991 1751 2059 μέχρις

157 2076 334 2143 αὐτῆς
382 2076 485 2143 τῆς
529 2076 739 2145 κλίνης.
794 2079 1065 2146 Μέγιστον
1100 2079 1158 2132 δὲ
1200 2075 1313 2149 εἶχε
1360 2081 1538 2150 σῶμα.
1585 2084 1691 2134 Καὶ
1723 2082 1751 2134 ό

159 2169 261 2236 μὲν
293 2168 477 2221 λαϐὼν
531 2171 847 2236 παραυτίκα
890 2171 1097 2241 ᾤχετοο
1133 2173 1196 2225 Ol
1245 2174 1302 2227 δὲ
1358 2175 1622 2244 παρόντες
1673 2176 1752 2238 είς

157 2260 436 2328 ὑμνῳδίαν
468 2261 559 2312 τοῦ
595 2262 729 2314 Θεοῦ
765 2264 864 2326 τὰς
895 2263 1147 2331 γλώσσας
1191 2265 1470 2336 ἐκίνησαν.
1500 2267 1667 2320 Τοῦτο
1696 2269 1753 2320 δὲ

159 2351 468 2420 προσέταξε
505 2353 594 2405 τὸν
628 2356 909 2426 Δεσπότην
965 2357 1336 2428 μιμούμενος·
1365 2359 1424 2422 ὃς
1467 2360 1545 2430 τῷ
1578 2378 1754 2430 παρα-

157 2445 307 2514 λύτῳ
331 2445 518 2516 φέρειν
533 2448 629 2518 τὴν
646 2448 835 2518 κλίνην
855 2449 1156 2505 ἐκέλευσεν.
1179 2451 1336 2505 Ἀλλὰ
1358 2452 1544 2523 μηδεὶς
1565 2470 1755 2524 τυραν-

158 2537 280 2590 νίδα
322 2538 557 2591 καλείτω
609 2541 708 2608 τὴν
758 2541 1008 2610 μίμησιν.
1037 2543 1211 2596 Αὐτοῦ
1255 2546 1364 2615 γάρ
1402 2547 1517 2597 ἐστι
1564 2549 1751 2615 φωνήο

166 2647 184 2679 ι
213 2631 272 2682 '0
299 2631 574 2685 πιστεύων
604 2635 681 2695 είς
716 2634 837 2702 ἐμὲ,
864 2635 932 2688 τὰ
954 2635 1092 2706 ἔργα
1111 2636 1146 2691 ἃ.
1183 2637 1294 2706 ἐγὼ
1317 2638 1476 2702 ποιῶ,
1504 2640 1753 2702 κάκεῖνος

161 2725 408 2791 ποιήσει,
449 2724 542 2776 καὶ
575 2723 796 2792 μείζονα
847 2726 1055 2780 τούτων
1087 2729 1326 2799 ποιήσει.
1370 2749 1388 2781 ι
1417 2732 1525 2783 Καὶ
1551 2731 1753 2800 ταύτης

161 2812 218 2864 δὲ
252 2815 355 2881 τῆς
413 2815 745 2881 ἐπαγγελίας
799 2818 861 2869 τὸ
902 2817 1058 2879 τέλος
1103 2820 1470 2890 ἐθεασάμεθα.
1512 2822 1620 2892 Τῆς
1647 2824 1755 2891 γὰρ

162 2905 260 2957 τοῦ
297 2907 503 2975 Κυρίου
532 2909 690 2970 σκιᾶς
706 2908 942 2978 οὐδαμοῦ
968 2908 1574 2983 θαῦμαέργασαμένης,
1601 2916 1630 2982 ἡ
1662 2913 1755 2966 τοῦ

168 3001 410 3069 μεγάλου
465 3002 672 3071 Πέτρου
709 3006 859 3067 σκιά,
912 3005 1008 3057 καὶ
1041 3005 1272 3058 θάνατον
1321 3005 1502 3069 ἔλυσε,
1544 3007 1640 3058 καὶ
1672 3006 1755 3058 νό-

169 3110 298 3153 σους
346 3093 605 3164 ἐξήλασε,
652 3095 746 3148 καὶ
797 3096 1061 3165 δαίμονας
1117 3097 1503 3164 ἐφυγάδευσεν.
1541 3097 1681 3150 Ἀλλ’
1727 3097 1755 3148 ὁ

1847 609 2031 679 Neque
2058 612 2202 665 enim
2235 616 2286 666 in
2325 613 2538 683 seipsos
2574 615 2653 668 sic
2685 616 3058 678 insaniissent.
3110 621 3214 674 nisi
3255 621 3421 674 divini

1849 701 2084 756 hominis
2116 704 2549 758 benedictionem
2578 706 2682 757 vim
2713 709 2997 761 maximam
3024 710 3223 765 habere
3253 714 3430 766 credi-

1848 795 2082 850 dissent.
2128 794 2250 849 Vidi
2294 811 2461 863 porro
2490 807 2542 852 et
2586 799 2731 852 aliud
2771 800 2986 853 celebre
3017 793 3218 856 factum
3255 807 3425 856 mira—

1848 885 2051 937 culum.
2098 888 2388 955 lngressus
2416 888 2632 955 quidam
2671 890 2809 957 (erat
2854 899 3035 944 autem
3080 892 3169 945 hic
3205 909 3426 962 quoque

1860 976 2194 1045 phylarchus
2225 976 2671 1045 Saracenorum),
2705 981 2948 1034 divinum
2998 992 3161 1050 caput
3205 986 3423 1049 orabat,

1849 1076 1908 1122 ut
1938 1085 2094 1138 opem
2133 1069 2295 1126 ferret
2349 1071 2576 1130 homini,
2622 1073 2709 1124 cui
2756 1076 2990 1143 paralysi
3038 1077 3216 1129 soluta
3255 1080 3306 1129 in
3340 1078 3424 1130 via

1851 1158 2061 1214 fuerant
2096 1164 2335 1215 membra
2356 1166 2625 1234 corporis.
2655 1165 2848 1218 Aiebat
2890 1175 3070 1220 autem
3097 1169 3162 1221 ad
3197 1168 3425 1221 Callini-

1848 1267 1992 1308 cum.
2026 1255 2172 1320 quod
2209 1257 2490 1306 castellum
2533 1266 2615 1310 est
2645 1258 2966 1321 maximum,
3009 1259 3061 1310 in
3103 1259 3247 1313 hunc
3277 1276 3425 1313 mor-

1851 1342 1978 1394 bum
2013 1342 2293 1394 incidisse.
2318 1344 2452 1397 Com
2481 1346 2524 1397 is
2548 1362 2676 1414 ergo
2694 1349 2892 1402 allatus
2910 1349 3134 1402 essetin
3161 1351 3425 1412 medium,

1847 1433 2011 1500 jussit
2057 1443 2116 1485 ut
2173 1434 2440 1503 majorum
2509 1437 2842 1504 impietatem
2900 1440 3216 1509 abnegaret.
3270 1440 3426 1505 Quod

1851 1525 1940 1576 ille
1970 1540 2090 1576 cum
2116 1526 2349 1579 libenter
2380 1527 2715 1589 admisisset,
2751 1529 3250 1599 obtemperausque
3272 1533 3428 1599 jussa

1852 1613 2151 1680 implesset.
2190 1616 2398 1683 rogavit
2439 1630 2504 1668 an
2547 1616 2800 1670 crederet
2835 1616 3011 1678 Patri,
3052 1626 3107 1672 et
3143 1621 3429 1688 unigenito

1852 1703 2012 1768 Filio,
2050 1715 2100 1757 et
2134 1703 2360 1774 Spiritui
2407 1717 2620 1760 sancto.
2663 1708 2725 1761 Et
2763 1725 2884 1762 cum
2931 1711 3158 1765 credere
3203 1728 3261 1767 se
3299 1729 3429 1781 pro-

1855 1795 2036 1851 fessus
2071 1807 2255 1860 esset,
2305 1817 2322 1849 ι
2369 1799 2482 1859 llis.
2538 1802 2748 1867 inquit,
2803 1803 3118 1857 nominibus
3175 1806 3429 1867 credens,

1856 1901 2034 1956 surge.
2075 1907 2091 1937 ι
2138 1887 2236 1940 Ubi
2269 1899 2448 1942 autem
2480 1892 2740 1952 surrexit,
2769 1892 2937 1960 jussit
2963 1901 3020 1946 ut
3067 1893 3428 1964 phylarchum

1858 1980 2102 2034 humeris
2143 1983 2261 2034 suis
2299 1982 2365 2035 ad
2419 1983 2596 2050 ipsum
2629 1999 2802 2054 usque
2831 1985 3026 2040 lectum
3077 1985 3263 2042 ferret.
3302 1987 3435 2041 Erat

1856 2083 2032 2125 autent
2068 2075 2112 2127 is
2136 2089 2364 2142 corpore
2398 2077 2727 2144 praegrandi.
2767 2077 2887 2141 Quo
2921 2077 3009 2132 ille
3048 2079 3266 2134 sublato
3301 2095 3436 2132 con-

1857 2165 2035 2217 festim
2074 2165 2206 2218 abiit
2241 2185 2252 2218 :
2295 2167 2386 2236 qui
2437 2184 2565 2222 vero
2601 2179 2900 2237 praesentes
2947 2171 3199 2236 aderant,
3249 2172 3301 2224 in
3341 2170 3431 2225 Dei

1857 2255 2071 2309 laudem
2110 2257 2324 2325 linguas
2368 2260 2701 2315 excitarunt.
2752 2258 2864 2313 Hoc
2920 2276 3082 2328 porro
3123 2261 3212 2316 ille
3248 2259 3434 2315 Domi-

1859 2361 1988 2397 num
2039 2346 2262 2400 imitans
2311 2350 2589 2417 praecepit.
2645 2351 2738 2416 qui
2789 2352 3092 2419 paralytico
3146 2351 3316 2418 jussit
3374 2359 3434 2404 ut

1860 2438 2119 2491 lectulum
2148 2455 2304 2492 suum
2347 2438 2533 2494 ferret.
2571 2440 2842 2494 Czeterum
2887 2441 3251 2495 imitationem
3292 2443 3436 2496 hanc

1861 2545 2021 2585 nemo
2063 2532 2408 2600 tyrannidem
2444 2541 2616 2586 vocet.
2648 2532 2778 2601 Ejus
2805 2535 2949 2586 enim
2981 2550 3082 2587 vox
3121 2546 3240 2588 est:
3280 2553 3298 2584 ι
3329 2534 3433 2600 Qui

1858 2623 2032 2676 credit
2066 2623 2119 2676 in
2156 2637 2260 2686 me,
2287 2639 2454 2693 opera
2486 2640 2607 2693 qua:
2633 2640 2734 2694 ego
2761 2624 2904 2678 facio
2931 2634 2984 2679 et
3010 2626 3123 2694 ipse
3157 2626 3338 2694 faciet,
3380 2637 3436 2681 et

1860 2716 2069 2782 majora
2123 2717 2314 2768 horum
2381 2715 2543 2770 faciet
2567 2725 2616 2770 γ.
2677 2737 2694 2768 ι
2754 2718 2925 2786 Cujus
2979 2733 3113 2772 sane
3175 2720 3437 2788 promissi

1860 2817 2119 2862 eventum
2153 2807 2408 2883 vidimus.
2448 2807 2579 2860 Nam
2614 2825 2739 2862 cum
2775 2811 2966 2863 umbra
3020 2809 3234 2863 Domini
3271 2813 3439 2865 mira-

1859 2901 2042 2954 culum
2094 2917 2370 2970 nunquam
2436 2901 2653 2965 fecerit,
2709 2905 2891 2972 magni
2939 2903 3084 2956 Petri
3141 2905 3331 2956 umbra
3383 2913 3439 2958 et

1859 3001 2088 3045 mortem
2145 2993 2364 3051 delevit.
2423 3001 2478 3046 et
2534 2995 2755 3048 morbos
2809 2996 3010 3064 exegit,
3054 3003 3108 3048 et
3158 2995 3438 3050 darumnes

1863 3085 2088 3155 fugavit.
2129 3087 2339 3156 1277
2374 3083 2575 3140 Verum
2608 3086 2874 3143 Dominus
2903 3100 2955 3140 et
2982 3090 3083 3141 ista
3117 3104 3209 3157 per
3246 3104 3438 3144 servos

167 3183 450 3252 Δεσπότης
507 3184 602 3234 καὶ
651 3184 820 3237 ταῦτα
883 3185 971 3238 διὰ
1020 3187 1127 3240 τῶν
1176 3188 1376 3240 δούλων
1429 3189 1648 3258 ἐνήργει
1691 3186 1750 3239 τὰ

1862 3195 1991 3234 suos
2017 3181 2278 3232 miracula
2308 3181 2579 3247 patrabat,
2613 3189 2668 3233 et
2705 3197 2852 3234 nunc
2894 3182 3146 3236 similiter
3178 3182 3298 3249 ejus
3338 3197 3437 3235 no-

171 3271 431 3340 θαύματα
457 3287 468 3300 ·
497 3275 588 3325 καὶ
614 3275 709 3326 νῦν
741 3275 796 3326 δέ
828 3275 1111 3338 ὡσαύτως,
1141 3279 1208 3347 τῇ
1256 3278 1446 3330 τούτου
1473 3279 1754 3348 κεχρημέ-

171 3380 262 3425 νος
297 3366 639 3436 προσηγορία
675 3368 744 3420 τὰ
804 3368 976 3438 μυρία
1019 3371 1046 3421 ό
1079 3369 1218 3430 θεῖος
1261 3369 1552 3440 Συμεὼνης
1593 3371 1755 3439 ἐργά-

173 3453 330 3517 ζεται
376 3454 652 3524 θαύματα.
689 3456 896 3527 Συνέϐη
934 3460 1043 3529 γὰρ
1078 3461 1172 3512 καὶ
1214 3460 1400 3530 ἓτερον
1435 3461 1620 3530 θαῦμα
1661 3479 1754 3530 γε-

173 3544 362 3598 νέσθαι
412 3547 514 3598 ύπὸ
551 3547 745 3600 τούτου
783 3550 876 3602 τοῦ
915 3552 1187 3621 προτέρου
1221 3552 1484 3621 μηδαμῶς
1507 3553 1758 3606 ἐλαττού-

178 3651 358 3704 μενον.
386 3638 506 3689 Τῶν
531 3638 639 3709 γὰρ
681 3642 759 3702 εἰς
780 3640 840 3692 τὸ
875 3643 1137 3713 σωτήριον
1170 3641 1340 3712 ὄνομα
1364 3643 1458 3696 τοῦ
1487 3645 1755 3698 Δεσπότου

175 3728 420 3798 Χριστοῦ
471 3733 915 3786 πεπιστευκότων
955 3751 1059 3796 τις,
1102 3735 1448 3807 Ἱσμαηλίτης
1474 3739 1573 3791 οὐκ
1619 3739 1756 3810 ἄση-

181 3838 312 3888 μος,
349 3823 514 3892 εὐχὴν
572 3825 868 3893 ἐποιήσατο
934 3827 1073 3897 πρὸς
1125 3828 1217 3878 τὸν
1279 3827 1410 3880 Θεὸν
1464 3829 1555 3880 ὑπ’
1611 3828 1758 3899 αὐτῷ

183 3914 439 3983 μάρτυρι,
478 3916 569 3968 καὶ
607 3917 923 3985 ὑπόσχεσιν.
955 3919 1018 3971 Ἦ
1047 3919 1102 3971 δὲ
1131 3920 1421 3989 ὑπόσχεσις
1461 3916 1548 3991 ἦν,
1580 3924 1758 3993 πάσης

180 4006 477 4070 agat-5.5.5681:
510 4005 604 4059 τοῦ
625 4007 813 4060 λοιποῦ
855 4009 1017 4078 μέχρι
1041 4010 1228 4072 τέλους
1253 4011 1499 4080 ἐμψύχου
1531 4015 1756 4082 τροφῆς.

181 4097 400 4167 Ταύτην
443 4099 544 4150 οὐκ
595 4094 690 4151 οἷδ’
726 4101 876 4162 ὅπως
923 4102 1100 4170 χρόνῳ
1148 4103 1252 4154 τινὶ
1295 4101 1392 4172 τὴν
1428 4103 1760 4169 ἐπαγγελίαν

183 4187 594 4258 παραδραμὼν,
628 4189 776 4260 ὄρνιν
841 4192 1152 4254 καταθύσας
1213 4192 1413 4246 ἐσθίειν
1472 4194 1755 4264 ἐτόλμησε.

183 4279 290 4331 Τοῦ
316 4278 374 4331 δὲ
405 4279 539 4332 Θεοῦ
561 4281 722 4333 αὑτὸν
760 4281 826 4334 δι’
849 4282 1069 4352 ἐλέγχου
1111 4285 1246 4354 πρὸς
1285 4287 1625 4357 ἐπιστροφὴν
1671 4288 1761 4340 ἐν-

183 4373 368 4437 εγκεῖν
390 4371 762 4442 ἐθελήσαντος,
777 4375 981 4428 καὶτὸν
996 4377 1188 4429 ἑαυτοῦ
1208 4377 1433 4447 τιμῆσαι
1457 4379 1762 4449 θεράποντα

188 4464 442 4531 μάρτυρα
472 4464 570 4533 τῆς
605 4466 1016 4536 παραὸαθείσης
1057 4470 1346 4536 γενόμενον
1393 4469 1759 4539 ὑποσχέσεως,

1862 3288 1984 3326 men
2019 3287 2293 3341 usurpans
2319 3273 2539 3326 divinus
2577 3272 2878 3342 Symeones
2902 3273 3187 3328 innumera
3229 3277 3440 3343 peragit

1863 3365 2146 3418 miracula.
2179 3364 2393 3416 Accidit
2425 3379 2660 3431 namque
2693 3375 2750 3417 ut
2797 3364 2946 3417 aliud
2993 3380 3209 3433 qunque
3253 3366 3321 3417 ab
3372 3381 3440 3418 eo

1865 3457 2020 3513 ﬁeret
2057 3457 2386 3510 miraculum
2436 3457 2609 3509 nihilo
2653 3455 2884 3512 inferius
2919 3459 3120 3525 priore.
3170 3458 3438 3511 lsmaelita

1864 3551 2010 3606 enim
2040 3550 2264 3619 quidam
2289 3565 2355 3603 ex
2385 3550 2450 3603 iis
2479 3549 2572 3618 qui
2616 3549 2670 3602 in
2704 3550 2950 3604 salutare
2984 3548 3187 3605 Chriin
3226 3549 3440 3603 Domini

1865 3655 2063 3694 nomen
2099 3623 2469 3714 crediderant,
2509 3638 2736 3692 minime
2779 3639 3075 3700 obscurus,
3115 3641 3442 3706 \‘otuinipso

1865 3737 2003 3785 teste
2048 3729 2156 3784 Deo
2205 3728 2433 3791 fecerat,
2482 3738 2534 3782 et
2589 3729 3042 3798 promissionem.
3105 3728 3442 3783 Promiserat

1865 3831 2044 3872 autem
2093 3818 2362 3880 futurum,
2398 3827 2458 3870 ut
2511 3817 2773 3885 deinceps
2827 3825 3091 3886 perpetuo
3143 3817 3441 3872 abstineret

1866 3911 1936 3966 ab
1969 3925 2066 3965 esu
2105 3909 2352 3976 cujusvis
2386 3908 2637 3960 animati.
2687 3904 2839 3959 Hanc
2894 3908 2983 3960 ille
3018 3907 3440 3973 promissionem

1867 4003 2053 4057 nescio
2080 4017 2187 4070 quo
2222 4010 2383 4069 pacto
2409 4009 2796 4067 transgressus
2832 3998 3128 4065 aliquando
3150 4003 3440 4049 mactatam

1869 4094 2124 4164 gallinam
2162 4108 2328 4147 ausus
2358 4100 2442 4147 est
2475 4090 2780 4146 comedere.
2818 4089 2989 4155 Quem
3038 4088 3178 4142 Deus
3208 4086 3272 4140 ad
3301 4101 3440 4140 con-

1869 4184 2176 4240 versionem
2211 4192 2364 4239 certo
2394 4166 2600 4236 indicio
2626 4182 2828 4235 ducere
2873 4195 2997 4233 cum
3029 4179 3211 4241 vellet,
3253 4176 3438 4231 famu-

1870 4277 2092 4345 lumque
2118 4290 2282 4330 suum
2324 4275 2597 4327 honorare
2627 4272 2719 4340 qui
2773 4270 2930 4325 testis
2981 4269 3157 4323 fuerat
3200 4265 3441 4336 promis-

1871 4371 2064 4432 sionis,
2099 4368 2152 4421 in
2189 4366 2386 4436 lapidis
2438 4373 2691 4417 naturam
2732 4363 2942 4432 gallina:
2995 4375 3125 4414 caro
3176 4372 3443 4413 conversa

1870 4471 2003 4517 est:
2047 4459 2181 4512 adeo
2226 4470 2282 4511 ut
2338 4473 2438 4511 nec
2490 4457 2537 4511 si
2575 4456 2736 4509 vellet
2777 4454 2942 4507 edere
3006 4451 3241 4521 amplius
3292 4451 3442 4502 illam

187 4557 266 4616 είς
317 4554 466 4606 λίθου
504 4555 665 4623 φύσιν
717 4558 751 4627 ἡ
785 4558 921 4628 σάρξ
972 4559 1071 4624 τῆς
1122 4559 1330 4629 ὄρνιθος
1391 4561 1746 4630 μετεϐάλλετο

1875 4565 2076 4626 posset.
2115 4552 2218 4618 Qui
2259 4553 2404 4605 enim
2459 4551 2510 4602 id
2545 4549 2631 4603 edi
2683 4555 2887 4617 posset,
2925 4544 3068 4612 quod
3109 4542 3217 4596 cibi
3273 4557 3441 4594 causa

186 4647 327 4699 ὥστε
367 4647 498 4718 μηδὲ
559 4649 879 4716 βουλόμενον
910 4651 1168 4704 δύνασθαι
1221 4653 1405 4705 λοιπὸν
1435 4655 1635 4707 ἐσθίειν
1666 4656 1763 4708 αύ-

186 4739 295 4790 τύν.
336 4739 460 4802 Πῶς
498 4741 608 4811 γὰρ
662 4734 772 4791 οἷόν
820 4759 876 4793 τε
912 4739 1000 4812 ἦν,
1039 4745 1145 4795 ἀπὸ
1192 4745 1559 4814 πετρωθέντος
1597 4739 1767 4817 οὗπερ

189 4834 268 4895 είς
309 4830 513 4902 βρῶσιν
568 4834 859 4901 ἐπείληπτο
913 4834 1162 4904 σώματος
1217 4837 1415 4889 ἐσθίειν
1471 4838 1764 4902 δύνασθαι;

190 4927 372 4997 Ταύτῃ
407 4927 775 4994 καταπλαγεὶς
815 4931 843 4979 ό
876 4927 1147 4998 βάρϐαρος
1191 4931 1256 4997 τῇ
1306 4929 1592 4998 παραδόξῳ
1646 4929 1767 5000 θέᾳ,

193 5021 290 5072 σὺν
321 5019 498 5089 πολλῷ
529 5021 679 5088 τάχει
702 5019 793 5070 τὸν
823 5021 967 5072 ὅσιον
1009 5020 1407 5090 κατελάμϐανε,
1438 5022 1496 5074 τὸ
1529 5040 1770 5091 κεκρυμ-

196 5110 356 5179 μένον
379 5113 456 5172 εἰς
485 5110 598 5177 φῶς
635 5111 956 5182 προσφέρων
988 5113 1308 5182 ἁμάρτημα,
1341 5115 1431 5165 καὶ
1460 5113 1556 5184 τὴν
1597 5113 1767 5182 παρὰ-

194 5205 353 5256 6ασιν
388 5203 779 5272 ἀνακηρύττων
835 5207 987 5267 πᾶσι,
1027 5207 1118 5257 καὶ
1166 5205 1258 5257 τοῦ
1318 5207 1655 5276 πταίσματος
1708 5209 1769 5258 ὲκ

195 5297 328 5350 Θεοῦ
364 5300 696 5366 συγγνώμην
731 5299 1049 5366 αἰτούμενος
1076 5313 1088 5325 ⁶
1125 5299 1218 5350 καὶ
1248 5300 1336 5350 τὸν
1367 5302 1520 5367 ἆγιον
1545 5302 1622 5362 εἰς
1655 5303 1770 5351 ἐπι-

196 5391 421 5459 κουρίαν
450 5389 650 5451 καλῶν,
687 5391 760 5450 ὡς
786 5389 851 5441 ἂν
885 5393 1005 5452 ταῖς
1045 5391 1468 5460 παντοδυνάμοις
1494 5392 1658 5444 αὑτοῦ
1693 5393 1773 5443 εύ-

198 5484 319 5552 χαῖς
349 5481 454 5534 τῶν
488 5481 704 5550 δεσμῶν
735 5481 895 5534 αὑτὸν
919 5480 1014 5548 τῆς
1047 5482 1317 5552 ἁμαρτίας
1344 5482 1608 5534 ἑλκύσειε.
1635 5483 1771 5535 Πολι

199 5572 277 5625 λοὶ
303 5573 360 5624 δὲ
389 5573 483 5624 τοῦ
513 5572 790 5641 θαύματος
818 5573 1079 5625 αὐτόπται
1121 5574 1377 5642 γεγόνασι
1399 5616 1412 5634 ,
1438 5575 1495 5625 τδ
1527 5574 1660 5644 προς
1700 5574 1775 5643 τῷ

203 5665 382 5735 στήθει
415 5665 576 5736 μέρος
606 5664 663 5730 ἐξ
686 5665 875 5718 ὀστέου
908 5666 998 5718 καὶ
1041 5666 1187 5718 λίθου
1218 5667 1571 5737 συγκείμενον
1598 5668 1775 5737 ψηλα-

267 5848 296 5892 γ
328 5841 481 5895 Joan.
538 5857 642 5902 xt\',
689 5841 770 5898 l9.

1874 4656 2148 4714 sumptum
2217 4643 2270 4695 in
2331 4640 2566 4710 lapidem
2629 4636 2962 4691 transierat?
3013 4631 3443 4702 Obstupefactua

1875 4739 2140 4792 inusitato
2185 4734 2500 4804 spectaculo
2533 4731 2803 4785 barbarus
2851 4726 2916 4780 ad
2981 4734 3231 4780 sanctum
3274 4723 3443 4777 celer-

1875 4834 2012 4886 rime
2040 4826 2317 4900 profectus
2356 4833 2459 4885 est.
2515 4823 2788 4877 occultum
2837 4827 3116 4888 peccatum
3172 4817 3225 4869 in
3265 4814 3442 4868 lucem

1875 4922 2182 4992 proferens,
2203 4926 2254 4970 et
2281 4915 2773 4984 transgressionem
2801 4924 2953 4961 suam
2987 4904 3244 4958 omnibus
3275 4918 3442 5005 cono:

1875 5015 2039 5074 tians,
2084 5009 2380 5077 delictique
2427 5005 2637 5059 veniam
2686 5015 2713 5053 a
2770 4999 2876 5052 Deo
2913 5006 3122 5066 petens,
3169 5004 3221 5049 et
3261 4999 3442 5048 sancti

1876 5106 2138 5158 auxilium
2168 5102 2450 5160 invocans,
2473 5107 2530 5149 ut
2565 5093 2818 5164 precibus
2843 5093 2958 5144 suis
2976 5086 3443 5157 omnipotentibus

1877 5196 2086 5267 peccati
2117 5192 2356 5246 vinculis
2387 5192 2561 5258 ipsum
2606 5186 2935 5239 exsolveret.
2979 5178 3299 5232 Miraculmn
3339 5178 3442 5229 hoc

1879 5293 2032 5346 multi
2067 5300 2418 5356 conspexere,
2464 5281 2555 5349 qui
2593 5280 2806 5348 gallina:
2851 5283 3054 5343 partem
3098 5270 3303 5338 pectori
3347 5268 3440 5321 ad-

1879 5387 2174 5439 haerentem
2209 5395 2273 5433 ex
2303 5391 2427 5430 osse
2457 5382 2508 5426 et
2539 5370 2716 5440 lapide
2744 5366 3030 5420 conflatam
3059 5366 3438 5415 attrectare-nt.

1881 5478 1990 5546 Ego
2032 5488 2160 5526 vero
2196 5485 2302 5524 non
2329 5466 2507 5521 solum
2537 5459 2788 5516 miraculi
2810 5464 3106 5525 spectator,
3136 5452 3226 5505 sed
3263 5452 3443 5546 rer‘um

1878 5537 2042 5624 etiam
2075 5567 2383 5619 futurarum
2434 5553 2808 5627 praedictionis
2837 5547 3054 5617 1278
3094 5543 3311 5597 auditor
3339 5537 3441 5592 fui.

1882 5662 2016 5716 Nam
2052 5669 2104 5714 et
2132 5655 2435 5714 siccitatem
2463 5651 2612 5705 illam
2652 5661 2772 5716 qua?
2807 5641 3037 5703 exstitit,
3086 5642 3446 5705 magnamque
