4216 6456
203 401 335 465 1481

1423 402 1648 463 RELIG
1662 400 1827 459 IOSA
1866 401 2250 465 HISTORIA.

3297 408 3429 471 148'}

199 516 368 585 μέρος
418 513 519 566 οὐκ
574 512 851 583 ἐλάχιστον
908 511 1233 575 καταλύσας,
1292 515 1570 584 πρόκειται
1632 514 1765 566 πᾶσι

1875 514 2236 575 spectaculum
2271 510 2612 581 proponitur.
2660 510 2812 567 Nunc
2838 513 3057 584 quidem
3092 513 3249 585 longo
3279 528 3432 574 stans

199 605 379 672 θέαμα
409 603 594 657 καινὸν
625 604 718 656 καὶ
750 605 1051 673 παράδοξον
1076 621 1089 635 ’
1131 605 1226 659 νῦν
1271 605 1368 675 μὲν
1406 603 1575 667 ἑστὼς
1607 603 1769 673 μέχρι

199 694 419 759 πολλοῦ,
452 693 547 748 νῦν
572 694 626 747 δὲ
670 695 819 764 θαμά
852 696 1397 766 κατακαμπτόμενος,
1428 696 1523 749 καὶ
1554 694 1630 763 τῷ
1655 693 1771 764 Θεῷ

200 786 530 854 προσφέρων
585 784 972 855 προσκύνησιν.
1023 786 1214 838 Πολλοὶ
1257 786 1313 839 δὲ
1344 785 1439 838 καὶ
1481 784 1773 854 ἀριθμοῦσι

195 877 307 925 τῶν
353 874 603 928 ἑστώτων
639 876 869 929 ταυτασὶ
915 876 1013 940 τάς
1052 878 1479 950 προσκυνήσεις.
1510 874 1693 940 Ἀπαξ
1717 875 1773 928 δέ

197 985 278 1029 τις
310 967 422 1019 τῶν
460 970 557 1021 σὺν
584 968 707 1039 ἐμοὶ
738 968 912 1039 χιλίας
943 970 1036 1023 καὶ
1062 969 1337 1032 διακοσίας
1361 969 1498 1040 πρὸς
1519 967 1774 1037 τέτταρσι

198 1058 294 1108 καὶ
345 1059 754 1127 τεσσαράκοντα
798 1057 1128 1129 ἀριθμήσας,
1155 1053 1274 1112 εἶτα
1307 1059 1561 1122 ὀκλάσας,
1595 1058 1773 1127 ἀφῆκε

196 1147 297 1216 τὴν
344 1147 548 1216 ψῆφον.
609 1148 991 1203 Κατακύπτων
1044 1148 1100 1200 δὲ
1151 1150 1238 1202 ἀεὶ
1285 1150 1396 1211 τοῖς
1447 1148 1554 1200 τῶν
1601 1147 1776 1200 ποδῶν

198 1239 485 1301 δακτύλοις
539 1241 906 1310 προσπελάζει
954 1240 1015 1293 τὸ
1065 1240 1337 1310 μέτωπον.
1384 1239 1562 1305 "Anci
1590 1239 1649 1291 δὲ
1674 1237 1776 1308 τῆς

200 1329 497 1398 ἑϐδομάδος
524 1330 780 1402 τροφὴνή
807 1331 1020 1403 γαστὴρ
1054 1329 1444 1400 ὑποδεχομένη,
1464 1330 1557 1382 καὶ
1574 1328 1777 1399 ταύτην

201 1422 468 1491 βραχεῖαν
494 1461 509 1486 ,
544 1421 788 1484 εὐπετῶς
820 1421 1263 1491 ὲπικάμπτεσθαι
1302 1419 1379 1491 τῷ
1407 1420 1558 1491 νώτῳ
1597 1436 1774 1490 παρα-

200 1512 391 1578 χωρεῖ.
408 1510 543 1562 Φασὶ
562 1509 620 1562 δὲ
647 1510 755 1562 ἀπὸ
783 1510 880 1580 τῆς
914 1511 1155 1573 στάσεως
1182 1513 1274 1563 καὶ
1305 1510 1517 1579 χρόνιον
1550 1507 1776 1569 ἓλκοςέν

200 1599 417 1671 θατέρῳ
447 1599 702 1667 γενέσθαι
728 1601 868 1664 ποδὶ,
902 1602 997 1654 καὶ
1022 1601 1285 1670 διηνεκῶς
1324 1601 1571 1654 πλεῖστον
1606 1598 1776 1670 ίχῶρα

199 1690 415 1742 ἐκεῖθεν
431 1688 799 1759 ὲκκρίνεσθαι.
820 1689 1117 1759 Ἀλλ“ὄμως
1138 1689 1291 1741 οὐδὲν
1309 1688 1532 1742 τουτωνὶ
1553 1688 1659 1741 τῶν
1680 1705 1776 1741 πα-

201 1779 313 1833 θῶν
334 1780 433 1849 τὴν
462 1780 780 1851 φιλοσοφίαν
810 1780 1094 1851 ἐξήλεγξεν
1116 1798 1128 1811 ·
1151 1780 1286 1834 ἀλλά
1306 1780 1459 1850 φέρει
1493 1780 1772 1847 γενναίως,

201 1874 297 1926 καὶ
332 1875 402 1926 τὰ
426 1874 670 1938 ἑκούσια,
696 1874 790 1926 καὶ
820 1875 889 1926 τὰ
920 1873 1152 1927 ἀκούσια
1177 1872 1488 1926 καὶτούτων
1512 1872 1776 1926 κάκείνων

204 1966 275 2035 τῇ
307 1964 589 2035 προθυμία
618 1965 1056 2035 περιγενόμενος.
1085 1962 1253 2019 Τοῦτο
1283 1964 1340 2018 δὲ
1376 1964 1435 2017 τὸ
1466 1964 1621 2026 ἕλκος
1655 1965 1780 2017 ὑπο-

198 2057 370 2122 δεῖξαί
394 2074 501 2109 τινι
544 2056 861 2126 ἠναγκάσθη
894 2056 1056 2108 ποτέ·
1104 2057 1434 2127 διηγήσομαι
1457 2055 1514 2108 δὲ
1562 2056 1655 2109 καὶ
1680 2054 1778 2126 τὴν

200 2148 405 2202 αἰτίαν.
452 2149 703 2215 Ἀφίκετό
722 2164 806 2210 τις
829 2147 935 2199 ἀπὸ
974 2146 1285 2216 Ῥαὸαίνης,
1306 2146 1442 2217 ἀνὴρ
1471 2146 1774 2209 σπουδαῖος,

200 2241 297 2291 καὶ
327 2242 395 2310 τῇ
425 2239 520 2291 τοῦ
545 2238 779 2309 Χριστοῦ
799 2238 1044 2307 διακονίᾳ
1074 2238 1453 2308 τετιμημένος.
1485 2233 1651 2302 Οὗτος
1680 2238 1777 2308 τὴν

199 2332 449 2402 κορυφὴν
483 2330 700 2400 ἐκείνην
727 2329 1047 2383 καταλαϐών
1069 2346 1082 2359 ·
1120 2349 1137 2382 ι
1176 2330 1311 2383 Εἰπέ
1349 2347 1458 2399 μοι,
1489 2329 1611 2400 ἔφη,
1644 2329 1777 2401 πρὸς

195 2423 300 2493 τῆς
342 2422 603 2492 ἀληθείας
636 2423 827 2492 αὐτῆς,
865 2421 966 2492 τῆς
1008 2421 1116 2473 τῶν
1151 2420 1451 2491 ἀνθρώπων
1484 2422 1637 2490 γένος
1660 2422 1775 2473 ἐπι-

201 2514 536 2588 πρεψάσης,
576 2512 858 2584 ἄνθρωπος
887 2509 953 2578 εἶ,
979 2512 1009 2584 ἢ
1034 2512 1317 2582 ἀσώματος
1358 2511 1515 2581 φύσις
1543 2528 1558 2579 ;
1588 2531 1607 2564 ι
1646 2513 1778 2563 Δυσ-

198 2606 549 2678 χερανάντων
592 2605 649 2657 δὲ
699 2605 834 2675 πρὸς
860 2604 965 2675 τὴν
998 2603 1264 2675 ἐρώτησιν
1307 2605 1415 2657 τῶν
1474 2602 1776 2674 παρόντων,

200 2700 365 2771 σιγὴν
407 2699 505 2769 μὲν
550 2699 704 2765 ἄγειν
752 2696 1003 2750 ἐκέλευσε
1054 2697 1257 2759 πάντας
1284 2715 1297 2728 ο
1335 2698 1471 2766 πρὸς
1494 2697 1697 2749 ἐκεῖνον
1722 2694 1776 2747 δὲ

200 2788 307 2856 ἔφη
334 2803 349 2816 ·
373 2787 439 2838 Τί
465 2787 527 2857 δή
563 2802 692 2839 ποτε
729 2786 933 2856 ταύτην
960 2788 1058 2858 τὴν
1093 2785 1285 2843 πεῦσιν
1320 2789 1723 2857 προσήνεγκαςς
1752 2806 1769 2836 ο

198 2878 305 2932 Τοῦ
332 2878 393 2932 δὲ
413 2878 697 2949 εἰρηκότος
717 2894 729 2906 ‘
759 2895 776 2929 ι
808 2878 894 2941 Ὠς
928 2877 1144 2931 πάντων
1175 2878 1355 2931 ἀκούω
1386 2879 1775 2948 θρυλλούντων,

198 2971 273 3033 ὡς
302 2969 429 3023 οὔτε
466 2970 687 3035 ἐσθίεις,
724 2969 847 3022 οὔτε
882 2970 1192 3033 καθεύδεις⁶
1226 2970 1525 3041 ἀνθρώπων
1553 2971 1608 3023 δὲ
1648 2972 1779 3025 ἐκά-

199 3078 360 3131 τερον
412 3060 541 3113 ίδιον
568 3077 582 3091 ⁸
611 3061 670 3113 ού
704 3060 812 3131 γὰρ
849 3061 915 3113 ἄν
938 3077 1021 3123 τις
1059 3060 1259 3128 ταύτην
1294 3060 1431 3131 ἔχων
1466 3061 1562 3131 τὴν
1595 3060 1774 3127 φύσιν,

1874 610 2137 673 tempore,
2172 619 2315 657 nunc
2350 604 2583 658 subinde
2643 618 2702 658 se
2750 605 3052 671 inflectens,
3091 606 3307 677 Dcoque
3342 611 3435 661 ad-

1874 694 2175 748 orationem
2212 695 2427 764 1280
2475 694 2726 751 oﬂ‘erens.
2764 697 2840 749 Ae
2880 698 3034 751 multi
3081 712 3213 759 sane
3248 706 3436 753 astan-

1875 784 2010 838 tium
2040 790 2057 805 '
2087 785 2438 838 adorationes
2483 786 2614 840 istas
2646 794 2991 841 enumerant.
3029 787 3203 845 Semel
3254 799 3436 845 autem
3504 784 3507 787 “

1876 876 2095 944 quidam
2133 890 2201 930 ex
2228 876 2294 931 iis
2322 877 2412 945 qui
2438 889 2649 929 mecum
2682 886 2862 943 erant,
2894 893 3018 933 cum
3048 880 3199 934 mille
3232 883 3441 937 ducen-

1876 976 1958 1023 tas
1983 967 2343 1037 quadraginta
2361 976 2598 1037 quatuor
2623 980 3021 1035 enumerasset,
3048 969 3226 1027 fessus
3251 983 3441 1041 postea

1876 1072 2167 1112 numerare
2193 1058 2423 1112 destitit.
2471 1059 2697 1127 Semper
2723 1066 2926 1123 autem,
2954 1075 3078 1114 cum
3112 1076 3173 1117 se
3211 1063 3443 1117 inclina-

1878 1149 1988 1211 bat,
2017 1149 2083 1203 ad
2118 1148 2322 1218 digitos
2370 1164 2544 1218 usque
2578 1150 2776 1217 pedum
2817 1150 3049 1206 frontem
3095 1154 3440 1209 admovebat.

1877 1236 2009 1291 Nam
2028 1253 2155 1293 cum
2187 1240 2353 1292 semel
2379 1239 2432 1292 in
2465 1239 2807 1295 hebdomada
2826 1241 3004 1295 cibum
3032 1254 3217 1299 venter
3237 1246 3441 1313 capiat,

1876 1344 2112 1397 eumque
2133 1329 2411 1398 exiguum,
2440 1330 2603 1395 dprso
2638 1329 2890 1385 concedit
2924 1338 2983 1383 ut
3017 1330 3178 1386 facile
3200 1333 3443 1386 inﬂecta—

1878 1426 1986 1470 tur.
2026 1418 2192 1472 Aiunt
2216 1426 2396 1472 autem
2426 1417 2501 1470 illi
2543 1432 2609 1472 ex
2645 1418 3259 1474 stationeinveteratum
3289 1423 3446 1475 ulcus

1879 1508 2068 1573 fuisse,
2098 1509 2437 1578 multamque
2466 1524 2533 1564 ex
2563 1522 2627 1564 eo
2656 1509 2866 1564 saniem
2891 1512 3239 1566 continenter
3273 1511 3445 1565 deflu-

1878 1601 2045 1657 xisse.
2084 1602 2151 1654 At
2182 1611 2364 1657 tamen
2408 1601 2545 1655 nihil
2599 1601 2832 1656 istorum
2881 1600 3003 1670 ejus
3040 1602 3445 1672 philosophiam

1880 1691 2131 1746 labefecit
2185 1711 2199 1746 :
2254 1692 2349 1746 sed
2404 1692 2584 1745 omnia
2632 1692 2849 1747 fortiter
2903 1694 3118 1757 tolerat,
3171 1703 3284 1747 tum
3326 1710 3450 1762 quae

1878 1790 2074 1851 sponte
2112 1781 2279 1845 subit,
2329 1789 2443 1836 tum
2474 1797 2595 1851 quae
2634 1783 2840 1837 nolenti
2890 1783 3167 1849 accidunt,
3206 1795 3265 1839 ut
3300 1796 3448 1838 utra-

1880 1888 1989 1943 que
2034 1873 2197 1925 animi
2256 1873 2542 1928 alacritate
2595 1874 2885 1943 pervincit.
2942 1874 3055 1929 Hoc
3088 1892 3254 1946 porro
3291 1880 3448 1931 ulcus

1881 1962 2097 2016 cuidam
2139 1962 2457 2032 aliquando,
2487 1978 2595 2032 qua
2622 1962 2688 2017 de
2715 1978 2903 2029 causa,
2931 1964 3131 2029 dicam,
3163 1970 3451 2022 ostendere

1881 2059 2107 2107 coaetus
2137 2060 2241 2106 est.
2289 2051 2524 2106 Venerat
2563 2066 2592 2104 a
2621 2049 2858 2107 Rabaana
2901 2053 2945 2084 ³³
2976 2056 3198 2123 quidam
3238 2058 3320 2110 vir
3350 2058 3451 2110 bo-

1880 2159 2005 2209 nus,
2026 2143 2347 2213 Christique
2369 2142 2632 2197 famulatu
2657 2143 2980 2200 honoratus.
3013 2144 3062 2201 ls
3092 2146 3159 2200 ad
3187 2162 3449 2203 cacumen

1882 2234 2015 2292 illud
2036 2249 2158 2289 cum
2184 2234 2540 2297 ascendisset,
2573 2250 2591 2284 ε
2624 2232 2719 2288 Dic
2753 2235 2906 2299 mibi,
2937 2236 3132 2305 inquit,
3161 2238 3449 2307 pet-ipsam

1882 2328 2184 2388 veritatem,
2227 2340 2346 2394 quae
2392 2326 2690 2379 humanum
2736 2340 2908 2394 genus
2945 2330 3012 2380 ad
3055 2342 3114 2388 sc
3156 2340 3447 2392 convertit,

1882 2421 2114 2475 homonc
2140 2433 2221 2482 es,
2262 2434 2329 2471 an
2369 2418 2691 2487 incorporea
2722 2418 2962 2472 natura?
2999 2436 3018 2469 ι
3058 2418 3226 2489 ASgt-e
3264 2430 3446 2475 autem

1882 2511 2360 2582 interrogationem
2416 2508 2725 2564 ferentibus
2781 2511 2999 2565 cunctis
3050 2511 3141 2580 qui
3187 2513 3446 2576 aderant,

1880 2601 2043 2655 silere
2071 2614 2264 2654 omnes
2287 2599 2472 2668 jussit,
2500 2607 2554 2653 ct
2587 2600 2740 2653 illum
2765 2599 3088 2679 alloquens:
3124 2621 3142 2653 ι
3181 2604 3290 2658 Cur
3320 2606 3444 2667 hoc,

1879 2694 1990 2756 ait,
2048 2692 2366 2746 sciscitatus
2415 2691 2515 2745 es?
2552 2710 2571 2743 ›
2615 2689 2680 2744 Et
2727 2705 2852 2745 eum
2893 2692 2986 2748 ille
3031 2695 3444 2764 respondisset:

1886 2802 1904 2834 ι
1934 2782 2071 2848 Quia
2099 2783 2297 2852 jactari
2330 2782 2400 2836 ab
2429 2782 2682 2838 omnibus
2711 2782 2892 2846 video,
2924 2791 2977 2838 te
3013 2800 3116 2839 nec
3139 2787 3447 2847 comedere.

1880 2890 1980 2929 nec
2009 2874 2285 2929 dormire:
2313 2873 2595 2927 hominum
2622 2882 2803 2929 autem
2830 2875 3108 2944 proprium
3130 2885 3212 2932 est
3240 2888 3450 2931 utrum-

1880 2980 2007 3035 que,
2041 2979 2217 3033 neque
2247 2964 2390 3018 enim
2425 2964 2717 3033 quisquam
2748 2972 2830 3019 est
2861 2964 2962 3019 hac
2995 2966 3257 3035 praeditus
3288 2979 3449 3021 natu-

1880 3073 1959 3122 ra,
1985 3058 2077 3127 qui
2114 3058 2319 3127 absque
2358 3056 2482 3110 cibo
2516 3065 2571 3112 et
2608 3071 2807 3112 somno
2843 3057 3009 3111 vitam
3056 3059 3259 3114 ducat:
3298 3079 3314 3112 ι
3352 3063 3447 3113 atl-

198 3153 409 3223 τροφῆς
441 3152 564 3221 δίχα
610 3153 704 3205 καὶ
760 3151 929 3204 ὕπνου
976 3152 1312 3205 διαϐιώσειεν
1338 3166 1354 3181 ·
1393 3171 1410 3202 ι
1450 3153 1777 3207 ἐπιτεθεῖναι

1883 3151 2086 3206 moveri
2107 3151 2309 3205 scalam
2334 3150 2521 3217 jussit,
2547 3150 2811 3220 illumque
2839 3153 3136 3207 ascendere
3167 3154 3443 3222 praecepit.

202 3244 302 3312 μὲν
337 3241 414 3312 τῷ
440 3241 577 3294 κίονι
610 3241 850 3312 κλίμακα
874 3240 1226 3310 προσέταξεν,
1252 3242 1513 3311 ἀναόἧναί
1537 3261 1595 3296 τε
1633 3247 1776 3297 έκεῖ-

198 3351 291 3386 νον
312 3333 696 3397 ὲκέλευσε,κα“ι
721 3333 935 3404 πρῶτον
963 3334 1060 3403 μὲν
1087 3334 1184 3396 τὰς
1208 3336 1393 3403 χεῖρας
1422 3336 1775 3404 καταμαθεῖν,

199 3422 323 3477 εἶτα
360 3424 469 3477 ἔσω
501 3424 595 3476 τοῦ
625 3423 943 3494 δερματίνου
977 3423 1320 3494 περιὸολαίου
1359 3425 1457 3494 τὴν
1489 3428 1641 3494 χεῖρα
1679 3425 1775 3495 βα-

200 3514 335 3576 λεῖν,
366 3514 463 3567 καὶ
496 3515 622 3566 ίδεῖν
647 3514 720 3584 μὴ
747 3516 871 3577 τοὺς
907 3514 1072 3576 πόδας
1104 3516 1285 3583 μόνον,
1316 3515 1448 3569 ἀλλά
1471 3518 1561 3568 καὶ
1594 3518 1654 3569 τὸ
1684 3536 1777 3586 χα-

200 3603 513 3657 λεπώτατον
538 3606 713 3667 ἕλκος.
746 3604 891 3657 Ἰδὼν
924 3604 980 3657 δὲ
1014 3606 1107 3657 καὶ
1134 3606 1413 3675 θαυμάσας
1443 3609 1471 3660 ὁ
1498 3608 1779 3679 ἄνθρωπος

199 3694 301 3765 τὴν
321 3694 416 3749 τοῦ
449 3695 642 3758 ’ἕλκους
665 3696 989 3767 ὑπερϐολὴν,
1022 3696 1116 3749 καὶ
1143 3698 1274 3767 παρ’
1302 3696 1469 3751 αὐτοῦ
1496 3697 1680 3768 μαθὼν
1704 3699 1779 3776 ὡς

202 3787 471 3860 ἀπολαύει
498 3790 703 3859 τροφῆς
728 3830 742 3854 ,
771 3789 1129 3860 κατελήλυθεν
1161 3788 1398 3852 ἐκεῖθεν,
1423 3792 1556 3860 πρὸς
1592 3793 1690 3860 ἐμὲ
1721 3792 1777 3844 δὲ

203 3859 538 3945 ἀφίκόμενος
560 3877 857 3948 διηγήσατο
893 3859 1087 3931 πάντα.
1126 3880 1213 3931 Ἐν
1238 3878 1293 3930 δὲ
1324 3882 1440 3942 ταῖς
1463 3859 1777 3949 δημοτελέσι

203 3966 547 4046 πανηγύρεσι
572 3969 663 4021 καὶ
680 3969 845 4038 ἀλλην
876 3969 1237 4022 ἐπιδείκνυται
1263 3971 1575 4040 καρτερίαν.
1627 3972 1778 4025 Μετά

204 4058 314 4127 γὰρ
333 4058 488 4126 ἡλίου
520 4058 731 4129 δυσμὰς
757 4060 862 4123 ἕως
910 4059 975 4112 ἀν
1015 4054 1166 4124 οὗτος
1217 4059 1377 4113 πάλιν
1404 4062 1483 4124 είς
1524 4061 1612 4114 τὸν
1645 4062 1778 4133 ἑῷον

204 4139 459 4217 ὁρίζοντα
484 4148 743 4218 γένηται,
778 4149 879 4210 τάς
918 4152 1106 4219 χεῖρας
1158 4149 1449 4202 ἀνατείνων
1492 4152 1572 4213 είς
1614 4154 1778 4221 ούρα-

202 4237 295 4289 νδν
327 4238 619 4309 παννύχιον
641 4238 891 4311 ἕστηκεν,
926 4238 1051 4291 οὔτε
1101 4238 1252 4311 ’ύπνῳ
1281 4241 1617 4312 θελγόμενος,
1651 4241 1775 4296 οὗτε

202 4331 311 4385 ὑπὸ
349 4330 514 4383 πόνου
548 4328 865 4400 νικώμενος.

287 4423 378 4475 Ἐν
400 4419 672 4483 τοσούτοις
693 4419 750 4472 δὲ
780 4420 980 4484 πόνοις,
1012 4420 1106 4475 καὶ
1136 4421 1576 4493 κατορθωμάτων
1605 4425 1773 4495 ὄγκῳ,

1884 3258 1947 3297 ac
1985 3244 2163 3312 primo
2187 3241 2406 3311 quidem
2434 3255 2629 3296 manus
2658 3243 2969 3311 explorare,
3010 3242 3209 3298 deinde
3235 3243 3444 3312 1281

1886 3332 1989 3388 sub
2014 3332 2292 3402 pellieeam
2318 3342 2518 3387 vestem
2557 3347 2775 3386 manum
2803 3332 3117 3398 immittere,
3154 3341 3208 3388 et
3250 3334 3451 3388 intueri

1884 3437 1995 3477 non
2046 3423 2211 3491 pedes
2254 3432 2489 3488 tantum,
2543 3423 2638 3479 sed
2689 3423 2849 3477 ulcus
2879 3422 3043 3478 etiam
3085 3425 3446 3479 teterrimum.

1884 3513 2246 3582 Conspicatus
2284 3521 2463 3568 autem
2496 3513 2580 3567 vir
2634 3513 2747 3579 ille,
2806 3514 3214 3585 admiratusque
3250 3517 3452 3571 ulceris

1887 3601 2339 3671 magnitudinem,
2376 3602 2688 3672 certiorque
2718 3603 2787 3655 ab
2822 3618 2887 3657 eo
2911 3602 3088 3658 factus
3115 3606 3292 3673 ipsum
3327 3607 3451 3659 cibo

1886 3692 2051 3758 vesci,
2088 3680 2391 3747 descendit
2430 3693 2602 3755 illinc,
2654 3702 2707 3749 et
2740 3693 2809 3747 ad
2856 3710 2942 3749 me
2998 3682 3223 3750 veniens
3268 3699 3450 3750 omnia

1885 3786 2146 3840 narravit.
2205 3784 2262 3839 In
2313 3786 2545 3855 publicis
2602 3793 2781 3841 autem
2823 3786 3267 3843 solemnitatibus
3304 3790 3449 3842 aliud

1884 3877 2047 3931 etiam
2070 3878 2394 3931 constantiae
2424 3878 2697 3946 specimen
2730 3878 3100 3948 praebet.Post
3128 3880 3269 3933 solis
3301 3882 3448 3934 enim

1884 3982 2161 4031 occasum,
2190 3967 2369 4037 quoad
2397 3969 2537 4022 idem
2568 3982 2762 4022 rursus
2793 3968 2859 4023 ad
2900 3969 3239 4025 horizontem
3269 3972 3451 4025 veniat

1884 4060 2229 4125 orientalem,
2272 4060 2522 4114 manibus
2574 4061 2627 4115 in
2676 4060 2877 4115 cadum
2908 4064 3150 4117 extensis
3193 4069 3302 4117 stat
3332 4072 3449 4115 tuta

1884 4162 2065 4217 nocte,
2102 4166 2200 4206 nec
2231 4165 2423 4205 somno
2447 4153 2563 4220 capi
2598 4167 2657 4207 se
2691 4151 2900 4219 sinens,
2936 4168 3035 4209 nec
3061 4153 3249 4209 labore
3281 4154 3444 4209 vinci.

1955 4420 2010 4473 ιη
2060 4419 2227 4474 tantis
2268 4425 2451 4473 autem
2496 4418 2799 4481 laboribus,
2825 4432 3284 4488 egregiorumque
3317 4417 3451 4471 faci-

202 4507 300 4561 καὶ
331 4506 525 4577 πλήθει
557 4506 871 4578 θαυμάτων,
914 4507 1085 4572 οὕτως
1123 4509 1240 4562 ἐστὶ
1279 4510 1339 4562 τὺ
1388 4511 1639 4583 φρόνημα
1678 4514 1775 4584 μέ-

1888 4529 2080 4569 norum
2139 4514 2514 4583 amplitudine,
2566 4520 2621 4567 et
2669 4512 3062 4566 miraculorum
3121 4511 3447 4582 frequentia,

201 4613 376 4669 1910;;
405 4598 480 4660 ώς
526 4598 743 4654 πάντων
766 4597 1066 4668 ἀνθρώπων
1096 4600 1239 4654 κατά
1274 4601 1373 4673 τὴν
1410 4603 1568 4669 ἀξίαν
1620 4604 1780 4659 ὕστα-

200 4706 316 4751 τος.
362 4688 508 4757 Πρὸς
561 4688 619 4740 δὲ
658 4687 737 4758 τῷ
773 4688 981 4759 μετρίῳ
1027 4691 1373 4761 φρονήματι,
1406 4694 1501 4746 καὶ
1543 4694 1778 4766 εὐπρόσ-

201 4781 323 4843 οδος
375 4780 495 4832 λίαν
533 4779 691 4844 ἐστὶ,
750 4779 844 4832 καὶ
898 4779 1138 4847 γλυκὺς,
1196 4783 1289 4834 καὶ
1339 4782 1630 4853 ἐπίχαρις,
1685 4788 1780 4839 καὶ

204 4872 345 4943 πρὸς
371 4873 604 4924 ’ἑκαστον
633 4872 742 4925 τῶν
765 4870 1161 4941 διαλεγομένων
1191 4873 1635 4946 ἀποκρινόμενος,
1670 4877 1779 4929 εἴτε

207 4965 576 5034 χειροτέχνης,
593 4963 701 5016 εἴτε
736 4964 1055 5034 προσαίτης,
1075 4965 1184 5017 εἴτε
1205 4966 1459 5035 ἄγροικος
1480 4968 1586 5039 εἴη.
1610 4970 1743 5021 Ἐλα
1757 4999 1778 5011 ο

205 5054 267 5106 6ε
314 5053 373 5105 δὲ
412 5054 508 5105 καὶ
546 5052 647 5122 τῆς
681 5053 1026 5116 διδασκαλίας
1059 5054 1211 5125 παρά
1267 5056 1359 5108 τοῦ
1406 5060 1778 5130 μεγαλοδώρου

204 5144 477 5197 Δεσπότου
530 5144 591 5196 τὸ
631 5144 837 5215 δῶρον·
887 5147 979 5198 καὶ
1025 5145 1103 5207 δὶς
1152 5147 1386 5218 ἑκάστης
1425 5151 1638 5219 ἡμέρας
1684 5154 1780 5217 τὰς

206 5233 562 5301 παραινέσεις
598 5234 943 5302 ποιούμενος,
990 5235 1270 5299 ἐπικλύζει
1301 5239 1408 5291 τῶν
1474 5242 1780 5295 ἀκουόντων

206 5326 306 5386 τὰς
336 5324 528 5389 ἀκοὰς,
575 5325 666 5377 ἐπὶ
714 5325 933 5396 χάριτος
986 5328 1130 5397 μάλα
1167 5328 1562 5401 διαλεγόμενος,
1595 5335 1687 5386 καὶ
1714 5335 1780 5387 τὰ

207 5415 304 5469 τοῦ
350 5414 497 5469 θείου
547 5416 865 5486 Πνεύματος
892 5419 1217 5489 προσφέρων
1275 5422 1637 5492 παιδεύματα,
1690 5429 1779 5478 καὶ

208 5507 493 5563 ἀνανεύειν
523 5509 603 5570 είς
644 5508 892 5578 οὐρανὸν,
956 5510 1049 5564 καὶ
1098 5511 1364 5565 πέτασθαι
1429 5518 1775 5586 παρεγγυῶν,

1884 4614 2035 4660 tanta
2060 4614 2146 4660 est
2182 4605 2299 4671 ejus
2325 4605 2491 4658 animi
2520 4603 2847 4666 moderatio,
2877 4616 2942 4656 ac
2979 4602 3025 4658 si
3065 4602 3311 4656 omnium
3350 4604 3449 4656 ho-

1885 4697 2095 4751 minum
2142 4696 2363 4750 infimus
2399 4705 2566 4750 esset.
2605 4693 2811 4749 Praeter
2848 4692 3168 4749 modestiam
3206 4708 3355 4757 vero,
3396 4703 3450 4747 et

1886 4789 2034 4842 aditu
2062 4785 2245 4841 facilis
2281 4791 2296 4807 ‘
2322 4794 2428 4849 est,
2463 4796 2516 4839 et
2555 4784 2794 4839 affabilis
2825 4799 2889 4838 ac
2915 4784 3124 4849 suavis,
3156 4784 3452 4853 unicuique

1884 4896 2072 4935 eorum
2119 4877 2459 4948 reSpondens
2493 4877 2589 4947 qui
2626 4876 3000 4946 alloquuntur,
3034 4875 3147 4931 sive
3188 4874 3367 4945 opifex
3405 4875 3452 4927 is

1886 4973 1979 5035 sit,
2006 4974 2120 5027 sive
2142 4969 2450 5031 mendicus,
2488 4970 2603 5024 sive
2630 4968 2973 5023 rusticanus.
3008 4966 3285 5021 Doctrina).
3311 4983 3452 5035 quo-

1884 5082 1989 5135 que
2039 5065 2241 5117 donum
2299 5077 2328 5114 a
2391 5060 2601 5115 liberali
2657 5058 2891 5113 Domino
2932 5058 3149 5127 accepit
3196 5076 3209 5112 :
3256 5065 3311 5112 et
3368 5059 3450 5110 bis

1885 5156 2133 5225 quotidie
2174 5152 2588 5207 exhortationes
2631 5150 2866 5213 habens,
2909 5148 3247 5204 audientium
3287 5163 3450 5199 aures

1888 5249 2101 5317 irrigat,
2134 5245 2268 5299 scite
2307 5242 2604 5297 admodum
2648 5241 2952 5306 disserens,
2979 5250 3031 5295 et
3069 5239 3238 5293 divini
3278 5237 3454 5306 Spiri-

1886 5350 1974 5392 tus
2002 5339 2333 5391 documenta
2371 5333 2659 5396 exhibens,
2706 5330 3017 5401 jubensque
3053 5329 3107 5384 in
3137 5330 3333 5385 caelum
3369 5343 3453 5379 re-

1890 5429 2125 5497 Spicere,
2157 5434 2209 5481 ct
2253 5425 2489 5485 evolare,
2527 5430 2691 5493 atque
2751 5436 2778 5474 a
2838 5428 2984 5476 terra
3037 5420 3339 5480 discedere,
3398 5429 3453 5472 et

1889 5534 2116 5587 regnum
2159 5515 2302 5585 quod
2347 5520 2700 5583 exspectatur
2742 5511 3074 5581 cogitatione
3113 5525 3357 5572 versare,
3396 5517 3452 5563 et

1487 5693 1716 5747 VARMC
1761 5692 2158 5750 LICCTIONES.

285 5772 330 5805 ³³
368 5774 452 5826 Μ)
476 5772 748 5826 Arabena.
783 5772 945 5826 Herv.

537 5864 797 5926 Ριτιιοι..
850 5865 967 5925 Gn.
1009 5865 1320 5925 LXXXII.

3054 5864 3131 5925 ἕιἹ
