4216 6456
225 394 362 457 1585

1438 393 1841 454 RELIGIUSA
1883 393 2262 453 HISTORIA.

3328 387 3461 450 1186

220 511 399 581 ψυχῆς
431 512 773 581 ἀνθρωπίνης
799 512 919 564 οὐδὲ
954 513 1082 579 μιᾶς
1110 510 1628 579 μεταλαγχάνοντες,
1652 510 1792 562 οὕτω

1859 556 1866 568 _
1899 508 2298 576 adipiscuntur.
2331 507 2431 559 Alii
2464 517 2628 574 porro
2667 503 2720 557 in
2767 502 3165 564 tabernaculis,
3200 510 3251 554 et
3284 501 3372 554 alit
3407 502 3462 553 in

220 603 319 671 τῆς
347 603 697 672 ἀναρρήσεως
730 604 1111 679 ἀπολαύουσιν.
1147 603 1329 655 Ἄλλοι
1358 602 1413 653 δὲ
1459 604 1514 653 ἐν
1546 603 1788 671 σκηναῖς,

223 695 318 746 καὶ
344 696 519 763 ἐτεροι
543 696 601 747 ἐν
634 695 894 758 καλύϐαις
920 694 1215 762 διάγοντες,
1247 695 1339 747 τὸν
1373 693 1501 746 Θεὸν
1525 692 1792 760 ἁνυμνοῦ-

223 800 327 835 σιν.
358 785 421 835 Οί
449 785 502 835 δὲ
532 785 621 835 τὸν
649 786 707 836 ἐν
730 785 945 852 ἄντροις
994 784 1090 837 καὶ⁵
1121 784 1406 852 σπηλαίοις
1459 784 1793 844 ἀσπάζονται

221 872 359 940 βίον.
405 873 597 926 Πολλοὶ
629 874 706 937 δὲ,
737 868 813 927 ὧν
861 874 1018 926 ἐνίων
1053 873 1427 943 ἐμνήσθημεν,
1467 874 1565 925 οὐκ
1600 873 1793 943 ἄντρον

219 960 461 1029 ἔχειν,ο“ύ
488 962 768 1030 σπήλαιον,
801 963 861 1014 ού
891 962 1117 1032 σκηνὴν,
1143 964 1202 1015 ού
1250 962 1490 1031 καλύὸην
1540 961 1795 1031 ἐπείσθη-

222 1068 324 1104 σαν
347 1070 360 1085 ·
386 1052 521 1106 ἀλλὰ
551 1053 743 1123 γυμνῷ
763 1054 841 1123 τῷ
868 1053 989 1125 ἀέρι
1024 1056 1092 1106 τά
1127 1055 1362 1124 σφέτερα
1386 1054 1612 1123 σώματα
1638 1053 1797 1106 δεδω-

220 1143 402 1207 κότες,
440 1144 547 1197 τῶν
573 1144 831 1197 ἐναντίων
861 1146 1162 1214 ποιοτήτων
1189 1146 1505 1214 ἀνέχονται·
1538 1145 1666 1198 ποτέ
1698 1146 1796 1213 μὲν

221 1233 299 1301 τῷ
334 1234 533 1305 κρυμῷ
553 1234 631 1300 τῷ
656 1236 880 1304 ἀκράτῳ
913 1236 1287 1304 πηγνύμενοι·
1316 1236 1447 1288 ποτὲ
1474 1235 1530 1288 δὲ
1560 1233 1638 1303 τῷ
1664 1234 1796 1305 πυρὶ

222 1325 323 1393 τῆς
364 1328 579 1388 ἀκτῖνος
606 1327 949 1395 φλεγόμενοι.
995 1328 1105 1379 Καὶ
1132 1329 1334 1381 τούτων
1362 1327 1418 1380 δὲ
1467 1324 1533 1381 αὖ
1568 1328 1726 1380 πάλιν
1768 1329 1797 1380 ὁ

226 1410 340 1478 βίος
369 1411 641 1481 διάφορος.
666 1414 726 1465 Oi
765 1413 863 1482 μὲν
893 1413 1001 1483 γὰρ
1032 1414 1226 1467 ἑστῶσι
1255 1414 1533 1485 διηνεκῶς,
1560 1418 1605 1467 οί
1634 1416 1689 1469 δὲ
1718 1418 1797 1480 είς

223 1502 495 1571 καθέδραν
541 1505 631 1555 καὶ
663 1505 848 1556 στάσιν
890 1505 988 1572 τὴν
1020 1506 1237 1576 ἡμέραν
1271 1507 1551 1577 μερίζουσι
1614 1507 1709 1561 καὶ
1747 1511 1797 1561 οί

228 1592 327 1661 μὲν
358 1594 414 1644 ἐν
445 1592 712 1661 θριγκίοις
740 1592 851 1645 τισὶ
883 1593 1290 1663 καθειργμένοι,
1323 1596 1430 1648 τῶν
1463 1596 1672 1649 πολλῶν
1702 1597 1800 1660 τὰς

226 1682 514 1744 συνουσίας
545 1681 905 1744 ἐκκλίνουσιν,
940 1684 990 1735 οἱ
1020 1683 1075 1735 δὲ
1118 1684 1292 1737 οὐδενὶ
1318 1684 1541 1755 τοιούτῳ
1588 1684 1803 1755 καλύμς

228 1790 360 1842 ματι
387 1773 682 1844 χρώμενοι,
708 1775 1025 1844 πρόκεινται
1062 1778 1196 1829 πᾶσι
1220 1779 1335 1838 τοῖς
1362 1776 1701 1846 βουλομένοις
1721 1777 1803 1838 είς

1901 598 2131 665 tuguriis
2165 598 2444 666 degentes.
2484 595 2647 646 Deum
2688 594 2966 647 celebrant
3008 611 3018 645 :
3059 592 3149 644 alii
3187 591 3239 642 in
3283 591 3460 642 antris

1899 695 1951 741 et
1980 688 2264 757 speluncis
2303 689 2482 740 \‘it'ct‘e
2510 686 2837 739 maluerunt.
2868 684 3068 744 Multis,
3102 698 3335 752 quorum
3372 683 3469 732 ali-

1899 795 2038 847 quos
2083 780 2543 841 memoravimus,
2580 792 2677 830 nec
2719 786 2961 837 antrum,
3004 761 3102 828 nec
3146 775 3465 843 Speluncam

1899 868 2099 922 habere
2131 869 2356 937 placuit,
2388 884 2487 921 nec
2522 866 2961 928 tabernaculum,
2997 879 3097 917 nec
3136 864 3415 932 tugurium
3452 879 3465 913 :

1905 959 2120 1029 1284
2152 960 2242 1012 Sed
2278 958 2428 1012 nudo
2468 958 2580 1011 aeri
2623 970 2855 1024 corpora
2903 971 3001 1009 sua
3041 956 3467 1013 committentes,

1901 1051 2206 1103 contrarias
2231 1049 2516 1117 perferunt
2539 1047 2856 1117 qualitates,
2878 1064 3023 1101 nunc
3053 1046 3253 1115 frigore
3279 1048 3471 1099 inuno-

1901 1139 2023 1193 dico
2052 1142 2320 1201 concreti,
2360 1158 2503 1195 nunc
2540 1143 2672 1195 solis
2701 1140 2992 1192 ardoribus
3025 1139 3251 1207 perusti.
3293 1140 3472 1206 Atque

1904 1228 2098 1283 horum
2133 1246 2328 1285 rursus
2361 1231 2470 1284 vita
2507 1231 2726 1285 diversa
2762 1237 2864 1285 est.
2897 1231 3125 1294 Quidam
3156 1232 3298 1283 enim
3324 1238 3471 1283 stant

1904 1332 2200 1392 perpetuo:
2237 1325 2328 1376 alii
2356 1324 2593 1378 Statione
2628 1338 2691 1375 ac
2724 1322 2966 1377 sessione
2997 1321 3140 1377 diem
3180 1322 3467 1375 dividunt:

1903 1422 1956 1465 et
2005 1413 2096 1465 alii
2141 1413 2364 1483 quidem
2416 1413 2671 1467 maceriis
2722 1412 3051 1481 quibusdam
3098 1412 3469 1493 circumsepti,

1904 1503 2199 1557 multorum
2232 1504 2408 1558 vitant
2439 1520 2797 1575 congressum
2837 1522 2850 1557 :
2885 1506 2975 1558 alii
3017 1507 3165 1559 nullo
3203 1504 3475 1573 ejusmodi

1906 1602 2225 1661 legumento
2267 1606 2505 1659 utentes,
2544 1599 2801 1651 omnibus
2844 1597 2936 1666 qui
2981 1597 3336 1666 contemplari
3380 1610 3474 1652 eos

1907 1684 2094 1737 volunt
2125 1684 2306 1753 palam
2342 1694 2469 1740 sunt
2507 1685 2764 1751 expositi.
2794 1685 2927 1750 Qua:
2969 1685 3186 1755 singula
3223 1686 3474 1752 persequi

1909 1788 2132 1828 necesse
2154 1774 2342 1837 habui,
2367 1789 2490 1828 cum
2518 1775 2822 1827 admirandi
2852 1774 3101 1827 llaradati
3138 1775 3304 1828 vitam
3339 1777 3477 1829 scri-

226 1865 481 1931 Θεωρίαν.
518 1866 734 1918 Τούτων
774 1867 831 1919 δὲ
869 1867 1101 1920 ἕκαστον
1132 1869 1223 1920 ἐπὶ
1261 1869 1357 1921 τοῦ
1406 1869 1671 1939 παρόντος
1716 1868 1797 1920 δι·-

1859 1863 2030 1921 lbere
2061 1865 2453 1919 instituissem.
2495 1864 2676 1919 Novas
2709 1866 2853 1921 enim
2906 1867 2991 1920 hic
3027 1869 3190 1919 etiam
3230 1866 3472 1935 patiendi

224 1953 464 2017 εξελθεῖν
502 1955 873 2024 ἠναγκάσθην,
901 1956 995 2009 τοῦ
1036 1956 1338 2026 θαυμασίου
1369 1958 1679 2028 Βαραδάτου
1712 1958 1803 2011 τὸν

227 2045 343 2114 βίον
370 2045 633 2117 ἐθελήσας
662 2048 994 2117 συγγράψαι.
1032 2050 1210 2103 Καινά
1233 2050 1341 2120 γάρ
1382 2052 1474 2103 καὶ
1508 2045 1661 2114 οὗτος
1706 2053 1803 2102 ἐπ-

226 2136 417 2203 ενόησε
451 2137 746 2207 καρτερίας
776 2138 1203 2209 ἐπιτηδεύματα.
1227 2140 1450 2210 Πρῶτον
1482 2142 1580 2212 μὲν
1608 2141 1716 2212 γὰρ
1745 2143 1802 2194 ἐν

224 2226 457 2297 οἰκίσκῳ
503 2229 691 2296 χρόνον
739 2229 905 2282 πολὺν
952 2230 1143 2283 ἑαυτὸν
1175 2228 1485 2300 καθείρξας,
1520 2232 1617 2299 τῆς
1654 2231 1803 2295 θείας

228 2318 397 2386 μόνης
424 2317 780 2387 ψυχαγωγίας
815 2318 1114 2388 ἀπήλαυεν.
1154 2320 1392 2372 Ἐκεῖθεν
1420 2321 1516 2391 τὴν
1551 2322 1803 2392 ὑπερκει-

229 2414 401 2483 μένην
431 2414 753 2466 καταλαὸὼν
781 2415 993 2483 ῥαχίαν,
1023 2416 1117 2466 καὶ
1144 2414 1373 2467 κιϐωτόν
1395 2430 1514 2467 τινα
1545 2414 1802 2485 βραχεῖαν

224 2504 347 2557 οὐδὲ
374 2504 453 2574 τῷ
488 2504 700 2575 σώματι
728 2505 1039 2575 σύμμετρον
1071 2508 1135 2559 ἐκ
1162 2506 1332 2571 ξύλων
1367 2507 1799 2573 κατασκευάσας,

226 2598 284 2647 ἐν
308 2598 447 2666 αὐτῇ
478 2598 655 2666 διῆγε,
682 2600 1050 2653 κατακύπτειν
1075 2599 1338 2667 διηνεκῶς
1368 2600 1799 2669 ἠναγκασμένος.

226 2689 304 2740 Οὐ
341 2688 451 2758 γὰρ
467 2685 613 2758 εἶχεν
640 2690 771 2759 ὕψος
808 2693 1089 2762 ίσόμετρον
1112 2690 1188 2760 τῷ
1213 2692 1377 2761 μήκει
1406 2690 1498 2743 τοῦ
1532 2690 1801 2761 σώματος.

226 2782 302 2833 Οὐ
329 2781 505 2833 σανίσι
531 2782 587 2834 δέ
613 2799 675 2849 γε
708 2783 848 2851 αὕτη
868 2784 1232 2851 συνήρμοστο,
1252 2782 1387 2835 ἀλλὰ
1415 2784 1535 2845 ταῖς
1565 2782 1804 2850 κιγκλίσι

229 2872 633 2941 παραπλησίως
666 2873 959 2942 διήνοικτο,
984 2873 1080 2924 καὶ
1118 2874 1241 2934 ταῖς
1269 2875 1624 2940 φωταγωγοῖς
1644 2872 1804 2941 ἐῴκει

225 2967 348 3026 ταῖς
386 2964 685 3033 εύρυτέρας
715 2963 971 3032 ἐχούσαις
993 2964 1085 3015 τοῦ
1115 2964 1290 3031 φωτὸς
1320 2962 1418 3025 τὰς
1450 2964 1706 3026 εἰσόδους.
1731 2957 1805 3017 Ob

228 3056 413 3124 χάριν,
446 3054 570 3106 οὔτε
617 3059 737 3117 ταῖς
785 3055 892 3107 τῶν
933 3055 1103 3107 ὑετῶν
1155 3055 1528 3124 ἀπηλλάττετο
1575 3054 1806 3126 προσϐο-

227 3147 370 3209 λαῖς,
421 3145 545 3198 οὔτε
590 3148 690 3215 τῆς
735 3146 969 3216 ἡλιακῆς
1008 3145 1367 3215 ἠλευθεροῦτο
1422 3146 1635 3213 φλογὸς,
1690 3144 1803 3197 ἀλλ’

228 3239 517 3307 ἀμφότερα
548 3242 659 3301 τοῖς
696 3240 874 3302 ἀλλοις
928 3241 1235 3309 ὑπαιθρίοις
1273 3239 1664 3308 παραπλησίως
1696 3236 1805 3289 ἑδέ-

228 3347 357 3399 χετο
381 3346 393 3357 ·
424 3330 762 3381 ἐπλεονέκτει
791 3331 846 3382 δὲ
882 3332 1026 3399 μόνῳ
1051 3331 1129 3398 τῷ
1148 3330 1245 3399 τῆς
1277 3328 1604 3398 καθείρξεως
1637 3326 1802 3396 πόνῳ.

230 3421 411 3472 Ital-5v
432 3420 487 3472 δὲ
518 3422 706 3489 χρόνον
734 3421 923 3478 τοῦτον
952 3422 1260 3483 διατελέσας
1286 3422 1379 3473 τὸν
1406 3421 1624 3489 τρόπον,
1649 3419 1804 3471 ὓστε-

232 3528 324 3578 ρον
345 3511 656 3580 ἐξελήλυθε,
688 3514 807 3573 ταῖς
832 3511 924 3562 τοῦ
963 3511 1248 3563 θεσπεσίου
1296 3510 1569 3571 Θεοδότου,
1620 3508 1677 3571 ὃς
1708 3509 1806 3578 τὴν

232 3603 627 3671 ἀρχιερατικὴν
647 3604 744 3672 τῆς
784 3602 1099 3672 Ἀντιοχέων
1131 3602 1289 3654 ἔλαϐε
1324 3600 1635 3669 προεδρίαν,
1666 3616 1808 3669 παρ-

233 3694 508 3744 οῖινέςεσιν
535 3692 705 3755 εἴξας.
727 3693 965 3763 ’Ἑστηκε
997 3692 1178 3763 μέντοι
1203 3692 1461 3759 διηνεκῶς
1488 3693 1563 3753 είς
1586 3690 1809 3763 οὐρανὸν

231 3786 332 3843 τὰς
375 3787 560 3852 χεῖρας
602 3784 878 3850 ἐκτείνων,
924 3785 1018 3837 καὶ
1070 3786 1159 3836 τὸν
1208 3783 1317 3835 τῶν
1363 3783 1499 3836 ὅλων
1545 3782 1675 3834 Θεὸν
1716 3784 1811 3835 ἀν-

233 3877 441 3942 ιιμνῶν,
479 3875 623 3927 ἂπαν
649 3876 709 3928 τὸ
760 3876 919 3945 σῶμα
965 3875 1043 3945 τῷ
1076 3875 1383 3947 δερματίνῳ
1411 3873 1809 3942 συγκαλύπτων

231 3965 420 4034 χιτῶνι
443 3980 457 3994 θ
493 3966 622 4032 περὶ
654 3964 751 4032 τὴν
780 3968 900 4034 ῥῖνα
932 3966 989 4017 δὲ
1025 3966 1213 4035 μόνην,
1249 3965 1343 4019 καὶ
1370 3966 1429 4017 τὸ
1462 3965 1654 4034 στόμα,
1680 3963 1812 4035 βρα-

234 4062 385 4126 χεῖαν
435 4057 513 4127 τῷ
553 4060 822 4127 πνεύματι
871 4058 1225 4127 παρείσδυσιν
1272 4057 1687 4118 καταλέλοιπεν,
1726 4056 1811 4109 ἴνα

232 4150 478 4218 ἀναπνέῃ
498 4148 591 4200 τὸν
617 4148 793 4201 κοινὸν
826 4148 961 4217 ἀέρα
984 4148 1287 4217 δεχόμενος.
1321 4148 1618 4218 ἐπειδήπερ
1638 4148 1812 4212 ἄλλως

232 4245 335 4311 ζῇν
364 4243 461 4310 οὐχ
490 4242 575 4295 οἵα
602 4260 661 4294 τε
710 4242 819 4295 τῶν
849 4241 1151 4309 ἀνθρώπων
1179 4243 1212 4310 ή
1258 4239 1437 4308 φύσις.
1475 4240 1583 4292 Καὶ
1624 4239 1811 4292 τοῦτον

233 4336 452 4385 ἃπαντα
503 4333 763 4402 ὑπομένει
821 4334 910 4385 τὸν
960 4333 1140 4394 πόνον,
1187 4332 1287 4384 οὐκ
1336 4330 1607 4400 εὔρωστον
1653 4330 1813 4400 σῶμα

236 4424 441 4493 λαχὼν,
476 4425 611 4477 ἀλλὰ
638 4426 731 4477 καὶ
762 4425 883 4478 λίαν
924 4425 1136 4487 πολλοῖς
1204 4423 1529 4492 βαλλόμενος
1578 4422 1806 4475 πάθεσι’

276 4518 438 4568 ἐουσα
475 4515 531 4568 δέ
568 4518 602 4585 ή
639 4514 935 4585 προθυμία,
969 4515 1064 4568 καὶ
1092 4513 1170 4584 τῷ
1220 4513 1349 4583 θείῳ
1396 4512 1558 4583 ἔρωτι
1596 4528 1809 4583 πυρπο-

231 4611 495 4678 λουμένη,
528 4608 775 4679 βιάζεται
806 4611 989 4661 πονεῖν
1038 4608 1099 4661 τὸ
1149 4609 1331 4659 πονεῖν
1384 4606 1443 4658 ού
1491 4606 1805 4674 δυνάμενον.

236 4698 346 4750 Καὶ
388 4696 489 4758 τὰς
542 4697 748 4765 φρένας
798 4696 854 4749 δὲ
908 4696 1121 4749 συνέσει
1156 4693 1586 4764 κεκοσμημένος,
1617 4694 1815 4762 ἄριστα

235 4790 331 4841 καὶ
363 4789 461 4850 τὰς
493 4787 715 4850 πεύσεις
748 4789 841 4840 καὶ
887 4787 990 4849 τὰς
1047 4786 1365 4855 ἀποκρίσεις
1402 4786 1632 4837 ποιεῖται
1656 4801 1669 4815 ο
1719 4784 1813 4836 καὶ

238 4880 612 4948 συλλογίζεται
673 4879 819 4932 ἐστιν
870 4880 956 4931 ὅτε
1000 4878 1107 4931 τῶν
1174 4879 1298 4940 τοὺς
1355 4874 1814 4946 ’Δριστοτελικοὺς

236 4973 594 5041 λαϐυρίνθους
641 4974 1028 5039 ἀνεγνωκότων
1075 4971 1298 5040 ἄμεινόν
1344 4986 1403 5023 τε
1458 4971 1549 5022 καὶ
1578 4968 1813 5022 δυνατώ-

228 5081 417 5134 τερον.
466 5065 555 5117 Ἐν
588 5063 737 5134 αὐτῷ
766 5064 823 5116 δὲ
862 5061 937 5114 ὢν
974 5062 1053 5131 τῷ
1084 5061 1207 5130 ὕψει
1242 5065 1337 5130 τῆς
1364 5061 1584 5131 ἀρετῆς,
1624 5061 1721 5114 οὐκ
1748 5061 1813 5129 ἐᾷ

227 5142 612 5223 ἰσυναναὸἧναι
639 5155 700 5206 τὸ
726 5154 1000 5224 φρόνημα,
1031 5153 1165 5205 ἀλλὰ
1196 5152 1347 5205 κάτω
1370 5152 1556 5221 ἕρπειν
1579 5150 1811 5215 κελεύει,

237 5248 371 5316 περὶ
405 5246 544 5298 αὑτά
573 5245 666 5298 τοῦ
711 5245 871 5313 ὅρους
914 5244 979 5297 τὰ
1030 5245 1329 5314 κράσπεδα.
1376 5237 1497 5295 Οἷδε
1537 5241 1644 5311 γὰρ
1681 5243 1812 5310 ὅσην

238 5338 389 5390 ἕλκει
419 5335 622 5405 βλάϐην
664 5337 1069 5405 φλεγμαίνουσα
1101 5334 1178 5403 τῷ
1236 5334 1391 5403 τύφῳ
1420 5333 1647 5387 διάνοια.
1691 5334 1732 5385 Τ
1736 5351 1811 5385 οι-

241 5427 382 5497 αύτη
413 5430 470 5481 ἐν
498 5428 778 5496 κεφαλαίῳ
814 5430 907 5480 καὶ
937 5428 971 5496 ή
999 5425 1151 5479 τοῦδε
1199 5425 1482 5494 φιλοσοφία
1504 5442 1516 5455 ·
1552 5426 1615 5495 ἣν
1656 5426 1812 5490 αὐξοσ

246 5519 414 5587 μένην
444 5518 653 5586 γένοιτο
700 5518 797 5587 τὴν
844 5516 1047 5570 νύσσαν
1094 5514 1187 5568 τοῦ
1233 5516 1431 5584 δρόμου
1463 5514 1808 5567 καταλαϐεῖν.

244 5610 413 5679 Κοινὴ
447 5608 556 5679 γὰρ
580 5608 885 5680 εὐφροσύνη
922 5608 1031 5660 τῶν
1066 5607 1324 5669 εὐσεϐῶν,
1361 5606 1468 5658 τῶν
1503 5607 1811 5676 νικηφόρων

242 5701 446 5756 τούτων
476 5704 507 5772 ὴ
540 5701 777 5755 εὔκλεια.
832 5701 963 5771 Ἑμέ
1004 5700 1060 5753 δὲ
1100 5702 1186 5769 εῐη
1219 5700 1335 5760 ταῖς
1364 5698 1553 5751 τούτου
1592 5698 1811 5767 ὑπερει-

1906 1960 2055 2007 artes
2084 1955 2397 2023 exquisivit.
2444 1956 2519 2008 Ae
2556 1956 2736 2024 primo
2780 1954 2999 2024 quidem
3046 1955 3377 2007 domuncula
3420 1972 3478 2008 se

1906 2041 2093 2109 ipsum
2122 2043 2286 2114 longo
2320 2052 2568 2115 tempore
2615 2044 2903 2099 includens
2949 2046 3064 2099 sola
3099 2043 3191 2098 llei
3225 2045 3478 2099 consola-

1906 2132 2058 2189 tione
2093 2133 2398 2191 fruebatur.
2442 2136 2574 2190 lnde
2614 2139 3011 2207 superpositam
3042 2153 3227 2208 rupem
3264 2145 3474 2206 petens.

1906 2238 2074 2293 parva
2093 2227 2328 2294 quadam
2348 2243 2475 2281 arca
2493 2229 2746 2297 corporis
2764 2244 3077 2283 mensuram
3101 2245 3205 2281 non
3226 2238 3478 2298 aequante

1904 2330 1968 2370 ex
2010 2316 2170 2387 lignis
2195 2316 2480 2383 fabricata,
2506 2319 2556 2372 in
2591 2334 2651 2373 ea
2675 2319 2922 2387 degebat,
2957 2320 3326 2388 deorsumque
3352 2338 3475 2389 pcr-

1905 2411 2067 2470 petuo
2110 2403 2388 2459 incurvari
2431 2407 2746 2477 cogebatur,
2792 2422 2915 2461 cum
2960 2408 3303 2462 altitudinem
3352 2426 3477 2465 tor-

1904 2495 2057 2563 poris
2101 2498 2412 2565 proceritati
2456 2514 2637 2569 parem
2686 2515 2792 2554 non
2836 2501 3078 2555 haberet.
3129 2501 3315 2571 l‘ieque
3351 2519 3479 2558 vero

1907 2588 2205 2656 compactis
2245 2590 2526 2645 asseribus
2567 2591 2657 2644 illa
2689 2595 2996 2655 constabat,
3030 2595 3122 2649 sed
3147 2606 3333 2666 aperta
3361 2608 3480 2654 erat

1906 2680 2272 2734 cancellorum
2301 2682 2355 2735 in
2385 2697 2613 2747 morem,
2645 2684 2951 2755 similisque
2985 2685 3235 2741 fenestris
3260 2704 3378 2757 quae
3407 2693 3482 2746 ιυ-

1908 2770 2070 2825 minis
2119 2771 2378 2827 introitus
2436 2773 2660 2828 latiores
2720 2776 2939 2830 habent.
2992 2776 3112 2842 Quo
3162 2778 3362 2841 tiebat,
3424 2793 3482 2835 ut

1908 2877 2086 2932 neque
2115 2864 2183 2918 ab
2215 2864 2417 2934 impetu
2450 2866 2647 2934 pluria:
2676 2868 2935 2922 immunis
2967 2877 3136 2937 esset,
3163 2886 3259 2925 nec
3291 2887 3317 2924 a
3348 2875 3482 2927 solis

1909 2956 2105 3010 ardore
2150 2957 2316 3010 libera
2364 2959 2503 3012 :sed
2541 2966 2834 3028 utrmnqne
2874 2960 3045 3013 nihilo
3090 2964 3271 3017 secius
3317 2980 3480 3033 quam

1907 3062 2029 3117 qua:
2070 3049 2175 3104 sub
2219 3050 2311 3105 dio
2353 3061 2484 3105 sunt
2530 3056 2838 3121 exciperet;
2872 3056 2890 3075 ‘
2925 3054 3024 3108 hoc
3065 3071 3173 3109 uno
3208 3061 3480 3126 superior.

1859 3211 1874 3228 ‘
1909 3138 2056 3205 quod
2090 3138 2415 3195 inclusionis
2450 3142 2603 3195 labor
2633 3143 2945 3197 act-edebat.
2974 3144 3105 3198 Cum
3152 3153 3329 3201 autem
3362 3148 3486 3202 diu-

1911 3240 2076 3287 turno
2109 3243 2353 3303 tempore
2386 3237 2533 3288 hunc
2565 3237 2617 3289 in
2662 3238 2882 3291 modum
2910 3240 3260 3307 perstitisset,
3296 3254 3484 3310 postea

1908 3340 2169 3392 egressus
2206 3337 2308 3387 est,
2343 3325 2515 3379 divini
2551 3325 2843 3389 Theodoti,
2880 3329 2968 3380 cui
3013 3330 3342 3397 pontiﬁcalis
3375 3332 3485 3384 An-

1910 3417 2274 3470 tiochensium
2326 3418 2484 3471 sedes
2541 3417 2833 3485 obtigerat,
2877 3419 3098 3470 monitis
3138 3420 3353 3489 1285
3384 3422 3485 3474 ob-

1908 3517 2239 3575 temperans.
2290 3506 2409 3560 Stat
2458 3518 2636 3561 autem
2682 3508 2907 3562 assidue
2947 3525 3144 3564 manus
3186 3513 3487 3566 extendens

1908 3601 1962 3653 in
1991 3601 2211 3663 coelum,
2238 3604 2687 3656 etuniversorum
2718 3603 2885 3658 Deum
2918 3603 3169 3669 laudans,
3202 3613 3487 3673 totumque

1911 3707 2115 3761 corpus
2158 3686 2684 3764 pelliceaobtcgens
2707 3698 2888 3748 tunica
2916 3713 2929 3749 :
2959 3697 3106 3749 circa
3138 3712 3331 3750 nasum
3358 3712 3486 3749 vero

1910 3793 1965 3837 et
2004 3799 2067 3838 os
2094 3784 2294 3846 solum,
2320 3785 2593 3838 modicum
2613 3786 2832 3856 Spiritui
2859 3794 3094 3841 meatum
3128 3786 3365 3856 reliquit,
3394 3804 3487 3856 per

1908 3889 2066 3943 quem
2113 3876 2379 3944 respiret,
2420 3891 2881 3946 communemque
2917 3892 3097 3930 aerem
3139 3876 3334 3939 ducat,
3368 3879 3487 3931 sine

1911 3981 2021 4035 quo
2071 3968 2255 4021 vivere
2307 3969 2547 4021 humana
2599 3980 2797 4023 natura
2855 3984 2966 4023 non
3026 3978 3230 4041 posset.
3284 3970 3484 4026 Totum

1912 4073 2076 4126 porro
2112 4058 2259 4112 hunc
2302 4060 2541 4114 laborem
2586 4062 2853 4124 sustinet,
2887 4077 3010 4116 cum
3051 4077 3252 4131 corpus
3290 4071 3486 4117 nactus

1912 4149 1985 4204 sit
2015 4151 2242 4206 minime
2277 4152 2582 4214 robustum,
2616 4168 2680 4206 ac
2712 4154 2902 4211 multis
2934 4155 3138 4211 morbis
3162 4157 3482 4221 obnoxium,

1912 4241 2006 4296 sed
2050 4240 2270 4298 fervens
2304 4245 2470 4297 animi
2511 4244 2793 4311 alacritas,
2836 4246 3132 4317 divinoque
3174 4263 3361 4303 amore.
3404 4250 3489 4302 in—

1912 4345 2097 4394 censa,
2131 4332 2382 4388 laborare
2411 4333 2545 4389 illud
2583 4338 2884 4406 compellit,
2922 4338 3069 4407 quod
3102 4338 3353 4395 laborare
3377 4356 3486 4394 non

1913 4430 2111 4492 potest.
2136 4422 2252 4476 Jam
2284 4440 2412 4480 vero
2445 4429 2642 4482 mentis
2665 4428 3025 4498 intelligentia
3060 4437 3350 4499 pmstans,
3385 4447 3481 4501 op-

1913 4515 2043 4569 time
2075 4515 2379 4585 interrogat
2415 4527 2469 4571 et
2511 4519 2822 4586 respondet,
2857 4520 3176 4591 rectiusque
3210 4523 3487 4577 Interdum

1916 4620 1977 4658 ac
2006 4607 2284 4673 potentius
2315 4618 2755 4676 argumentatur,
2789 4624 2952 4679 quam
2995 4612 3088 4680 qui
3121 4613 3175 4666 in
3214 4613 3488 4668 Aristotc-

1917 4694 2035 4746 lieis
2080 4696 2408 4765 lahyrinthis
2451 4698 2653 4752 versati
2698 4707 2844 4753 sunt.
2899 4698 3147 4770 Cumque
3193 4701 3261 4755 ad
3308 4704 3486 4772 ipsun

1915 4786 2133 4839 virtutis
2196 4784 2472 4856 fastigium
2529 4788 2871 4856 pervenerit,
2927 4804 3036 4842 non
3102 4791 3365 4859 permittit
3430 4803 3487 4845 ut

1917 4877 2082 4929 animi
2134 4875 2309 4932 fastus
2355 4878 2517 4931 simul
2570 4879 2855 4945 ascendat,
2901 4880 2995 4934 sed
3046 4880 3187 4935 infra
3238 4882 3384 4935 illum
3419 4875 3486 4937 ad

1916 4968 2062 5038 ipsas
2119 4970 2320 5024 montis
2375 4969 2591 5025 radices
2648 4986 2840 5040 repere
2889 4972 3067 5041 jubet.
3124 4973 3282 5027 Novit
3338 4977 3485 5028 enim

1914 5067 2182 5128 quantum
2230 5062 2417 5114 damni
2471 5061 2615 5115 fastu
2666 5062 2851 5116 inflata
2899 5079 3055 5117 mens
3098 5063 3308 5119 aderat.
3365 5064 3488 5119 Ilzrc

1915 5154 2079 5223 igitur
2109 5156 2160 5207 in
2204 5168 2423 5208 summa
2460 5154 2624 5225 hujus
2664 5165 2749 5210 est
2792 5156 3134 5225 philosophia
3173 5176 3185 5210 :
3223 5174 3343 5226 qua:
3379 5161 3488 5211 uti-

1916 5261 2038 5299 nam
2082 5247 2159 5301 sic
2204 5255 2440 5312 crescat,
2482 5259 2538 5301 ut
2584 5249 2649 5301 ad
2696 5266 2894 5305 cursus
2944 5263 3141 5305 metam
3196 5256 3489 5322 pertingat.

1914 5335 2231 5390 Communis
2252 5338 2397 5390 enint
2424 5338 2636 5408 piorum
2661 5348 2747 5394 est
2771 5340 2980 5404 laatitia,
3008 5343 3276 5394 victorum
3302 5342 3490 5410 hujus-

1920 5426 2063 5479 modi
2122 5427 2317 5495 gloria.
2374 5425 2500 5481 Mihi
2554 5445 2686 5484 vero
2740 5431 2946 5485 utinam
2997 5432 3186 5486 horum
3241 5414 3492 5502 precibus

1920 5519 2156 5573 subnixo
2183 5521 2464 5589 contingat
2499 5523 2569 5576 ab
2596 5522 2696 5575 hoc
2734 5532 2919 5579 monte
2965 5540 3072 5578 non
3110 5526 3298 5592 procul
3345 5526 3491 5578 absi-

1919 5621 2083 5667 stere.
2115 5612 2208 5665 sed
2248 5614 2511 5682 paulatim
2545 5615 2861 5680 ascendere,
2901 5625 2955 5670 et
2988 5618 3217 5671 istorum
3250 5630 3492 5672 contem-

1919 5702 2158 5769 platione
2186 5706 2446 5758 recreari.

244 5797 467 5864 δόμενον
507 5798 857 5865 προσευχαῖς,
904 5794 978 5866 μὴ
1012 5795 1199 5864 πόρρω
1244 5793 1396 5846 τοῦδε
1445 5792 1699 5859 γενέσθαι
1726 5792 1816 5844 τοῦ
1859 5793 2050 5862 ὄρους’
2086 5796 2217 5849 ἀλλὰ
2254 5798 2592 5869 καταμικρδν
2626 5799 2908 5870 ἀναϐῆναι,
2975 5801 3065 5852 καὶ
3136 5802 3249 5862 ταῖς
3289 5796 3490 5854 τούτων

246 5892 519 5964 ἐντρυφᾷν
548 5891 819 5962 θεωρίαις.
