4216 6456
729 381 859 444 1487

1098 496 1134 546 λ
1151 494 1222 546 .\\
1242 493 1325 545 Ill.
1372 523 1433 533 -ιο
1473 492 1929 549 TilALEL/hUS.

792 587 977 655 Neque
1032 584 1285 638 'l‘halelaei
1348 583 1525 638 silebo
1575 585 1946 638 narrationem
2002 602 2015 637 :
2070 583 2290 652 plenum

719 677 864 729 enim
891 684 975 729 est
993 674 1259 727 miraculo
1286 674 1678 741 spectaculmn.
1712 671 1821 726 Nec
1852 689 1983 729 vero
2015 674 2136 727 aliis
2167 681 2290 725 tan-

721 778 832 819 tum
888 764 1243 818 narrantibus
1290 764 1508 834 1286
1549 762 1753 828 audivi,
1805 763 1899 818 sed
1951 764 2130 817 oculis
2175 764 2291 831 ipsc

720 858 826 909 vidi
889 855 1268 909 admirandum
1337 855 1732 925 spectaculum.
1801 854 2072 908 V'icesimo
2143 854 2289 908 enim

720 950 895 999 stadio
942 962 972 1000 a
1017 945 1242 1001 Gabalis
1286 946 1440 1018 (urbs
1480 960 1543 999 ea
1589 955 1674 1001 est
1720 963 1886 1016 parva
1929 956 1981 999 «ιι
2021 946 2288 1015 elegans),

718 1041 912 1092 collem
952 1039 1244 1108 quemdam
1273 1052 1396 1091 cum
1432 1037 1747 1099 insedisset,
1781 1039 1831 1090 in
1863 1052 1970 1105 quo
2000 1036 2289 1090 delubrum

720 1137 839 1181 erat
870 1131 1210 1184 daemonibus
1238 1126 1578 1192 dedicatum,
1600 1137 1652 1183 et
1683 1130 1752 1181 ab
1790 1129 1970 1196 impiis
2001 1129 2132 1181 olim
2170 1144 2289 1183 crc-

722 1220 836 1280 hris
865 1220 1154 1276 sacrificiis
1193 1222 1547 1279 honoratum,
1588 1221 1846 1289 exiguum
1894 1219 1964 1272 ibi
2012 1222 2289 1289 tugurium

725 1307 931 1361 defixit.
980 1309 1230 1365 Nefarios
1271 1319 1451 1365 autem
1494 1312 1618 1365 illos
1663 1313 1784 1366 ideo
1829 1314 2009 1366 colere
2044 1330 2102 1366 se
2142 1314 2292 1367 dice-

724 1397 873 1461 bant,
912 1408 971 1452 ιιι
1006 1416 1251 1470 magnam
1284 1401 1503 1455 illorum
1532 1402 1913 1457 crudelitatem
1946 1403 2146 1457 hostiis
2178 1403 2293 1471 pla-

723 1506 846 1544 cere
873 1491 1200 1545 niterentur.
1244 1491 1430 1547 Multis
1471 1494 1617 1546 enim
1662 1494 1832 1546 exitio
1861 1503 2039 1556 erant,
2071 1503 2124 1547 ct
2156 1508 2291 1563 prte-

722 1583 1086 1649 tereuntibus,
1126 1587 1141 1603 '
1182 1593 1235 1639 ct
1268 1586 1791 1655 propinquantibus,
1828 1602 1935 1639 non
1978 1586 2293 1640 hominibus

721 1677 904 1742 modo,
936 1680 1029 1733 sed
1058 1689 1111 1733 et
1139 1680 1331 1743 asinis,
1360 1691 1413 1734 et
1444 1682 1631 1744 mulis,
1660 1690 1707 1733 ct
1744 1682 1937 1741 hobus,
1962 1690 2015 1733 et
2046 1681 2241 1734 ovibus
2275 1698 2290 1733 :

722 1782 831 1819 non
875 1768 1140 1822 bellantes
1183 1783 1309 1821 cum
1347 1768 1546 1833 brutis,
1585 1770 1677 1823 sed
1721 1770 2036 1822 hominibus
2073 1783 2168 1837 per
2200 1767 2290 1820 illa

1709 385 2193 443 'J'llEODUitE'l‘i
2219 383 2552 442 EPISCOPI
2592 384 2958 444 CYRENSIS

2852 495 2986 547 KH’.
3012 525 3081 534 -——
3104 494 3517 549 ΘΑΛΕΛΛΙΟΣ.

2471 588 2606 640 om
2661 587 2956 641 Θαλελαίου
3011 588 3305 659 σιγήσομαι
3340 588 3403 640 τὸ
3447 588 3723 659 διήγημα,
3775 590 3973 659 μεστὸν

2398 677 2506 748 γὰρ
2534 679 2595 731 τὸ
2635 679 2818 749 θέαμα
2847 678 3148 749 θαύματος.
3194 680 3309 732 Ούκ
3352 679 3528 733 ἄλλων
3580 679 3636 732 δὲ
3695 681 3855 750 μόνον
3897 682 3970 733 δι-

2400 768 2763 837 ηγησαμένων
2792 769 3023 836 ἀκήκοα,
3051 766 3186 821 ἀλλά
3238 768 3331 821 καὶ
3378 769 3652 838 αὐτόπτης
3704 768 3975 838 ἐγενόμην

2398 853 2490 905 τοῦ
2529 854 2829 924 παραδόξου
2864 854 3156 924 θαύματος.
3201 853 3334 906 Ἀπὸ
3383 855 3609 909 σταδίων
3637 855 3744 924 γὰρ
3801 856 3975 908 εἴκοσι

2401 946 2438 997 Γ
2441 944 2655 999 αόάλων
2691 945 2876 1017 (πόλις
2922 944 2981 998 δέ
3024 945 3161 1016 αὕτη
3193 944 3401 1015 σμικρά
3447 946 3543 998 καὶ
3588 947 3972 1016 χαριεστάτη).

2398 1037 2557 1106 λόφον
2588 1036 2711 1089 τινὰ
2754 1036 3092 1103 καταλαϐὼν,
3145 1038 3203 1089 ἐν
3249 1030 3293 1104 ᾦ
3348 1038 3575 1107 τέμενος
3606 1033 3674 1107 ἦν
3723 1038 3978 1107 δαίμοσιν

2398 1128 2778 1198 ἀνακείμενον,
2815 1129 2908 1182 καὶ
2941 1127 3046 1181 ὑπὸ
3093 1127 3204 1180 τῶν
3240 1127 3409 1180 πάλαι
3452 1126 3727 1179 δυσσεὸῶν
3754 1128 3979 1188 πολλαῖς

2399 1219 2606 1282 θυσίαις
2636 1220 2967 1289 τιμώμενον,
3005 1219 3242 1290 σμικράν
3268 1235 3389 1270 τινα
3429 1217 3672 1287 καλύϐην
3714 1219 3974 1288 ἐπήξατο.

2412 1311 2770 1381 Ἐθεράπευον
2817 1313 2873 1365 δὲ
2902 1312 3028 1374 τοὺς
3075 1309 3423 1381 ἀλιτηρίους,
3458 1311 3536 1372 ὡς
3591 1309 3822 1378 ἔφασαν,
3878 1312 3979 1379 τὴν

2399 1404 2599 1476 πολλὴν
2626 1404 2807 1458 αὐτῶν
2836 1404 3093 1474 ὠμότητα
3131 1403 3347 1465 θυσίαις
3394 1402 3659 1473 πραΰνειν
3693 1402 3978 1471 πειρώμεο

2398 1511 2498 1547 νοι.
2556 1494 2778 1557 Πολλοῖς
2816 1494 2925 1565 γάρ
2975 1494 3343 1565 ἐλυμαίνοντο,
3406 1494 3501 1547 καὶ
3554 1493 3832 1563 παριοῦσι,
3885 1496 3975 1545 καὶ

2398 1585 2819 1653 γειτονεύουσιν,
2842 1586 2942 1638 οὐκ
2964 1585 3273 1655 ἀνθρώποις
3300 1585 3502 1654 μόνοις,
3532 1584 3666 1638 ἀλλά
3695 1586 3789 1638 καὶ
3811 1585 3978 1649 ὄνοις,

2398 1680 2493 1730 κα¹ι
2520 1678 2785 1749 ἡμιόνοις,
2821 1679 2916 1729 καὶ
2950 1677 3123 1747 βουσὶ,
3156 1678 3249 1729 καὶ
3274 1677 3591 1745 προόάτοις’
3623 1677 3683 1729 ού
3718 1680 3830 1739 τοῖς
3851 1678 3981 1730 άλόο

2398 1787 2517 1838 γοις
2545 1769 2929 1840 πολεμοῦντες,
2966 1768 3100 1822 ἀλλὰ
3132 1769 3220 1822 διά
3263 1770 3470 1822 τούτων
3516 1770 3627 1829 τοῖς
3667 1767 3980 1838 ἀνθρώποις

723 1857 956 1911 insidias
992 1857 1301 1911 tendentes.
1343 1856 1498 1912 Tunc
1537 1874 1667 1927 ergo
1708 1859 2093 1911 adventantem
2140 1857 2293 1909 illutn

2400 1861 2860 1924 ἐπιϐουλεύοντες.
2895 1862 3030 1913 Τότε
3058 1860 3239 1914 τοίνυν
3260 1862 3590 1931 ἀφικόμενον
3625 1860 3815 1913 τοῦτον
3846 1862 3982 1913 ἰδόν-

721 1955 1031 2011 cernentes,
1057 1956 1365 2014 penterrere
1397 1948 1616 2017 quidem
1649 1952 1831 2001 conati
1873 1960 2024 2010 sunt,
2060 1948 2153 2001 sed
2189 1946 2291 2000 mi-

722 2039 867 2092 nime
905 2047 1222 2108 potuerunt,
1265 2054 1389 2091 cum
1421 2055 1546 2092 cutn
1594 2038 1725 2093 fides
1754 2049 2080 2107 protegeret,
2112 2050 2165 2092 et
2195 2052 2295 2106 pro

719 2149 786 2187 eo
815 2134 990 2203 gratia
1031 2145 1315 2202 pugnaret.
1354 2131 1511 2187 Unde
1547 2134 1702 2187 rabie
1745 2149 1807 2186 ac
1848 2134 2037 2187 furore
2078 2133 2291 2202 perciti,

720 2225 985 2279 adversus
1014 2226 1256 2278 consitas
1288 2224 1357 2278 ibi
1390 2224 1617 2279 arbores
1653 2226 1957 2279 irruerunt.
1995 2224 2160 2278 Erant
2193 2240 2291 2278 au-

720 2324 826 2371 tem
860 2316 912 2368 in
944 2316 1083 2371 colle
1117 2316 1210 2370 illo
1234 2324 1286 2371 et
1319 2317 1453 2371 ficus
1484 2324 1536 2371 et
1567 2317 1699 2372 olea:
1733 2319 1975 2372 virentes
2001 2319 2249 2386 plurima:
2276 2336 2288 2369 :

721 2422 784 2459 cx
831 2407 1031 2477 quibus
1067 2407 1252 2462 subito
1287 2408 1491 2463 evulszc
1528 2408 1755 2462 fuerunt
1797 2409 2088 2477 plusquam
2131 2408 2295 2475 quin-

721 2507 912 2567 gentae.
961 2499 1115 2564 Quod
1161 2499 1377 2567 quidem
1428 2501 1782 2556 narrantibus
1823 2501 2019 2555 vicinis
2069 2500 2295 2555 rusticis

720 2592 975 2660 cognovi,
1000 2592 1092 2659 qui
1129 2605 1254 2645 cum
1289 2591 1589 2660 impietatis
1614 2593 1742 2646 olim
1775 2593 2008 2661 caligine
2042 2603 2293 2646 teneren-

721 2694 833 2747 tur,
866 2697 961 2751 per
997 2682 1162 2750 hujus
1204 2682 1512 2736 doctrinam
1556 2698 1619 2735 ac
1662 2684 1924 2736 miracula
1971 2683 2174 2735 divinae
2203 2697 2295 2736 co-

719 2775 982 2844 gnitionis
1020 2776 1201 2828 lumen
1236 2784 1621 2844 perceperunt.
1666 2774 1729 2827 Et
1761 2778 2019 2845 quoniam
2054 2777 2295 2845 philoso-

722 2867 863 2934 phiae
925 2866 1183 2919 athletam
1245 2864 1431 2920 infesti
1484 2866 1765 2921 daunones
1826 2868 1908 2920 bis
1960 2869 2126 2919 rebus
2186 2884 2293 2921 non

719 2955 1065 3022 expulerant,
1126 2953 1264 3006 alias
1317 2969 1509 3008 rursus
1565 2956 1848 3008 inachinas
1910 2955 2292 3009 admoverunt.

721 3046 894 3099 Noctu
950 3047 1094 3098 enim
1139 3045 1436 3109 ululantes,
1484 3054 1538 3099 et
1595 3047 1875 3115 lampadas
1926 3056 2292 3113 ostentantes,

721 3149 986 3191 terrorem
1032 3137 1257 3204 injicere
1303 3138 1669 3201 conabantur,
1709 3147 1765 3192 et
1803 3147 2038 3192 mentem
2073 3149 2295 3208 pertur-

722 3232 871 3284 bare.
919 3227 986 3283 Ut
1032 3244 1160 3283 vero
1192 3229 1432 3285 insultus
1470 3230 1689 3283 illormn
1728 3246 1916 3284 omnes
1946 3231 2159 3295 derisit,
2204 3232 2295 3286 illo

725 3322 935 3391 1287
961 3321 1176 3374 tandem
1202 3321 1787 3394 relicto,diﬂugerunt.
1814 3323 1931 3391 Ipse
1952 3331 2135 3377 autem
2160 3324 2297 3379 rotis

719 3417 933 3468 duabus
989 3415 1296 3481 fabricatis,
1339 3432 1574 3487 quarum
1638 3417 1905 3471 diameter
1963 3415 2130 3470 duum
2177 3421 2297 3469 erat

719 3510 1054 3574 cubitorum,
1092 3518 1241 3563 rotas
1270 3510 1461 3563 ambas
1494 3510 1720 3574 tabulis,
1753 3524 1862 3564 non
1900 3512 2045 3565 inter
2075 3526 2133 3565 se
2165 3526 2296 3565 con-

722 3604 911 3665 nexis,
977 3600 1069 3655 sed
1130 3600 1466 3655 distantibus
1521 3601 1817 3670 copulavit.
1877 3600 2083 3656 Deinde
2144 3603 2295 3657 intus

722 3693 942 3759 sedens,
983 3692 1288 3762 cuneisque
1319 3702 1372 3745 et
1414 3694 1585 3746 clavis
1616 3691 1885 3746 distantes
1926 3694 2049 3747 illas
2079 3693 2294 3748 tabulas

720 3786 963 3856 deligens
989 3826 1003 3849 ,
1036 3786 1140 3840 sub
1174 3785 1267 3839 dio
1307 3793 1479 3839 rotam
1510 3784 1729 3839 evexit:
1764 3784 1866 3837 tria
1910 3786 2012 3837 alia
2060 3800 2289 3855 procera

724 3879 866 3948 ligna
907 3878 959 3930 in
998 3886 1197 3932 terram
1233 3875 1511 3946 deligens,
1542 3885 1593 3930 et
1620 3876 1907 3944 superiora
1940 3877 2159 3930 illorum
2199 3893 2293 3931 ca-

726 3972 834 4039 pita
870 3969 1028 4039 lignis
1064 3968 1185 4023 aliis
1231 3968 1600 4029 committens,
1652 3969 1962 4037 horumque
2013 3969 2066 4021 in
2115 3970 2295 4024 medio

723 4063 993 4132 duplicem
1058 4061 1207 4115 illam
1272 4067 1450 4113 rotam
1520 4060 1740 4127 illigans
1810 4067 1863 4113 et
1928 4061 2292 4129 suspendens.

727 4156 899 4227 Hujus
947 4164 1129 4208 autem
1165 4154 1399 4223 spatium
1446 4150 1682 4205 interius
1714 4151 1947 4205 duorum
1978 4153 2295 4207 cubitorum

726 4249 1069 4303 altitudinem
1110 4246 1297 4309 habet,
1339 4244 1511 4299 cubiti
1547 4258 1679 4297 vero
1727 4244 1888 4298 unius
1930 4245 2292 4299 latitudinem.

725 4342 781 4394 In
826 4342 926 4395 hoc
973 4340 1065 4394 ille
1111 4336 1380 4397 residens,
1416 4336 1498 4389 vel
1549 4334 1730 4403 potius
1775 4351 2101 4405 suspensus,
2137 4336 2297 4390 annis

722 4434 831 4498 jam
874 4431 1059 4483 decem
1104 4423 1385 4497 perpetuis
1418 4424 1531 4493 egit
1560 4441 1576 4477 :
1608 4433 1661 4477 et
1700 4438 1825 4476 cum
1869 4433 2025 4478 vasto
2070 4424 2141 4477 sit
2172 4439 2296 4478 cor-

2393 1969 2505 2015 τες,
2545 1953 2944 2022 καταπλήττειν
2973 1952 3270 2023 ἐπειρῶντο
3305 1952 3427 2022 μέν,
3468 1953 3569 2005 οὐκ
3598 1952 3861 2021 ἠδύναντο
3896 1952 3977 2013 δὲ,

2395 2045 2489 2096 καὶ
2519 2045 2620 2112 τῆς
2648 2046 2884 2108 πίστεως
2906 2045 3404 2118 περιφραττούσης,
3429 2047 3522 2098 καὶ
3552 2045 3980 2116 ὑπερμαχούσης

2393 2136 2491 2205 τῆς
2524 2137 2767 2206 χάριτος.
2793 2134 3081 2205 Τοιγάρτοι
3111 2134 3313 2205 λύσσης
3366 2136 3460 2188 καὶ
3497 2136 3689 2205 μανίας
3726 2136 3980 2205 ἀναπλη-

2396 2223 2645 2289 σθέντες,
2696 2225 2840 2279 κατὰ
2892 2226 3001 2278 τῶν
3050 2227 3167 2278 ἐκεῖ
3217 2226 3640 2295 πεφυτευμένων
3686 2225 3980 2296 ἐχώρησαν

2393 2317 2644 2387 δένδρων.
2675 2317 2872 2369 [Ιολλσιλ⁸
2916 2316 2971 2369 δὲ
3006 2318 3135 2388 περὶ
3163 2318 3254 2369 τὸν
3295 2316 3456 2385 λόφον
3480 2318 3685 2369 ἐκεῖνον
3720 2319 3888 2370 συκαῖ
3916 2334 3979 2369 τε

2394 2409 2490 2463 καλ⁸
2539 2409 2717 2464 ἐλαῖαι
2746 2408 3030 2481 τεθηλυῖαι
3068 2409 3364 2479 ἐτύγχανον
3413 2404 3590 2463 οὖσαι.
3630 2410 3724 2466 Ἐκ
3765 2409 3979 2462 τούτων

2396 2501 2615 2565 πλείους
2670 2502 2704 2573 ἢ
2760 2500 3120 2564 πεντακοσίας
3180 2500 3510 2567 ἐξαπιναίως
3556 2500 3979 2570 ἀνασπασθῆναί

2396 2611 2550 2663 φασι.
2576 2594 2687 2648 Καὶ
2707 2594 2865 2647 τοῦτο
2885 2594 2992 2647 τῶν
3016 2592 3430 2661 γειτονευόντων
3456 2593 3729 2664 ἀγροίκων
3763 2593 3981 2661 διηγου-

2398 2686 2574 2755 μένων
2596 2686 2840 2757 ἀκήκοα’
2872 2686 2920 2739 οἶ
2977 2685 3150 2739 πάλαι
3197 2684 3275 2753 τῷ
3304 2686 3407 2756 τῆς
3450 2684 3704 2747 ἀσεϐείας
3743 2687 3977 2754 κατεχό-

2399 2794 2551 2844 μενοι
2577 2776 2746 2847 ζόφῳ,
2779 2777 2866 2830 διά
2891 2777 2990 2847 τῆς
3016 2776 3209 2830 τούτου
3247 2775 3598 2839 διδασκαλίας
3629 2792 3687 2828 τε
3717 2777 3811 2827 καὶ
3846 2778 3972 2827 θαυο

2401 2866 2756 2937 ματουργίας,
2813 2865 2876 2918 τὸ
2920 2866 3022 2934 τῆς
3081 2865 3412 2934 θεογνωσίας
3450 2864 3775 2931 ὑπεδέξαντο
3833 2866 3974 2933 σῶς.

2409 2957 2627 3025 Ἐπειδὴ
2656 2958 2713 3009 δὲ
2736 2956 2827 3010 καὶ
2856 2957 3013 3010 τοῦτο
3030 2956 3327 3027 δράσαντες
3354 2957 3405 3009 οί
3427 2956 3693 3027 ἀλιτήριοι
3720 2956 3976 3026 δαίμονες

2395 3049 2496 3101 ούκ
2527 3048 2829 3113 ἐδεδίξαντο
2854 3049 2953 3119 τῆς
2974 3048 3293 3117 φιλοσοφίας
3326 3050 3421 3101 τὸν
3443 3049 3705 3120 ἀθλητὴν,
3738 3051 3834 3101 καὶ
3860 3050 3978 3101 ἐτε-

2402 3158 2468 3212 ρα
2487 3137 2644 3204 αὖθις
2674 3141 3011 3213 προσέφερον
3035 3143 3423 3211 μηχανήματα.
3456 3141 3689 3211 Νύκτωρ
3718 3140 3828 3210 γὰρ
3854 3142 3976 3193 όλο-

2397 3236 2533 3307 λυγῇ
2569 3235 2862 3306 χρώμενοι,
2900 3237 2995 3288 καὶ
3030 3235 3320 3305 λαμπάδας
3346 3234 3762 3297 ἐπιδεικνύντες,
3799 3234 3976 3286 ἐκδει-

2402 3327 2605 3398 ματοῦν
2625 3327 2943 3399 ἐπειρῶντο,
2963 3328 3055 3380 καὶ
3074 3327 3301 3397 θόρυϐον
3329 3328 3351 3379 ἐ
3360 3326 3584 3396 μ6αλεῖν
3607 3326 3681 3395 τῷ
3705 3326 3969 3394 λογισμῷ.

2410 3418 2498 3481 Ὦς
2525 3418 2581 3471 δέ
2607 3418 2784 3481 πάσας
2820 3418 3000 3471 αὐτῶν
3028 3418 3125 3481 τὰς
3174 3419 3394 3486 ἐφόδους
3428 3418 3706 3484 ἐγέλασεν,
3747 3417 3976 3487 ὕστερον

2398 3510 2561 3566 αὑτὸν
2620 3510 3010 3573 καταλιπόντες
3068 3511 3400 3579 ἀπέδρασαν.
3438 3511 3495 3563 '0
3530 3510 3584 3562 δὲ
3625 3509 3717 3562 δύο
3743 3511 3975 3578 τροχοὺς

2398 3601 2817 3666 κατασκευάσας
2842 3600 2940 3655 δύο
2964 3601 3185 3671 πήχεων
3218 3600 3508 3671 διάμετρον
3546 3601 3790 3669 ἔχοντας,
3820 3601 3972 3651 σανί-

2400 3714 2482 3749 σιν
2505 3698 2566 3748 ού
2619 3696 3094 3766 συνηρμοσμέναις
3121 3693 3399 3764 ἀλλήλαις,
3428 3692 3565 3744 ἀλλὰ
3605 3690 3728 3761 διχά
3752 3691 3974 3759 διεστη-

2399 3787 2574 3850 κυίαις
2605 3788 2774 3856 ἄμφω
2819 3784 3106 3849 συνέζευξε
3143 3784 3222 3837 τὼ
3243 3783 3440 3855 τροχῶ.
3472 3780 3602 3835 Εἶτα
3654 3781 3800 3835 ἔνδον
3839 3780 3976 3832 καο-

2400 3880 2543 3941 ίσας,
2577 3879 2670 3930 καὶ
2698 3879 2929 3948 γόμφοις
2961 3878 3055 3930 καὶ
3075 3877 3225 3947 ἥλοις
3256 3878 3353 3939 τὰς
3391 3875 3734 3946 διεστηκυίας
3756 3874 3975 3935 ἐκείνας

2398 3967 2718 4037 καταπήξας
2746 3966 2985 4030 σανίδας,
3028 3964 3291 4036 ὕπαιθρον
3321 3965 3413 4033 ἐξή
3425 3980 3586 4034 ρτησε
3619 3963 3712 4016 τὸν
3738 3963 3935 4033 τροχόν
3957 3980 3970 3993 ο

2397 4061 2521 4133 τρία
2552 4061 2713 4130 ἕτερα
2748 4059 2881 4124 ξύλα
2921 4058 3100 4128 ὑψηλὰ
3127 4060 3205 4120 είς
3232 4059 3331 4128 τήν
3366 4058 3470 4127 γῆν
3502 4056 3844 4125 καταπήξας,
3876 4056 3974 4107 καὶ

2396 4154 2494 4217 τὰς
2523 4154 2635 4208 ἀνω
2662 4152 2866 4206 τούτων
2904 4152 3077 4223 ἀρχὰς
3109 4149 3284 4215 ξύλοις
3328 4150 3533 4220 ἐτέροις
3579 4148 3842 4217 συνάψας,
3872 4148 3973 4200 καὶ

2396 4247 2600 4299 τούτων
2627 4248 2684 4298 ἐν
2714 4245 2864 4315 μέσῳ
2895 4243 3204 4314 προσδήσας
3235 4241 3326 4295 τὸν
3359 4240 3579 4294 διπλοῦν
3610 4243 3818 4294 ἐκεῖνον
3840 4257 3971 4308 τρο-

2397 4339 2510 4409 χὸν,
2541 4340 2636 4390 καὶ
2679 4338 2979 4407 αἱωρήσας.
3006 4338 3208 4389 Τούτου
3241 4335 3296 4387 δὲ
3325 4334 3385 4387 τὸ
3415 4332 3564 4396 ἐντὸς
3595 4332 3686 4384 δύο
3736 4332 3835 4402 μὲν
3868 4336 3976 4400 πή-

2398 4444 2536 4498 χεων
2567 4426 2689 4496 ἔχει
2721 4427 2783 4479 τὸ
2829 4425 2983 4495 ὕψος,
3009 4426 3215 4495 πήχεος
3257 4425 3313 4477 δέ
3351 4423 3412 4477 τὸ
3441 4419 3618 4493 εὖρος.
3659 4423 3747 4475 Ἐν
3793 4422 3973 4490 τούτῳ

727 4541 876 4592 pore,
934 4538 1031 4577 nec
1090 4522 1287 4576 sedens
1337 4521 1611 4575 cervicem
1666 4520 1879 4589 erigere
1935 4526 2142 4587 potest,
2196 4518 2291 4572 sed

2400 4518 2728 4587 καθήμενος,
2780 4518 2981 4587 μᾶλλον
3019 4517 3075 4569 δὲ
3128 4516 3504 4587 κρεμάμενος,
3538 4514 3668 4565 δέκα
3700 4512 3838 4574 τέως
3888 4511 3972 4564 δι-

727 4621 985 4670 incurvus
1017 4630 1233 4682 semper
1272 4620 1454 4666 manet
1502 4611 1682 4665 fronte
1721 4610 1953 4680 genibus
1992 4609 2175 4663 affixa.
2210 4609 2291 4661 Ad

726 4713 871 4762 hunc
910 4723 1009 4776 ego
1040 4722 1165 4760 cum
1198 4706 1496 4768 venissem,
1526 4704 1731 4758 divinis
1772 4702 2075 4773 Evangeliis
2114 4703 2315 4756 intenm

725 4813 873 4867 tum,
908 4815 1211 4869 magnoque
1249 4799 1432 4855 studio
1466 4798 1703 4853 fructum
1745 4814 1811 4851 ex
1850 4797 1935 4851 his
1979 4804 2291 4866 captantem

724 4892 929 4947 inveni.
973 4891 1311 4961 Interrogavi
1357 4900 1539 4945 autem
1586 4903 1740 4943 novae
1791 4889 1954 4944 istius
1998 4902 2295 4941 conversa-

726 4985 888 5039 tionis
910 4998 1133 5038 causam
1151 4984 1366 5039 discere
1394 4984 1644 5053 cupiens.
1663 4984 1731 5035 At
1758 4982 1868 5046 ille,
1892 4982 2079 5036 Graeca
2109 4981 2292 5050 lingua

724 5076 1094 5146 respondens,
1133 5090 1254 5128 nam
1288 5081 1450 5144 gente
1487 5072 1627 5129 Cilix
1664 5080 1780 5126 erat
1814 5090 1825 5125 :
1864 5090 1883 5122 ι
1925 5070 2061 5141 Ego,
2093 5070 2290 5139 inquit,

726 5167 916 5221 multis
962 5176 1196 5222 onustus
1240 5168 1504 5235 peccatis,
1559 5173 1613 5219 et
1663 5166 1949 5218 intentatis
2006 5162 2294 5232 suppliciis

728 5257 887 5313 fidem
922 5259 1152 5321 habens,
1195 5259 1299 5312 hoc
1330 5259 1453 5312 vita:
1492 5272 1666 5327 genus
1712 5255 2042 5323 excogitavi,
2090 5266 2148 5307 ut
2179 5271 2293 5308 me-

725 5352 941 5405 diocres
973 5350 1249 5405 cruciatus
1290 5350 1507 5418 corpori
1548 5347 1821 5417 indigens,
1860 5346 2291 5416 impendentium

726 5442 943 5494 illorum
981 5440 1301 5509 pravitatem
1337 5440 1615 5510 effugiam.
1648 5436 1944 5491 Graviores
1981 5437 2129 5491 enim
2163 5440 2179 5457 '
2216 5437 2292 5489 illi

726 5542 877 5597 sunt,
918 5549 1025 5585 non
1058 5532 1362 5602 quantitate
1400 5534 1599 5595 solum,
1645 5530 1740 5585 sed
1777 5532 1893 5599 ipsa
1924 5530 2087 5583 etiam
2120 5528 2295 5596 quali-

726 5632 876 5688 tate;
934 5631 1064 5677 sunt
1106 5625 1250 5677 enim
1303 5624 1680 5677 involuntarii.
1734 5619 1888 5685 Quod
1926 5634 2055 5672 vero
2098 5627 2295 5688 prmtcr

727 5714 1058 5767 voluntatem
1096 5711 1174 5778 lit,
1200 5712 1355 5767 valde
1382 5712 1637 5767 acerbum
1666 5719 1750 5765 est
1778 5730 1790 5764 ;
1815 5706 1961 5778 quod
1996 5717 2178 5763 autem
2211 5718 2295 5762 est

726 5806 1119 5870 voluntarium,
1166 5805 1413 5875 quamvis
1470 5803 1803 5861 laboriosum
1846 5802 1938 5866 sit,
1983 5801 2164 5855 minus
2208 5808 2291 5855 est

2398 4608 2643 4661 ετέλεσεν
2674 4608 2789 4677 ἔτη.
2834 4609 3001 4677 Σῶμα
3041 4607 3099 4660 δέ
3148 4607 3402 4677 μέγιστον
3454 4605 3613 4675 ἔχων,
3668 4603 3789 4657 ούδέ
3832 4604 3972 4655 καθ-

2397 4702 2596 4770 ήμενος
2626 4700 2887 4771 ἀνορθοῦν
2918 4700 3141 4753 δύναται
3170 4699 3261 4751 τὸν
3304 4697 3536 4767 αὐχένα·
3584 4694 3721 4748 άλλὰ
3765 4711 3972 4763 συγκε-

2396 4790 2583 4859 κυφὼς
2617 4792 2702 4844 ἀεὶ
2760 4793 3012 4857 κάθηται,
3060 4793 3171 4853 τοῖς
3205 4790 3394 4859 γόνασι
3438 4789 3861 4860 προσηλωμένον
3910 4791 3974 4842 τὸ

2396 4883 2686 4952 πρόσωπον
2727 4883 2886 4952 ἔχων.
2952 4883 3095 4954 Πρὸς
3144 4882 3330 4935 τοῦτον
3379 4881 3741 4950 ἀφικόμενος,
3812 4875 3973 4949 εὗρον

2395 4976 2554 5029 αὑτὸν
2583 4976 2691 5027 τῶν
2738 4976 2898 5027 θείων
2954 4974 3300 5042 Εὑαγγελίων
3343 4974 3440 5043 τὴν
3479 4972 3746 5041 ὠφέλειαν
3782 4972 3973 5025 συλλέ-

2395 5084 2581 5135 γοντα.
2630 5068 2874 5137 Ἠρόμην
2910 5067 2986 5128 δέ,
3030 5066 3220 5136 μαθεῖν
3254 5066 3351 5135 τῆς
3392 5068 3585 5134 καινῆς
3616 5064 3833 5135 ἐκείνης
3868 5083 3970 5117 πο-

2394 5158 2598 5219 λιτείας
2613 5158 2709 5227 τὴν
2730 5160 2909 5212 αἰτίαν
2932 5158 3110 5211 ποθῶν
3125 5173 3139 5187 °
3171 5160 3199 5211 ό
3217 5157 3275 5211 δέ
3292 5160 3355 5228 τῇ
3394 5156 3598 5210 Ἐλλάδι
3622 5156 3973 5226 χρησάμενος

2397 5254 2549 5320 φωνῇ
2576 5267 2593 5282 ⁸
2639 5250 2793 5315 Κίλιξ
2836 5250 2944 5320 γὰρ
2988 5251 3049 5302 τὸ
3081 5250 3234 5317 γένος
3274 5249 3566 5319 ἐτύγχανεν
3605 5248 3715 5299 ὤν’
3747 5266 3766 5299 ι
3802 5247 3971 5313 Ἐγὼ,

2396 5341 2534 5410 ἔφη,
2588 5341 2803 5403 πολλοῖς
2861 5340 3217 5409 ὑποκείμενος
3262 5340 3653 5409 ἁμαρτήμασι,
3697 5336 3793 5389 καὶ
3848 5338 3971 5399 ταῖς

2393 5430 2786 5500 ὴπειλημέναις
2813 5430 3103 5499 τιμωρίαις
3142 5427 3431 5489 πιστεύων,
3467 5428 3584 5479 τόδε
3627 5426 3722 5479 τοῦ
3752 5425 3868 5494 βίου
3910 5429 3974 5477 τὸ

2396 5519 2532 5584 εἶδος
2569 5522 2913 5589 ἐπινενόηκα,
2959 5521 3209 5582 κολάσεις
3258 5521 3481 5590 μετρίας
3513 5518 3589 5589 τῷ
3622 5518 3831 5587 σώματι
3866 5534 3975 5586 μη-

2395 5612 2727 5683 χανώμενος,
2774 5613 2839 5664 ἵν’
2889 5614 3109 5665 ἐκείνων
3153 5613 3260 5665 τῶν
3315 5610 3780 5681 προσδοκωμένων
3832 5612 3974 5664 ὑπο·

2400 5706 2617 5776 συλήσω
2644 5706 2734 5757 τὸν
2768 5705 2951 5773 ὄγκον.
2988 5704 3376 5775 Χαλεπὼτεραι
3402 5703 3512 5774 γὰρ
3554 5704 3779 5765 ἐκεῖναι,
3805 5703 3868 5756 ού
3899 5706 3971 5774 τῇ

2400 5799 2656 5868 ποσότητι
2689 5800 2865 5869 μόνον,
2919 5797 3051 5851 ἀλλά
3077 5796 3171 5853 καὶ
3219 5796 3352 5866 αὐτῇ
3388 5796 3451 5864 τῇ
3488 5793 3760 5861 ποιότητιο
3802 5791 3974 5844 ἀκού-
