4216 6456
225 388 362 453 Ηθί)

1440 387 1838 448 ΠΕΜΟΙΟδᾹ
1886 386 2261 444 ΙΙΙΒῚῚΠΠᾹ.

3331 377 3460 444 1490

221 510 328 545 σιοι
362 493 487 563 γάρ.
519 492 590 545 Τὸ
620 493 677 545 δέ
709 494 859 563 παρά
882 492 1105 562 γνώμην
1132 491 1466 559 γιγνόμενον,
1497 493 1615 545 λίαν
1642 495 1789 544 ἁνια-
1821 505 1863 559 Α

1821 505 1863 559 Α
1894 490 2182 542 molestum
2233 487 2579 553 Spoutaneus
2612 486 2757 539 enim
2792 486 2947 539 labor
2976 493 3081 547 cst,
3112 498 3219 537 non
3246 486 3453 539 violen-

222 582 350 651 ρόν’
392 582 454 633 τὸ
503 582 559 635 δὲ
606 582 928 645 ἐθελούσιον,
977 580 1079 633 κᾶν
1133 579 1387 632 ἐπίπονον
1429 574 1590 649 ἧττόν
1645 582 1790 633 ἐστιν

221 669 493 739 ἀλγεινόν.
529 670 857 740 Αύθαίρετος
891 668 1019 738 γὰρ,
1054 668 1171 721 ἀλλ’
1208 669 1269 721 ού
1321 668 1489 738 βίαιος
1529 672 1557 721 ὁ
1609 672 1787 733 πόνος.

228 763 345 815 Ἵνα
368 762 570 825 τοίνυν,
605 762 730 830 ἔφη,
764 764 880 823 ταῖς
915 764 1140 832 μικραῖς
1173 760 1397 823 ταύταις
1431 761 1605 822 ἀνίαις
1634 763 1790 813 ἐλατ-

223 851 386 905 τώσω
414 853 485 905 τὰ
517 852 964 923 προσδοκώμενα,
1018 852 1159 921 μέγα
1208 852 1455 904 ἐντεῦθεν
1483 852 1693 906 ἀποίσω
1734 851 1794 903 τὸ

226 941 437 1012 κέρδος.
469 961 488 993 ι
520 944 734 995 Τούτων
764 942 1000 1005 ἀκούσας
1037 942 1155 994 λίαν
1194 942 1357 995 αὑτὸν
1384 942 1483 1010 τῆς
1521 943 1794 1011 ἀγχινοίας

226 1033 656 1103 ύπερηγάσθηνν
704 1035 785 1085 ὅτι
818 1034 877 1086 ού
912 1034 1068 1101 μόνον
1113 1033 1252 1103 ὑπὲρ
1289 1033 1358 1086 τά
1399 1033 1619 1101 κείμενα
1653 1035 1796 1101 ἡγω-

225 1124 406 1187 νίζετο
459 1123 779 1194 σκάμματα,
811 1126 905 1176 καὶ
938 1124 1071 1177 ἄλλα
1110 1124 1320 1176 οἴκοθεν
1354 1124 1567 1175 ὑπενόει
1599 1123 1798 1189 ἀγωνί-

228 1229 445 1282 σματα⁶
487 1214 601 1267 ἀλλ’
635 1215 718 1267 ὅτι
749 1214 844 1267 καὶ
884 1214 1089 1267 τούτων
1116 1214 1215 1276 τὰς
1248 1213 1427 1276 αἰτίας
1458 1214 1795 1280 ἐπεγίνωσκέ

225 1322 307 1369 τε,
350 1306 446 1358 καὶ⁵
487 1305 681 1369 ἄλλους
716 1306 981 1360 ἐδίδασκε.
1026 1308 1134 1359 Καὶ
1180 1306 1432 1375 θαύματα
1461 1306 1516 1357 δὲ
1559 1305 1645 1357 διὰ
1700 1307 1797 1374 τῆς

227 1396 419 1449 τούτου
448 1398 757 1468 προσευχῆς
791 1398 962 1451 πολλά
1001 1398 1245 1467 γίνεσθαι
1296 1398 1500 1465 ἔφασαν
1544 1399 1593 1449 οἱ
1643 1399 1798 1466 περί-

228 1503 394 1549 οικοι,
419 1487 519 1539 οὐκ
550 1485 850 1556 ἀνθρώπων
880 1487 1066 1556 μόνον,
1096 1486 1231 1540 ἀλλά
1263 1486 1356 1540 καὶ
1389 1486 1671 1555 καμήλων,
1705 1490 1799 1538 καὶ

229 1580 391 1645 ὄνων,
432 1580 526 1633 καὶ
550 1582 785 1652 ἡμιόνων
813 1579 1107 1652 θεραπείας
1142 1580 1540 1634 ἀπολαυόντων.
1581 1577 1796 1631 Ἐντεῦ-

230 1670 320 1723 θεν
351 1671 577 1742 ἀσεϐείᾳ
607 1673 775 1727 πάλαι
801 1674 1161 1743 κατεχόμενον
1190 1675 1363 1725 ἐκεῖνο
1380 1673 1523 1727 ἆπαν
1543 1671 1604 1724 τὸ
1628 1670 1797 1730 ἔθνος,

228 1766 327 1836 τὴν
362 1767 461 1836 μὲν
515 1765 776 1837 πατρῴαν
814 1766 1089 1834 ἐξαπάτην
1137 1766 1382 1837 ἠρνήθη,
1422 1764 1517 1818 τοῦ
1568 1764 1712 1816 θείου
1741 1760 1798 1814 δὲ

1899 588 2008 634 tus.
2040 580 2193 643 Quod
2225 579 2268 633 si
2290 578 2495 647 parvis,
2516 577 2715 647 inquit,
2739 577 2821 631 his
2844 577 3117 631 molestiis
3135 592 3195 628 ea
3218 577 3455 627 minuam

1904 672 2117 740 1288
2160 685 2281 739 quae
2314 680 2723 738 exspectantur,
2755 685 3007 739 magnum
3049 669 3175 721 hinc
3219 671 3451 723 referam

1901 764 2132 815 lucrum.
2174 782 2189 809 ρ
2231 761 2324 814 llis
2356 761 2582 824 auditis,
2625 762 2907 814 solertiam
2951 760 3070 828 ejus
3113 760 3463 813 vehementer

1902 852 2203 905 admiratus
2244 867 2386 913 sum,
2427 850 2573 919 quod
2622 864 2728 903 non
2764 850 2943 903 solum
2984 850 3125 903 ultra
3166 849 3462 901 constituta

1903 953 2202 999 scammata
2251 943 2577 1001 decertaret,
2636 943 2851 1010 aliaque
2892 942 2960 996 de
3014 956 3114 995 suo
3164 940 3463 992 certamina

1902 1037 2241 1104 excogitaret
2266 1052 2278 1087 :
2305 1033 2398 1088 sed
2432 1034 2574 1101 quod
2603 1034 2795 1087 hormu
2822 1048 3019 1087 causas
3044 1040 3097 1086 et
3122 1032 3237 1098 ipse
3262 1041 3462 1088 luisset,

1903 1132 1958 1177 et
2001 1126 2141 1179 alios
2174 1125 2419 1178 doceret.
2479 1123 2739 1178 Miracula
2796 1137 2960 1191 porro
3000 1123 3162 1191 hujus
3214 1120 3467 1191 precibus

1904 1216 2072 1269 multa
2098 1216 2212 1269 fieri
2246 1224 2411 1270 testes
2436 1223 2569 1269 sunt
2594 1217 2776 1277 ricini,
2804 1230 2914 1269 non
2946 1213 3259 1267 hominibus
3282 1211 3463 1272 modo,

1907 1322 2093 1359 verum
2118 1307 2283 1359 etiam
2317 1308 2567 1368 camelis,
2604 1313 2659 1359 et
2701 1306 2893 1371 asinis,
2936 1313 2990 1358 et
3030 1305 3195 1358 mulis
3222 1304 3466 1357 curatiu-

1906 1413 2035 1450 num
2080 1396 2321 1450 remedia
2360 1397 2813 1466 percipientibus.
2850 1398 2990 1450 Hinc
3030 1404 3143 1449 tota
3188 1412 3318 1465 gens
3352 1398 3466 1459 illa,

1905 1502 2027 1539 cum
2075 1487 2351 1554 impietate
2378 1487 2507 1540 olim
2544 1487 2839 1547 laboraret,
2880 1494 3162 1555 paternam
3194 1485 3468 1555 deceptio-

1906 1594 2025 1631 nem
2060 1578 2352 1643 abdicavit,
2417 1579 2695 1646 divinique
2743 1578 2969 1633 luminis
3013 1579 3305 1648 splendore
3349 1579 3470 1630 illu-

1906 1673 2078 1721 strata
2108 1676 2215 1721 est.
2241 1666 2442 1719 llorum
2475 1668 2646 1722 fretus
2667 1667 2893 1729 auxilio,
2917 1668 3221 1721 daemonum
3254 1682 3470 1734 quoque

1906 1757 2194 1811 delubrum
2246 1758 2465 1819 evertit,
2512 1766 2565 1812 et
2609 1759 2868 1827 templum
2928 1758 3228 1811 maximum
3279 1757 3471 1809 trium-

232 1856 413 1923 φωτὸς
444 1855 543 1926 τὴν
572 1857 766 1926 αἴγλην
793 1857 1027 1920 ἐδέξατο.
1050 1854 1271 1918 Τούτοις
1293 1854 1570 1925 χρώμενος
1601 1853 1804 1919 ύπουρ-
1840 1859 1879 1914 Β

1803 1859 1879 1914 ηΒ
1909 1849 2208 1920 phantibus
2250 1849 2583 1918 martyribus
2642 1848 2836 1911 erexit,
2889 1848 2997 1903 diis
3055 1847 3208 1902 falsis
3254 1847 3468 1900 divinus

229 1950 369 2015 γοῖς,
408 1948 503 2001 καὶ
545 1948 606 2001 τὸ
653 1948 759 2001 τῶν
803 1947 1071 2018 δαιμόνων
1111 1947 1374 1999 κατέλυσε
1426 1946 1675 2015 τέμενος,
1712 1944 1807 1996 καὶ

230 2039 401 2107 σηκὸν
443 2037 699 2108 μέγιστον
732 2040 843 2103 τοῖς
882 2039 1211 2101 καλλινίκοις
1256 2038 1512 2109 ἀνήγειρε
1549 2036 1802 2107 μάρτυσιν

226 2132 340 2191 τοῖς
396 2129 768 2200 ψευδωνύμως
821 2129 963 2194 θεοῖς
1007 2131 1132 2194 τοὺς
1171 2130 1346 2192 θείους
1398 2128 1683 2193 ἀντιτάξας
1722 2145 1806 2180 νε-

231 2218 417 2289 κρούς.
449 2220 583 2284 Ταῖς
631 2222 687 2275 δὲ
730 2220 934 2276 τούτων
969 2223 1052 2293 εἴη
1104 2222 1457 2294 πρεσϐείαις,
1491 2222 1581 2274 καὶ
1619 2219 1806 2273 τοῦτον

230 2307 371 2375 μετά
399 2311 499 2381 τῆς
530 2310 701 2380 αὐτῆς
728 2311 884 2382 νίκης
925 2311 1035 2364 τῶν
1072 2312 1299 2380 ἀγώνων
1336 2312 1398 2365 τὸ
1426 2310 1603 2382 τέρμα
1645 2327 1809 2363 κατα-

1908 1950 2156 1997 mortuos
2190 1956 2493 2011 opponens.
2524 1940 2770 2007 Quorum
2802 1940 3014 1995 utinam
3056 1939 3467 1994 intercessioni-

1906 2035 2010 2090 bus
2062 2035 2371 2105 contingat,
2418 2043 2472 2089 ct
2522 2034 2669 2090 hunc
2733 2036 2798 2088 ad
2854 2035 3213 2089 certaminum
3272 2042 3466 2085 metam

1906 2129 2094 2183 eadem
2126 2142 2249 2181 cum
2279 2127 2510 2180 victoria
2547 2128 2856 2196 pervenire,
2886 2135 2939 2180 et
2974 2141 3075 2181 nos
3107 2125 3175 2178 ab
3202 2124 3289 2179 his
3315 2132 3367 2175 et
3402 2123 3469 2174 ah

1907 2218 2001 2273 illo
2040 2218 2282 2287 adjutos,
2327 2218 2528 2273 divina:
2579 2219 2937 2289 philosOphia:
2983 2218 3342 2273 certaminum
3379 2229 3467 2266 ar-

1906 2308 2100 2364 dentes
2128 2308 2265 2365 eﬂici
2299 2316 2596 2364 amatores.

228 2402 433 2470 λαϐεῖν,
461 2407 555 2461 καὶ
574 2408 719 2479 ἡμᾶς
739 2407 845 2461 ὑπὸ
865 2407 1068 2463 τούτων
1096 2409 1352 2466 κάκείνου
1376 2408 1789 2481 βοηθουμένους,
1828 2404 2063 2475 ἐραστὰς
2096 2407 2348 2476 γενέσθαι
2382 2407 2618 2479 θερμοὺς
2645 2404 2752 2459 τῶν
2784 2407 2878 2476 τῆς
2940 2403 3249 2475 φιλοσοφίας
3321 2402 3468 2469 ἀγω-

230 2495 527 2561 νισμάτων.
567 2497 757 2568 Ἀμήν.

571 2588 700 2645 ΚΘ’.
722 2592 1095 2649 -ΜΑΡΑΝΑ
1118 2592 1214 2648 καὶ
1240 2593 1450 2647 ΚΥΡΑ.

298 2676 421 2731 Τῶν
464 2679 700 2750 ἀρίστων
746 2681 956 2753 ἀνδρῶν
997 2681 1096 2755 τὴν
1150 2683 1424 2739 πολιτείαν
1455 2683 1796 2754 συγγράψας,

230 2764 505 2841 προῦργον
527 2768 733 2838 νομίζω
761 2770 853 2823 καὶ
874 2771 1149 2837 γυναικῶν
1173 2771 1324 2824 οὐδὲν
1345 2768 1506 2845 ἦττον
1528 2774 1575 2825 εί
1602 2772 1676 2843 μὴ
1707 2771 1801 2825 καὶ

232 2858 431 2927 μᾶλλον
453 2859 841 2930 ἠγωνισμένων
871 2862 1289 2934 ἐπιμνησθῆναι.
1323 2856 1491 2916 Αὗται
1511 2862 1617 2933 γὰρ
1642 2864 1801 2933 εὐφη-

231 2950 362 3018 μίας
388 2952 632 3019 μείζονός
659 2955 798 3006 είσιν
828 2953 1140 3025 ἀξιώτεραι,
1176 2955 1338 3025 φύσιν
1362 2956 1460 3026 μὲν
1483 2956 1800 3010 ἀσθενεστέ-

231 3058 329 3107 ραν
360 3040 642 3111 λαχοῦσαι,
662 3043 762 3114 τὴν
786 3044 955 3115 αὐτὴν
983 3045 1039 3097 δέ
1079 3048 1190 3109 τοῖς
1230 3045 1453 3116 ἀνδράσι
1491 3046 1798 3117 προθυμίαν

227 3128 690 3199 ἐπιδεικνύμεναι,
719 3132 812 3185 καὶ
836 3135 935 3204 τῆς
963 3136 1292 3204 προγονικῆς
1322 3134 1578 3205 αἰσχύνης
1616 3136 1677 3188 τὸ
1702 3136 1795 3202 γέ-

2221 2586 2412 2643 XXIX.
2451 2619 2508 2628 —
2528 2586 2815 2642 MARANA
2857 2594 2910 2642 et
2934 2586 3141 2643 CYllA.

1970 2676 2355 2734 Pratstantium
2412 2679 2656 2734 virorum
2688 2679 3105 2735 conversatione
3156 2678 3426 2749 descripta
3452 2720 3465 2742 ,

1902 2784 2081 2840 opera:
2112 2771 2345 2841 pretium
2370 2770 2627 2825 existimo
2657 2769 2889 2826 feminas
2938 2772 3102 2826 etiam
3134 2785 3473 2825 commemo-

1902 2875 2045 2927 rare,
2079 2877 2309 2931 quarum
2337 2863 2510 2916 nihilo
2562 2863 2796 2926 minora,
2868 2863 2964 2918 sed
3023 2862 3228 2932 majora
3291 2865 3471 2932 potius

1904 2955 2201 3012 certamina
2222 2954 2463 3009 fuerunt.
2492 2954 2582 3009 Hae
2608 2970 2841 3024 namque
2866 2957 3058 3025 majori
3087 2956 3243 3011 laude
3263 2956 3464 3025 dignio-

1904 3061 1992 3101 res
2026 3054 2178 3107 sunt,
2228 3061 2347 3115 qua:
2387 3046 2738 3101 infirmiorem
2801 3055 3049 3101 naturam
3098 3063 3221 3101 cum
3268 3050 3472 3103 sortita

1912 3136 2043 3202 sint,
2070 3135 2314 3190 eamdem
2349 3151 2472 3190 cum
2501 3136 2629 3191 viris
2661 3135 2827 3189 animi
2857 3136 3190 3191 alacritatem
3216 3139 3469 3193 ostende-

227 3237 317 3283 νος
360 3216 760 3293 ἐλευθερῶσαι.
810 3202 1076 3295 Μαράνας
1123 3226 1179 3279 δὲ
1212 3202 1306 3279 καὶ
1347 3202 1659 3293 Κύραςνέπὶ
1706 3227 1799 3280 τοῦ
1829 3202 1871 3262 C

1829 3202 1871 3262 Ο
1905 3237 2051 3293 runt,
2090 3242 2372 3297 genusque
2405 3244 2562 3283 suum
2605 3228 2675 3282 ab
2716 3227 2862 3282 avito
2905 3228 3169 3284 dedecore
3226 3230 3469 3283 vindica-

228 3312 497 3383 παρόντος
528 3313 929 3387 μνησθήσομαι,
979 3318 1034 3370 αἳ
1070 3318 1166 3381 τάς
1221 3319 1387 3382 ἄλλας
1435 3320 1652 3383 ἁπάσας
1687 3324 1800 3384 τοῖς

226 3399 328 3469 τῆς
367 3401 659 3471 καρτερίας
711 3407 1059 3475 νενικήκασιν
1096 3408 1294 3472 ἄθλοις.
1328 3408 1563 3473 Ταύταις
1600 3411 1800 3482 πατρὶς

233 3492 332 3557 μὲν
368 3494 401 3561 ή
435 3493 691 3564 Βέρῤοια,
725 3496 881 3563 γένος
904 3496 959 3549 δέ
990 3497 1051 3550 τὸ
1084 3498 1183 3568 τῆς
1232 3500 1484 3569 πατρίδος
1510 3501 1797 3571 ἐπίσημον,

226 3581 403 3653 τροφὴ
428 3583 486 3635 δέ
515 3584 593 3653 τῷ
625 3585 771 3652 γένει
796 3587 1169 3657 συμϐαίνουσα
1192 3606 1206 3619 ·
1238 3590 1376 3645 ἀλλά
1403 3591 1605 3645 τούτων
1627 3593 1799 3646 ἀπάν-

227 3690 335 3726 των
364 3675 736 3745 ύπεριδοῦσαι,
772 3679 866 3732 καὶ
906 3678 1079 3749 βραχύ
1114 3697 1166 3732 τι
1191 3680 1296 3751 πρὸ
1333 3680 1427 3734 τοῦ
1458 3682 1664 3745 ἄστεως
1694 3702 1799 3753 χω-

232 3765 346 3835 ρίον
371 3765 780 3835 περιϐαλοῦσαι,
814 3767 909 3821 καὶ
929 3769 1060 3821 εἴσω
1082 3768 1270 3822 τούτου
1303 3770 1612 3838 γενόμεναι,
1643 3772 1799 3842 πηλῷ

228 3859 325 3909 καὶ
348 3856 516 3920 λίθοις
551 3858 650 3928 τὴν
673 3858 843 3928 θύραν
874 3860 1316 3930 ἀνῳκοδόμησαν.
1359 3861 1697 3930 Κοιωνῆσαι
1741 3862 1797 3914 δὲ

226 3949 421 4009 αὑταῖς
456 3947 607 4001 τοῦδε
628 3950 722 4002 τοῦ
766 3951 881 4019 βίου
913 3951 1010 4014 τὰς
1051 3950 1383 4022 θεραπαίνας
1426 3952 1796 4023 προθυμηθεί-

229 4052 350 4099 σας,
378 4035 482 4099 ἔξω
527 4036 681 4090 τοῦδε
738 4038 833 4091 τοῦ
875 4039 1163 4110 περιϐόλου
1198 4041 1431 4111 σμικρὸν
1474 4042 1797 4112 δειμάμεναι

226 4126 590 4196 καταγώγιον,
623 4131 681 4183 ἐν
709 4130 899 4203 ἐκείνῳ
936 4132 1140 4201 διάγειν
1177 4133 1489 4189 ἐκέλευσαν.
1527 4134 1795 4206 Ἐφορῶσι

224 4220 283 4270 δὲ
313 4214 471 4273 αὗται
492 4221 580 4275 διά
629 4225 867 4294 σμικρᾶς
891 4241 1035 4288 τινος
1077 4224 1287 4296 θυρίδος
1327 4226 1395 4279 τά
1434 4226 1525 4278 ὑπ’
1574 4228 1796 4280 ἐκείνων

225 4310 515 4380 γινόμεναο
543 4314 636 4365 καὶ
656 4312 735 4377 εἷς
764 4333 824 4367 τε
852 4317 1161 4387 προσευχὴν
1186 4316 1336 4387 θαμά
1357 4318 1677 4384 διανιστᾶσι,
1704 4321 1796 4372 καὶ

224 4402 305 4461 εἰς
331 4401 421 4453 τὸν
449 4401 589 4455 θεῖον
610 4402 787 4473 ἔρωτα
819 4405 1203 4474 πυρπολοῦσιν.
1250 4398 1419 4459 Ali-cat
1461 4407 1517 4459 δὲ
1566 4407 1687 4460 οὔτε
1717 4403 1795 4461 οἷ-

227 4508 344 4559 κον,
367 4492 492 4546 οῦτε
520 4495 760 4565 καλύϐην
793 4496 1029 4567 ἔχουσαι,
1051 4497 1144 4550 τὸν
1172 4497 1437 4569 ὓπαιθρον
1461 4500 1795 4562 ἀσπάζονται

228 4582 362 4651 βίον.
417 4585 561 4637 ’Δντὶ
581 4584 639 4637 δὲ
665 4584 855 4657 θύρας,
889 4586 1117 4656 βραχεῖά
1142 4604 1226 4649 τις
1254 4588 1443 4650 αὑταῖς
1478 4588 1632 4657 θυρὶς
1667 4606 1796 4642 κατ-

223 4675 573 4743 εσκεύασται,
607 4677 675 4730 δι’
712 4674 779 4750 ἦς
811 4680 908 4749 τήν
932 4696 991 4731 τε
1034 4679 1336 4747 ἀναγκαίαν
1368 4683 1573 4751 τροφὴν
1618 4683 1791 4739 εἰσδέ-

222 4784 432 4837 χονται,
463 4768 556 4821 καὶ
588 4771 707 4831 ταῖς
740 4770 874 4839 πρὸς
902 4768 1071 4833 αὺτάς
1100 4772 1518 4841 ἀφικνουμέναις
1547 4773 1793 4842 προσδια-

223 4858 473 4925 λέγονται
505 4857 766 4926 γυναιξίν.
790 4861 882 4923 Εἰς
906 4859 961 4913 δὲ
990 4862 1192 4930 ταύτην
1228 4859 1456 4931 ὥρισται
1484 4861 1580 4931 τὴν
1608 4880 1794 4915 συνου-

225 4952 350 5003 σίαν
375 4950 475 5021 τῆς
507 4951 885 5021 Πεντηκοστῆς
912 4953 939 5005 ὁ
978 4952 1165 5022 καιρός
1188 4967 1203 4981 ·
1235 4953 1374 5005 κατὰ
1397 4954 1503 5023 γὰρ
1526 4954 1615 5005 τὸν
1639 4954 1795 5007 ἄλλον

225 5042 419 5111 χρόνον
448 5042 539 5093 τὸν
569 5043 791 5113 ἡσύχιον
820 5043 1151 5105 ἀσπάζονται
1201 5042 1330 5113 βίον.
1383 5044 1445 5096 Ἦ
1484 5045 1717 5115 Μαράνα
1739 5044 1795 5098 δὲ

227 5135 363 5203 μόνη
390 5136 510 5196 ταῖς
538 5135 960 5207 ἀφικνουμέναις
982 5136 1282 5204 διαλέγεται
1305 5153 1318 5166 ο
1341 5137 1439 5207 τῆς
1468 5137 1574 5206 γάρ
1605 5135 1795 5206 ἐτέρας

222 5224 399 5284 οὐδεὶς
433 5225 635 5293 ἀκήκοε
676 5224 892 5277 πώποτε
923 5225 1298 5296 φθεγξαμένης
1321 5242 1334 5255 ·
1383 5226 1791 5297 σιδηροφοροῦσι

221 5315 298 5377 δὲ,
329 5314 422 5366 καὶ
445 5314 693 5367 τοσοῦτον
743 5316 966 5385 φέρουσι
1012 5317 1249 5388 φορτίον,
1304 5316 1380 5379 ὠς
1424 5316 1521 5387 τὴν
1583 5318 1789 5387 Κύραν,

224 5405 611 5476 ἀσθενέστερον
640 5408 797 5476 σῶμα
824 5408 1111 5479 λαχοῦσαν,
1146 5408 1304 5480 μέχρι
1347 5412 1445 5479 τῆς
1477 5410 1576 5477 γῆς
1626 5427 1791 5461 κατα-

226 5498 595 5568 κάμπτεσθαι,
620 5502 713 5553 καὶ
739 5502 998 5571 ἀνορθοῦν
1017 5502 1079 5554 τὸ
1108 5503 1263 5573 σῶμα
1284 5503 1480 5572 ἥκιστα
1515 5502 1789 5557 δύνασθαι.

224 5592 305 5643 Τά
342 5590 398 5642 δέ
431 5591 741 5658 περιϐόλαια
779 5593 1008 5662 μέγιστα
1048 5594 1258 5663 ἔχουσιν
1282 5634 1296 5657 ,
1327 5592 1401 5655 ὡς
1440 5593 1661 5647 δπισθεν
1697 5594 1793 5664 μὲν

228 5681 621 5751 ἀποσύρεσθαι,
674 5685 767 5737 καὶ¹
808 5685 1046 5755 ἀκριϐῶς
1079 5684 1474 5753 συγκαλύπτειν
1519 5685 1593 5737 τὼ
1626 5686 1751 5737 πόδε
1777 5704 1788 5715 ·

226 5771 531 5843 ἔμπροσθεν
556 5776 610 5830 δὲ
639 5776 828 5849 μέχρις
852 5778 1021 5849 αὐτῆς
1048 5779 1142 5848 τῆς
1180 5778 1354 5849 ζώνης
1391 5779 1690 5844 καθίεσθαι,
1734 5780 1791 5832 τί)

1903 3326 2048 3371 runt.
2078 3318 2309 3373 Maranae
2338 3330 2517 3374 autem
2549 3328 2603 3373 et
2630 3320 2784 3391 (lyrae
2806 3321 2859 3375 in
2884 3335 3123 3390 praesens
3144 3322 3469 3374 mentionem

1903 3409 2122 3471 faciam,
2153 3426 2273 3479 quae
2304 3412 2610 3466 tolerantiae
2668 3411 3063 3466 certaminibus
3092 3412 3305 3481 1289
3337 3413 3469 3465 alias

1900 3514 2101 3556 omnes.
2141 3502 2341 3556 vicere.
2408 3499 2505 3555 His
2537 3500 2710 3570 patria
2745 3501 2965 3571 quidem
3024 3508 3107 3554 est
3164 3500 3422 3553 Berrlioea
3454 3518 3467 3552 :

1900 3605 2069 3660 genus
2097 3598 2279 3645 autem
2313 3592 2375 3644 in.
2399 3592 2577 3660 patria
2610 3591 2847 3653 illustre,
2881 3599 2935 3645 et
2987 3588 3237 3644 educatio
3286 3593 3468 3660 generi

1903 3684 2259 3738 conveniens.
2304 3671 2410 3737 Sed
2462 3682 2549 3737 his
2601 3683 2862 3738 onmibus
2934 3683 3284 3751 contemptis,
3344 3696 3466 3735 cum

1900 3773 2154 3842 exiguum
2175 3772 2466 3841 quemdam
2508 3773 2688 3826 locum
2727 3781 2854 3828 ante
2885 3775 3075 3829 urbem
3127 3775 3467 3843 circumspe-

1900 3863 2130 3926 xissent,
2162 3864 2215 3916 in
2254 3877 2489 3931 eumque
2520 3862 2838 3926 intrassent,
2905 3864 3021 3918 luto
3077 3878 3142 3918 ac
3197 3864 3469 3933 lapidibus

1894 3952 2116 4021 januam
2144 3951 2490 4006 obstrusero.
2514 3950 2773 4006 Famulas
2813 3959 3021 4017 autem,
3039 3956 3057 3974 '
3078 3968 3199 4022 qute
3222 3954 3465 4022 ejusdem

1899 4046 2022 4099 vita:
2059 4043 2357 4113 participes
2406 4043 2522 4097 fieri
2576 4043 2857 4108 volebant,
2896 4053 3051 4100 extra
3101 4044 3201 4099 hoc
3253 4055 3463 4113 septmn

1899 4151 2065 4205 parvo
2125 4145 2335 4190 structo
2366 4135 2703 4197 habitaculo,
2751 4137 2805 4190 in
2846 4151 2909 4191 eo
2938 4137 3132 4206 degere
3157 4138 3461 4206 jusserunt.

1896 4226 2238 4280 Contuentur
2269 4233 2449 4279 autem
2490 4225 2620 4294 ipsa:
2646 4240 2742 4293 per
2774 4224 3109 4282 fencstellam
3137 4244 3257 4296 quae
3294 4229 3361 4281 ab
3387 4230 3466 4283 eis

1897 4325 2181 4387 geruntur,
2223 4330 2425 4385 easque
2448 4316 2513 4369 ad
2544 4316 2846 4369 orationem
2871 4314 3181 4387 frequenter
3206 4318 3462 4377 excitant,

1896 4420 1951 4464 et
1985 4409 2051 4461 ad
2083 4407 2329 4461 divinum
2364 4422 2605 4461 amorem
2634 4407 2955 4462 incendunt.
3011 4409 3144 4478 Ipsae
3184 4425 3312 4463 vero
3365 4427 3463 4463 nec

1833 4502 2141 4580 Ddomum,
2176 4516 2274 4554 nec
2306 4499 2583 4569 tugurium
2639 4500 2923 4563 habentes,
2987 4501 3089 4553 sub
3158 4501 3249 4553 dio
3298 4501 3459 4552 vitam

1896 4593 2123 4647 ducunt.
2154 4590 2217 4645 Et
2267 4590 2449 4659 januae
2501 4590 2621 4644 loco
2679 4605 2847 4658 parva
2904 4589 3148 4660 quaedam
3214 4591 3447 4645 feneslra

1896 4683 2038 4738 facta
2063 4693 2168 4750 est,
2204 4678 2300 4752 per
2330 4700 2493 4754 quam
2522 4694 2575 4738 et
2630 4685 2832 4738 victum
2890 4682 3259 4737 necessarium
3323 4685 3459 4735 arci.

1896 4776 2073 4845 piunt,
2105 4783 2159 4831 et
2190 4791 2315 4829 cum
2347 4776 2566 4829 feminis
2598 4791 2721 4845 quae
2741 4776 2807 4829 ad
2850 4789 2944 4831 eas
3002 4775 3230 4829 veniunt
3284 4776 3457 4827 collu-

1896 4880 2158 4939 quuntur.
2192 4868 2271 4922 Ad
2303 4882 2633 4938 congressus
2665 4868 3171 4937 autemhujusmodi
3201 4868 3458 4935 designa-

1899 4970 2010 5015 tum
2042 4969 2126 5016 est
2158 4970 2370 5029 tempus
2389 4958 2745 5015 Pentecostes
2776 4959 2932 5014 :aliis
2962 4961 3104 5013 enim
3121 4960 3461 5027 temporibus

1896 5049 2171 5104 silentium
2190 5047 2508 5103 observant.
2529 5048 2745 5102 Marana
2774 5063 2938 5118 porro
2968 5062 3091 5101 cum
3118 5048 3459 5101 adventanti-

1896 5140 1997 5195 bus
2022 5138 2136 5193 sola
2161 5138 2399 5207 loquitur
2419 5156 2431 5191 :
2448 5138 2675 5191 alteram
2704 5154 2833 5193 vero
2856 5140 3163 5207 loquentem
3186 5153 3345 5190 nemo
3362 5155 3462 5189 un-

1896 5245 2058 5300 quam
2123 5229 2349 5285 audivit.
2388 5229 2611 5284 Ferrum
2665 5240 2915 5301 gestant,
2947 5239 3265 5299 tantumque
3321 5246 3461 5283 onus

1898 5322 2096 5383 ferunt,
2119 5319 2352 5390 utCyra,
2376 5337 2496 5391 qua:
2529 5322 2881 5376 imbecilliore
2907 5330 2989 5377 est
3016 5337 3264 5389 corpore,
3290 5336 3461 5389 usque

1898 5414 1963 5468 ad
2003 5422 2199 5467 terram
2241 5413 2576 5477 incurvetur,
2602 5421 2655 5466 et
2680 5427 2882 5480 corpus
2910 5412 3119 5481 erigere
3149 5411 3460 5465 nullatenus

1899 5505 2089 5575 possit.
2127 5505 2375 5558 Amictus
2405 5504 2603 5557 habent
2635 5505 2944 5573 perlongos,
2990 5504 3065 5556 ita
3123 5512 3182 5555 ut
3231 5518 3260 5555 a
3309 5512 3463 5570 tergo

1898 5596 2206 5661 trahantur,
2240 5606 2293 5649 ct
2328 5596 2490 5662 pedes
2522 5610 2748 5663 prorsus
2776 5599 2980 5661 tegant,
3036 5593 3280 5645 anterius
3333 5608 3459 5644 vero

1848 5750 1851 5751 ν
1900 5702 2073 5755 usque
2096 5686 2159 5739 ad
2183 5702 2373 5739 zonam
2400 5686 2941 5755 ipsamdescendunt,
2964 5685 3153 5740 faciem
3174 5696 3220 5738 et
3238 5684 3458 5746 collum,

1898 5788 1943 5836 et
1989 5790 2225 5849 pectora,
2279 5787 2329 5831 rt
2390 5796 2581 5834 manus
2657 5780 2874 5847 pen-itus
2934 5780 3293 5834 occultantes.
3354 5778 3459 5833 Has
