4216 6456
776 366 903 431 1491

1691 391 2175 460 THEODORETI
2209 404 2544 470 EPISCOPI
2580 414 2946 480 CYRENSIS

3887 435 4020 502 1492

774 489 953 533 “‘9'”
984 497 1127 553 δαέρα
1168 491 1449 557 conspexi.
1514 508 1614 561 per
1657 497 1882 565 ianuam
1942 506 2295 569 intromissus

781 576 1011 615 ipset-ari
1044 579 1185 615 nnim
1228 582 1355 615 mihi
1393 585 1895 615 ἰθέῃ-μηηημη
2118 603 2131 615 .
2199 608 2230 615 ..
2273 608 2298 615 .,

2399 523 2419 580 ι
2451 522 2739 590 πρόσωπον
2769 528 2904 597 ὁμοῦ
2933 532 3024 584 καὶ
3058 532 3147 586 τὸν
3176 534 3376 605 αὐχένα
3396 579 3409 603 ,
3444 539 3538 593 καὶ
3578 541 3645 595 τὰ
3683 542 3855 615 στήθη
3878 588 3893 611 ,
3925 552 4018 601 καὶ

780 576 1011 628 reserari
1044 566 1185 631 enim
1227 582 1357 634 mihi
1392 585 1901 658 1290jusserunt
1942 603 2230 659 sacerdotii
2256 608 2339 661 di-

775 663 1037 727 gnitatem
1095 669 1443 728 honorantes.
1487 676 1603 732 Vidi
1651 698 1779 752 ergo
1816 703 1912 740 nec
1952 701 2177 749 strenuo
2223 700 2341 753 viro

766 752 1149 816 perferendum
1201 762 1353 818 illius
1388 764 1520 821 ferri
1577 773 1808 839 pondus.
1864 780 1924 833 Et
1978 795 2098 851 post
2144 752 2338 845 multas

766 862 955 914 preces
990 858 1120 907 tunc
1149 858 1367 925 quidem
1402 861 1621 919 auferre
1646 872 1795 936 potui
1826 891 1838 925 :
1874 876 1967 928 sed
1997 888 2113 945 post
2135 882 2337 936 disces-

763 952 884 995 sum
926 951 1175 997 nostrum
1205 948 1345 1002 idem
1380 951 1577 1008 iterum
1613 961 1876 1018 membris
1910 968 2333 1038 suisimposue-

762 1039 909 1105 runt,
951 1037 1147 1089 cervici
1178 1040 1399 1105 collare,
1445 1046 1640 1101 lumbis
1666 1052 1967 1123 cingulum,
2006 1063 2259 1120 manibus
2282 1075 2334 1121 et

763 1122 1137 1195 pedibusquze
1174 1130 1257 1186 his
1288 1143 1444 1187 erant
1486 1122 1781 1196 destinata.
1835 1149 2010 1215 Atque
2070 1153 2215 1207 hunc
2278 1158 2329 1211 in

760 1215 979 1269 modum
1014 1220 1178 1274 vitam
1201 1223 1427 1290 ducunt,
1462 1246 1569 1285 non
1607 1238 1849 1305 Quinque
1873 1252 1965 1293 aut
1998 1243 2210 1309 decem,
2248 1252 2329 1304 vel

759 1304 1070 1369 quindecim
1096 1327 1361 1369 annorum
1397 1323 1595 1388 spatio,
1625 1326 1716 1377 sed
1751 1328 1983 1384 duorum
2012 1344 2062 1387 et
2094 1338 2331 1403 quadra-

758 1396 927 1463 ginta.
997 1400 1055 1453 Et
1113 1419 1235 1458 cum
1292 1416 1399 1462 tam
1461 1413 1621 1483 longo
1673 1426 1915 1489 tempore
1972 1426 2326 1496 decertarint,

759 1488 978 1553 perinde
999 1506 1061 1545 ac
1088 1495 1133 1547 si
1168 1512 1315 1552 nunc
1354 1501 1587 1569 primum
1659 1519 1932 1565 certamen
1981 1516 2201 1583 inirent,
2254 1520 2326 1574 ita

757 1579 989 1636 sudores
1038 1596 1320 1654 expetunt.
1385 1590 1584 1660 Sponsi
1652 1600 1793 1652 enim
1864 1605 2325 1671 pulchritudinem

756 1671 1083 1738 rogitantes.
1109 1676 1267 1733 facile
1306 1696 1369 1734 ac
1408 1681 1661 1741 lubenter
1698 1706 1896 1747 (‘lll'SllS
1936 1696 2171 1752 laborem
2204 1717 2323 1769 per-

755 1758 955 1826 ferunt,
984 1772 1037 1817 ct
1061 1765 1125 1818 ad
1150 1771 1509 1825 certaminum
1531 1788 1729 1830 metam
1764 1787 2049 1846 pervenire
2080 1791 2319 1853 stud-ent,

755 1858 989 1904 Stantem
1027 1854 1079 1907 in
1109 1869 1170 1910 ea
1228 1874 1598 1933 coronamque
1654 1872 1896 1927 victoriae
1943 1881 2321 1938 ostentlentem

752 1952 1037 1998 cernentes
1066 1961 1224 2015 quem
1259 1950 1515 2021 diligunt.
1553 1956 1665 2012 Hae
1694 1960 1762 2016 de
1787 1980 1952 2021 causa
2003 1981 2057 2024 et
2108 1975 2319 2041 pluvhe,

750 2041 804 2084 et
851 2033 1016 2096 nivis,
1058 2047 1112 2091 ct
1147 2041 1278 2094 solis
1335 2045 1441 2098 vim
1500 2051 1832 2109 snstinentes
1866 2075 1972 2112 nou
2008 2064 2320 2133 tt-istantur,

749 2133 848 2172 nec
880 2121 1307 2196 discruciantttr,
1347 2135 1441 2189 sed
1477 2153 1539 2191 ex
1570 2142 1636 2196 iis
1654 2160 1776 2212 qua:
1804 2152 2032 2205 molesta
2065 2157 2318 2213 videntur

747 2208 990 2265 laetitiam
1018 2217 1259 2286 capiunt.
1289 2223 1368 2277 Ac
1392 2225 1559 2282 divini
1602 2208 1823 2300 quidem
1852 2236 2017 2297 Mosis
2047 2208 2316 2314 jejunium

745 2305 1100 2374 temulantes,
1168 2322 1247 2367 ter
1328 2322 1671 2379 tantumdem
1736 2334 1997 2401 temporis
2065 2339 2316 2408 impasta:

746 2404 1148 2468 transegerunt.
1182 2406 1555 2484 Quadraginta
1586 2419 1731 2474 enim
1763 2435 1885 2489 post
1914 2430 1928 2447 '
1970 2428 2087 2485 dies
2115 2404 2314 2503 exiguo

744 2486 869 2543 cibo
905 2492 1121 2550 refectae
1141 2509 1288 2553 sunt.
1316 2500 1421 2556 'l'er
1437 2507 1599 2560 etiam
1620 2508 1792 2566 divini
1822 2515 2059 2575 Danielis
2080 2486 2312 2579 inediam

742 2580 1014 2636 aemulata:
1060 2594 1211 2653 sunt,
1243 2597 1355 2647 tres
1388 2593 1601 2650 dierum
1630 2599 1999 2662 hebdomadas
2049 2626 2311 2682 peragen-

740 2676 845 2731 tes,
891 2684 1055 2742 atque
1099 2690 1279 2733 escam
1315 2691 1445 2737 tunc
1504 2691 1721 2759 corpori
1789 2676 2127 2754 exhibentes.
2172 2702 2309 2759 Cum

737 2769 917 2815 autem
948 2768 1181 2834 cepisset
1214 2771 1335 2828 illas
1369 2776 1662 2847 aliquando
1708 2784 2039 2843 desiderium
2108 2796 2312 2850 saluta-

737 2852 879 2906 rium
920 2856 1125 2914 Cbristi
1195 2866 1538 2924 crttciatuutn
1597 2887 1754 2928 sacra
1811 2878 1923 2932 loca
1988 2889 2305 2952 contttendi,

733 2944 1214 3020 Ailiamprol‘ecta:
1240 2968 1387 3023 sunt,
1441 2963 1650 3018 nullum
1704 2976 1821 3022 toto
1882 2973 2074 3027 itinere
2122 2979 2303 3034 cibum

735 3044 1024 3102 gustantes
1053 3056 1068 3095 :
1104 3045 1199 3099 sed
1233 3048 1299 3100 ad
1341 3051 1529 3105 urbem
1567 3054 1715 3111 illam
1742 3073 1866 3113 cum
1904 3067 2302 3133 pervenissent,

735 3127 1056 3187 adoratione
1089 3138 1377 3205 completa,
1412 3143 1594 3198 cibum
1618 3164 1920 3218 sumpsere.
1943 3155 2153 3225 iterque
2177 3175 2301 3215 rur-

733 3232 831 3273 sus
862 3222 913 3273 in
952 3223 1126 3278 reditu
1153 3226 1353 3296 jejuna:
1391 3232 1596 3304 1291
1632 3241 2005 3299 confecerunt.
2064 3222 2304 3304 Haasiu-

734 3323 832 3361 nos
855 3319 1032 3366 autem
1062 3314 1404 3372 intercedunt
1426 3336 1531 3375 non
1560 3328 1850 3392 pauciores
1873 3346 2033 3399 quam
2087 3338 2299 3407 viginti.

732 3399 797 3452 Et
826 3415 950 3455 cum
982 3403 1224 3463 victricis
1255 3407 1473 3466 Thecla:
1502 3418 1783 3485 templum,
1810 3424 1955 3489 quod
2001 3424 2051 3477 in
2098 3426 2299 3483 Isauria

730 3505 832 3556 est,
860 3494 1034 3551 visere
1063 3499 1331 3566 libuisset,
1363 3513 1421 3558 ut
1455 3505 1739 3565 charitatis
1765 3511 1817 3565 in
1853 3513 2017 3568 Deum
2048 3517 2296 3577 ﬂammas

732 3585 974 3654 undique
999 3594 1598 3666 acrenderent,jejttnm
1619 3601 1871 3659 similiter
1900 3606 2096 3671 ierunt,
2124 3612 2303 3666 redie-

732 3685 989 3747 runtqtte.
1053 3679 1237 3753 Usque
1265 3688 1401 3741 adeo
1428 3690 1675 3745 divinum
1708 3696 1828 3749 illas
1856 3698 2115 3765 philtruut
2146 3718 2296 3759 extra

650 3777 657 3781 ’
732 3781 792 3820 se
820 3769 1066 3836 rapiebat
1096 3790 1108 3823 :
1144 3776 1223 3827 sic
1264 3777 1385 3831 illas
1417 3779 1639 3835 divinus
1667 3797 1795 3851 erga
1833 3800 2093 3852 Sponsum
2144 3806 2298 3845 amor

729 3857 1095 3916 dementabat.
1129 3862 1220 3917 liae.
1249 3867 1411 3935 igitur
1434 3871 1526 3923 tali
1567 3874 1689 3926 vitae
1722 3874 1894 3927 forata
1922 3880 2183 3934 muliebre
2204 3900 2295 3952 ge-

730 3964 835 4001 nus
865 3963 1145 4017 ornantes,
1179 3957 1326 4010 velut
1357 3962 1685 4029 exemplaria
1743 3968 1957 4019 caneris
2000 3968 2180 4035 fat'lil',
2212 3976 2295 4027 vi-

729 4041 993 4097 ctricibus
1023 4047 1243 4102 coronis
1263 4065 1292 4102 a
1320 4049 1547 4106 Domino
1573 4057 1998 4113 coronabuntur.
2034 4060 2143 4132 Ego
2169 4083 2297 4120 vero

729 4141 783 4183 ct
818 4132 1050 4189 utilitate
1082 4154 1202 4206 qnze
1241 4139 1365 4194 hinc
1400 4144 1577 4197 oritur
1607 4150 1908 4216 proposita,
1958 4161 2009 4207 et
2074 4156 2295 4213 benedi-

727 4222 911 4277 ctione
938 4228 1191 4293 delihata,
1226 4232 1290 4285 atl
1323 4235 1550 4289 alteram
1584 4252 1802 4307 pergam
1829 4248 2219 4307 narrationem.

728 4313 967 4381 νόμεναι,
991 4321 1104 4382 τοῖς
1133 4322 1417 4387 ἐπινικίοις
1452 4329 1733 4395 στεφάνοις
1762 4332 1864 4385 ὐπὸ
1896 4338 1986 4389 τοῦ
2018 4343 2288 4399 Δεσπότου

2444 613 2541 675 τὰς
2565 618 2753 686 χεῖρας
2786 622 3029 692 ἀκριϐῶς
3057 629 3527 699 κατακρύπτοντα.
3564 613 3779 698 Ταύτας
3801 638 3861 690 δὲ
3893 640 4019 691 πολ-

2442 704 2597 768 λάκις
2618 709 2931 783 ἐθεασάμην
2963 714 3092 769 εἴσω
3126 718 3225 789 τῆς
3264 718 3433 791 θύρας
3452 723 3669 795 ἐκείνης
3706 729 4015 799 γενόμενος.

2439 796 2825 872 Διορύξαιγάρ
2865 821 2955 873 μοι
3012 810 3515 879 παρεκελεύσαντο,
3568 819 3665 885 τῆς
3716 796 4019 891 ἱερωσύνης

2439 887 2535 957 τὴν
2569 892 2859 961 προεδρίαν
2890 897 3147 966 τιμῶσαι.
3176 897 3329 954 Εἶδον
3357 904 3535 957 τοίνυν
3560 908 3679 961 οὐδὲ
3716 887 3870 979 ἀνδρὶ
3894 887 4019 978 γεν-

2437 979 2572 1049 ναίῳ
2606 984 2838 1052 φορητὸν
2864 986 2955 1039 τὸν
2994 989 3202 1042 ἐκείνου
3231 992 3323 1045 τοῦ
3358 995 3578 1064 σιδήρου
3626 999 3890 1068 σταθμὸν,
3924 1003 4017 1052 καὶ

2438 1069 2608 1123 πολλὰ
2639 1072 2967 1145 λιπαρήσας,
2998 1082 3311 1150 παραυτίκα
3334 1085 3433 1154 μὲν
3464 1087 3685 1156 ἀφελεῖν
3716 1090 4013 1161 ἠδυνήθηνο

2438 1163 2575 1231 μετά
2604 1163 2659 1217 δέ
2688 1166 2784 1236 τὴν
2817 1170 3090 1241 ἡμετέραν
3116 1175 3483 1247 ἀναχώρησιν,
3526 1180 3685 1233 πάλιν
3708 1183 3869 1236 αὐτὸν
3900 1188 4015 1248 τοῖς

2433 1254 2652 1316 οἰκείοις
2686 1257 3006 1325 περιέθεσαν
3040 1263 3289 1331 μέλεσιν·
3333 1268 3517 1337 αὐχένι
3544 1270 3642 1341 μὲν
3673 1274 3763 1326 τὸν
3786 1293 4008 1343 περιαυ·

2433 1342 2628 1411 χένιον,
2658 1346 2762 1409 ίξύῖ
2787 1348 2841 1401 δὲ
2868 1350 2966 1420 τὴν
2998 1350 3192 1423 ζώνην.
3232 1359 3386 1425 χερσὶ
3422 1359 3478 1412 δὲ
3517 1364 3609 1413 καὶ
3644 1365 3769 1415 ποσὶ
3790 1367 3859 1418 τὰ
3887 1367 4012 1418 τού-

2432 1449 2541 1496 τοις
2580 1437 3052 1509 ἀπονενεμημένα,
3088 1446 3194 1497 Καὶ
3228 1448 3414 1500 τοῦτον
3446 1451 3744 1519 βιοτεύουσι
3768 1456 3853 1507 τὸν
3886 1458 4012 1528 τρό-

2432 1540 2549 1587 πον,
2583 1527 2641 1579 οὐ
2675 1530 2853 1592 πέντε,
2883 1532 2912 1602 ἦ
2956 1534 3107 1600 δέκα,
3153 1537 3184 1605 ἦ
3214 1543 3603 1597 πεντεκαίδεκα
3632 1547 3769 1613 μόνα
3818 1548 4014 1613 ean-3-

2432 1631 2593 1668 σασαι
2622 1618 2734 1687 ἔτη,
2769 1622 2900 1674 ἀλλά
2931 1624 3022 1676 δύο
3045 1629 3138 1679 καὶ
3165 1633 3589 1701 τεσσαράκοντα.
3624 1637 3732 1688 Καὶ
3755 1638 4009 1691 τοσοῦτον

2428 1706 2833 1778 ἀγωνισάμεναι
2861 1715 3068 1782 χρόνον,
3097 1715 3171 1777 ὡς
3196 1718 3317 1788 ἄρτι
3344 1722 3452 1773 τῶν
3477 1724 3698 1790 ἀγώνων
3725 1728 4009 1796 ἀψάμευαι

2427 1796 2533 1848 τῶν
2565 1798 2802 1868 ἱδρώτων
2833 1803 3019 1873 ἐρῶσι.
3053 1806 3125 1857 Τὸ
3145 1808 3252 1877 γάρ
3274 1810 3366 1863 τοῦ
3396 1814 3629 1882 νυμφίου
3658 1818 4005 1884 φανταζόμε-
4042 1829 4049 1833 ’

2427 1906 2511 1941 ναι
2551 1891 2777 1954 κάλλος,
2820 1894 3064 1958 εὐπετῶς
3101 1899 3245 1967 μάλα
3282 1902 3369 1953 καὶ
3411 1905 3609 1973 ῥαδίως
3649 1908 3877 1979 φέρουσι
3908 1910 4003 1962 τοῦ

2424 1978 2623 2050 δρόμου
2657 1984 2745 2035 τὸν
2779 1986 2959 2053 πόνον,
3006 1989 3100 2041 καὶ
3153 1992 3478 2047 καταλαϐεῖν
3528 1998 3836 2066 ἐπείγονται
3896 2003 4007 2055 τῶν

2424 2072 2649 2138 ἀγώνων
2680 2076 2737 2127 τὸ
2780 2078 2949 2140 τέλος,
2992 2083 3048 2132 ἐν
3098 2082 3287 2153 ἐκείνῳ
3335 2085 3425 2138 τὸν
3464 2086 3738 2158 ἐρώμενον
3788 2092 4005 2145 ἑστῶτα

2425 2161 2736 2229 βλέπουσαι,
2763 2170 2855 2220 καὶ
2876 2169 2973 2238 τῆς
3006 2170 3163 2239 νίκης
3186 2173 3573 2230 ὑποδεικνύντα
3590 2180 3679 2233 τὸν
3708 2181 3998 2250 στέφανον.

2422 2253 2626 2306 Τούτου
2659 2257 2860 2322 εἵνεκα,
2894 2262 2986 2313 καὶ
3014 2262 3192 2328 ὑετοῦ,
3227 2266 3318 2317 καὶ
3342 2268 3576 2334 νιφετοῦ,
3614 2272 3705 2323 καὶ
3735 2272 3889 2342 ἡλίου
3912 2274 4001 2329 δεο

2419 2344 2643 2415 χόμεναι
2680 2351 3001 2421 προσϐολὴν,
3028 2354 3127 2407 οὐκ
3164 2356 3436 2424 ἀνιῶνται,
3486 2360 3604 2415 οὐδὲ
3643 2362 3996 2433 ἀλγύνονται,

2417 2439 2533 2491 ἀλλ’
2566 2442 2628 2492 ἐκ
2662 2441 2768 2494 τῶν
2796 2442 3093 2498 δοκούντων
3127 2449 3368 2520 ἀνιαρῶν
3399 2450 3665 2523 θυμηδίαν
3712 2456 3995 2525 καρποῦν-

2414 2545 2523 2581 ται.
2558 2530 2667 2583 Καὶ
2701 2532 2791 2584 τοῦ
2832 2536 2927 2602 μὲν
2955 2535 3239 2592 θεσπεσίου
3286 2544 3563 2607 Μωῡσέως
3598 2547 3697 2615 τὴν
3735 2549 3993 2618 νηστείαν

2416 2621 2746 2691 ζηλώσασαι,
2782 2626 2903 2694 τρὶς
2950 2628 3121 2681 ἄσιτοι
3166 2632 3418 2686 τοσοῦτον
3442 2634 3743 2689 διετέλεσαν
3772 2639 3986 2708 χρόνον.

2413 2713 2511 2764 Διά
2531 2717 2934 2787 τεσσαράκοντα
2964 2720 3069 2791 γάρ
3092 2723 3312 2792 ήμερῶν
3341 2728 3543 2796 τροφῆς
3571 2727 3828 2797 βραχείας
3861 2747 3989 2799 μετ-

2413 2802 2624 2860 έλαϐον.
2658 2809 2792 2876 Τρὶς
2821 2810 2875 2861 δὲ
2925 2813 3015 2863 καὶ
3052 2814 3144 2877 τοῦ
3172 2816 3316 2868 θείου
3342 2818 3541 2889 Δανιὴλ
3586 2820 3682 2890 τὴν
3711 2822 3989 2876 ἀπαστίαν

2412 2894 2708 2965 ἐζήλωσαν,
2749 2905 2895 2970 τρεῖς
2928 2904 3227 2975 ἐϐδομάδας
3255 2910 3477 2979 ἡμερῶν
3522 2909 3859 2976 ὲξανύουσαι,
3892 2914 3988 2967 καὶ

2407 2988 2528 3041 τότε
2578 2992 2779 3061 τροφὴν
2815 2995 3142 3064 χορηγοῦσαι
3193 3000 3270 3070 τῷ
3319 3003 3549 3072 σώματι.
3586 3003 3897 3075 Ποθὴσασαι
3927 3008 3985 3061 δέ

2413 3096 2543 3133 ποτε
2580 3083 2688 3134 τῶν
2738 3088 3018 3155 σωτηρίων
3064 3090 3157 3142 τοῦ
3188 3093 3425 3162 Χριστοῦ
3476 3094 3820 3164 παθημάτων
3855 3100 3986 3159 τοὺς

2333 3184 2376 3240 ο
2413 3168 2592 3238 ἱεροὺς
2642 3171 2935 3226 θεάσασθαι
2986 3177 3200 3243 τόπους,
3248 3182 3481 3252 ἔδραμον
3509 3185 3588 3246 εἰς
3636 3185 3734 3255 τὴν
3769 3186 3980 3249 Αἰλίαν,

2402 3260 2655 3329 οὐδεμιᾶς
2686 3263 2823 3316 κατά
2878 3266 2975 3335 τὴν
3018 3267 3132 3321 ὁδὸν
3186 3269 3387 3340 ἐδωδῆς
3420 3272 3817 3332 ἀπολαύσασαι,
3858 3275 3981 3327 ἀλλ’

2401 3353 2480 3413 είς
2519 3353 2734 3421 ἐκείνην
2764 3356 3089 3426 ἀφικόμεναι
3124 3346 3219 3429 τὴν
3252 3362 3436 3427 πόλιν,
3470 3363 3562 3413 καὶ
3592 3362 3689 3433 τὴν
3736 3365 3980 3432 προσκύο

2402 3459 2555 3512 νησιν
2603 3445 3027 3516 ἐκπληρώσασαι
3054 3492 3067 3515 ,
3105 3455 3311 3521 τροφῆς
3347 3454 3656 3521 μετέλαϐον,
3695 3455 3789 3507 καὶ
3818 3456 3980 3509 πάλιν

2401 3532 2701 3601 ἐπανῆλθον
2735 3535 2907 3587 ἄσιτοι
2929 3537 3025 3607 τὴν
3059 3540 3285 3609 πορείαν
3324 3541 3621 3595 ἀνύσασαι³
3662 3544 3892 3612 σταθμοὶ
3919 3545 3977 3596 δέ

2400 3625 2537 3674 εἰσιν
2567 3625 2665 3676 οὐκ
2707 3625 2960 3690 ἐλάττους
2992 3628 3098 3680 τῶν
3133 3631 3323 3684 εἴκοσι.
3370 3633 3479 3685 Καὶ
3527 3635 3626 3701 τῆς
3662 3635 3976 3689 καλλινίκου

2400 3713 2456 3766 δὲ
2492 3715 2701 3785 Θέκλης
2734 3719 3141 3790 ἐπιθυμήσασαι
3172 3722 3471 3777 θεάσασθαι
3498 3726 3589 3778 τὸν
3626 3725 3681 3778 ἐν
3729 3729 3977 3798 Ἰσαυρία

2405 3805 2588 3874 σηκὸν,
2631 3807 2715 3858 ἵνα
2750 3808 2848 3877 τῆς
2881 3811 3008 3879 περὶ
3058 3812 3148 3866 τὸν
3196 3813 3330 3866 Θεὸν
3356 3815 3579 3887 ἀγάπης
3632 3819 3977 3885 πανταχόθεν

2403 3894 2640 3963 ἐξάψωσι
2662 3896 2751 3949 τὸν
2778 3901 3001 3968 πυρσὸν,
3042 3900 3117 3963 ὡς
3164 3903 3405 3973 ἀπῆλθον
3453 3905 3625 3968 οὕτως
3667 3906 3975 3975 ἐπανῆλθον

2401 3985 2595 4040 ἄσιτοι.
2642 3989 2908 4043 Τοσοῦτον
2960 3993 3128 4057 αὐτὰς
3161 3997 3219 4047 τὸ
3256 3995 3396 4048 θεῖον
3450 3998 3805 4066 ἐξεϐάκχευσε
3852 3999 3975 4066 φίλ-

2398 4095 2556 4148 τρον·
2587 4082 2759 4146 οὕτως
2802 4086 2968 4148 αὐτὰς
2995 4088 3022 4139 ὁ
3053 4088 3193 4151 θεῖος
3242 4089 3380 4160 ἔρως
3434 4091 3562 4160 περὶ
3610 4090 3700 4142 τον
3738 4093 3974 4161 νυμφίον

2402 4170 2679 4242 ἐξέμηνεν.
2715 4170 2883 4228 Λύται
2920 4177 3018 4246 μὲν
3045 4179 3268 4252 τοιαύτῃ
3294 4181 3535 4252 πολιτείᾳ
3555 4181 3612 4232 τὸ
3641 4181 3772 4250 θῆλυ
3798 4200 3971 4235 κατα-

2402 4264 2750 4332 κοσμήσασαι
2779 4267 2953 4334 γένος,
2989 4268 3064 4327 ὼς
3086 4270 3367 4339 ἀρχέτυπα
3401 4272 3494 4324 καὶ
3514 4275 3632 4335 ταῖς
3656 4272 3844 4333 ἄλλαις
3877 4291 3970 4340 γε·

2326 4356 2797 4427 ταινιωθήσονται.
2832 4358 2971 4428 Ἐγὼ
3000 4361 3055 4415 δὲ
3086 4363 3179 4415 καὶ
3256 4364 3353 4434 τὴν
3396 4364 3642 4417 ἐντεῦθεν
3701 4366 3971 4434 ὠφέλειαν

727 4407 968 4475 προθεὶς,
997 4412 1089 4463 καὶ
1118 4414 1215 4482 τὴν
1238 4414 1486 4483 εὐλογίαν
1508 4418 1859 4491 δρεψάμενος,
1886 4428 1971 4495 ἐφ’
1994 4430 2180 4502 ἕτερον
2208 4436 2490 4513 βαδιοῦμαι
2516 4407 2672 4520 διηγη
2683 4467 2774 4518 μα.

1215 4500 1355 4556 XXX
1370 4505 1798 4567 .---DOMNINA.

804 4587 980 4641 Divini
1032 4588 1295 4654 Maronis,
1347 4596 1506 4665 cujus
1537 4607 1691 4654 antea
1723 4607 2090 4673 meminimus,
2123 4616 2288 4669 vitam

724 4679 976 4734 aemulata
1008 4688 1093 4733 est
1118 4682 1439 4739 admiranda
1472 4686 1759 4754 Domnina,
1798 4709 1921 4761 qua:
1953 4698 2005 4750 in
2037 4709 2293 4759 materna:

725 4774 924 4827 domus
953 4773 1113 4827 horto
1153 4785 1378 4842 parvum
1412 4782 1686 4848 tugurium
1719 4783 1927 4844 deﬁxit.
1990 4788 2289 4863 Tugurium

726 4873 905 4918 autem
931 4863 1036 4917 hoc
1068 4865 1141 4918 illi
1168 4874 1427 4936 praestant
1448 4873 1612 4926 culmi
1638 4877 1982 4943 panicorum.
2009 4882 2067 4937 In
2087 4899 2153 4939 eo
2172 4887 2291 4944 dies

727 4964 873 5011 totos
913 4957 1192 5013 continuis
1228 4954 1482 5032 lacrymis
1515 4966 1743 5031 ducens,
1774 4985 1880 5024 non
1920 4974 2064 5030 solas
2113 4977 2293 5045 rigant

726 5064 912 5114 genas,
943 5051 1035 5103 sed
1070 5051 1300 5108 atnicms
1336 5070 1550 5127 quoque
1580 5060 1850 5118 cilicinos.
1881 5064 2105 5123 Talibus
2145 5072 2288 5125 enim

726 5139 1063 5196 indumentis
1093 5158 1293 5214 corpus
1325 5149 1474 5218 legit.
1505 5150 1617 5204 Sub
1655 5153 1920 5222 gallorum
1946 5169 2125 5214 autem
2157 5176 2289 5216 can-

725 5240 838 5282 tum
864 5229 931 5283 ad
963 5231 1207 5288 divinum
1237 5238 1523 5306 templum,
1557 5242 1701 5310 quod
1734 5259 1839 5297 non
1871 5249 2059 5316 procul
2106 5251 2283 5315 abest,

723 5334 782 5373 se
811 5321 1123 5387 conferens,
1152 5340 1277 5378 eum
1314 5329 1456 5395 aliis,
1501 5340 1613 5384 tum
1660 5332 1899 5399 ferninis,
1955 5345 2069 5391 tum
2126 5342 2284 5408 viris,

721 5407 951 5465 Domino
988 5414 1365 5471 universorum
1398 5419 1587 5475 laudes
1620 5422 1797 5478 oll'ert.
1835 5423 1943 5480 Nec
1984 5427 2283 5497 incipiente

720 5509 929 5553 tantum
946 5502 1053 5565 die,
1089 5521 1275 5560 verum
1294 5508 1457 5562 etiam
1481 5510 1762 5569 desinente
1790 5515 1892 5570 hoc
1919 5518 2067 5582 facit,
2101 5522 2278 5576 locum

718 5588 833 5643 Deo
864 5604 1248 5650 consecratum
1284 5602 1479 5668 quovis
1526 5603 1635 5657 alio
1666 5604 1785 5659 loco
1829 5611 2280 5669 venerabiliorem

718 5698 864 5745 esse,
894 5693 946 5738 et
975 5701 1205 5744 censetis
1238 5693 1377 5761 ipsa,
1410 5702 1464 5748 et
1499 5696 1635 5752 alios
1661 5700 1885 5756 docens.
1922 5702 2041 5767 Quo
2062 5708 2280 5761 nomine

716 5785 968 5845 magnam
1000 5777 1147 5836 illitts
1182 5796 1368 5837 curam
1397 5788 1584 5856 gessit,
1620 5793 1777 5847 matri
1810 5803 1862 5848 ct
1915 5796 2123 5865 1292
2170 5798 2277 5853 fra-

2909 4542 2985 4593 A'.
3010 4570 3079 4586 —~
3107 4543 3320 4596 ΔΟΜΝῙ
3328 4546 3438 4600 ΝΑ.

2466 4626 2572 4679 Τοῦ
2600 4627 2884 4683 θεσπεσίου
2913 4633 3196 4702 Μάρωνος.
3237 4632 3297 4689 οὗ
3332 4638 3424 4690 καὶ⁸
3469 4636 3659 4709 πρώην
3691 4641 3969 4712 ἐμνήσθη-

2397 4733 2515 4786 μεν,
2544 4720 2575 4787 ἠ
2607 4718 2878 4789 θαυμασία
2912 4723 3145 4793 Δομνίνα
3175 4725 3263 4777 τὸν
3288 4724 3399 4786 βίον
3435 4726 3745 4797 ζηλώσασα,
3795 4732 3854 4784 ἐν
3884 4732 3967 4802 τῷ

2393 4807 2555 4877 κήπῳ
2598 4812 2696 4879 τῆς
2737 4812 2994 4881 μητρῴας
3042 4815 3217 4878 οἰκίας
3263 4819 3501 4889 σμικράν
3550 4838 3670 4873 τινα
3719 4824 3966 4893 καλύϐην

2393 4898 2650 4971 ἐπήξατο.
2686 4903 2838 4968 Ποιεῖ
2858 4904 2913 4956 δέ
2933 4906 3070 4977 αὐτῇ
3105 4907 3345 4978 καλύϐην
3381 4910 3491 4964 τῶν
3534 4911 3761 4982 μελίνων
3790 4917 3822 4985 ἡ
3860 4934 3964 4968 κα-

2392 4988 2559 5059 λάμη.
2602 4990 2689 5044 Ἐν
2719 4993 2900 5065 ἐκείνῃ
2932 4994 3348 5065 διημερεύουσα,
3396 5000 3623 5070 δάκρυσι
3657 5004 3964 5071 διηνεκέσιν

2390 5079 2453 5132 οὐ
2490 5080 2658 5150 μόνας
2695 5085 3025 5156 καταϐρέχει
3072 5089 3170 5151 τὰς
3200 5091 3452 5160 παρειὰς,
3499 5092 3638 5146 ἀλλά
3669 5095 3761 5146 καὶ
3786 5095 3854 5147 τὰ
3898 5098 3967 5148 ἐκ

2389 5171 2592 5242 τριχῶν
2626 5174 2944 5244 περιϐόλαια
2965 5194 2978 5207 ·
3006 5181 3226 5233 τοιοῖσδε
3250 5181 3355 5252 γὰρ
3394 5183 3662 5255 ἐσθήμασι
3687 5188 3964 5255 συγκαλύ-

2390 5280 2513 5317 πτει
2541 5266 2601 5317 τὸ
2650 5266 2826 5336 σῶμα.
2884 5268 3017 5339 Περὶ
3049 5270 3104 5323 δέ
3149 5273 3524 5344 ἀλεκτρυόνων
3558 5277 3720 5347 ᾠδὰς,
3762 5282 3842 5343 εἰς
3868 5281 3964 5333 τὸν

2390 5353 2529 5407 θεῖον
2561 5358 2688 5411 ναὸν
2733 5360 2794 5410 ού
2844 5360 3029 5431 πόρρω
3062 5362 3189 5417 ὄντα
3243 5364 3393 5418 ἰοῦσα
3419 5410 3433 5432 ,
3475 5367 3612 5436 μετά
3644 5368 3752 5420 τῶν
3782 5371 3964 5424 ἄλλων

2386 5444 2782 5512 καὶγυναικῶν
2837 5450 2929 5502 καὶ
2978 5451 3204 5522 ἀνδρῶν,
3262 5452 3339 5523 τῷ
3388 5457 3633 5529 Δεσπότῃ
3656 5457 3766 5510 τῶν
3819 5461 3961 5514 ὅλων

2389 5537 2687 5606 προσφέρει
2739 5540 2835 5611 τὴν
2865 5541 3155 5612 ὑμνῳδίαν.
3201 5546 3370 5599 Τοῦτο
3412 5547 3467 5600 δέ
3517 5550 3617 5603 οὐκ
3646 5551 3962 5623 ἀρχομένης

2391 5625 2548 5693 μόνον
2581 5628 2808 5698 ἡμέρας,
2859 5630 2994 5683 ἀλλὰ
3028 5634 3121 5685 καὶ
3163 5636 3501 5707 τελευτώσης
3554 5644 3713 5707 ποιεῖ,
3756 5646 3959 5708 mm;

2386 5714 2572 5786 ἐτέρου
2595 5718 2791 5787 χωρίου
2814 5720 2904 5772 τὸν
2933 5723 3305 5793 ἀφιερωμένον
3338 5727 3414 5798 τῷ
3440 5729 3558 5799 Θεῷ
3582 5732 3757 5802 χῶρον
3792 5735 3959 5789 σεϐα-

2388 5803 2686 5875 σμιώιερον
2711 5803 2867 5873 εἶναι,
2900 5812 2993 5864 καὶ
3025 5814 3480 5885 ὑπολαμϐάνουσα
3505 5861 3518 5886 ,
3560 5822 3653 5874 καὶ
3702 5826 3827 5887 τοὺς
3855 5826 3955 5880 ἄλ-
