4216 6456
216 409 363 477 15:93

1427 404 1660 467 RELIG
1669 404 1836 465 IOSA
1876 404 2265 468 HISTORIA.

3311 408 3444 472 μοι

209 522 334 582 λους
368 516 774 574 ἐκδιδάσκουσα.
802 517 1002 573 Τούτου
1038 519 1220 572 εἵνεκα
1264 519 1355 572 καὶ
1385 519 1584 589 πολλῆς
1612 518 1770 572 αὐτὸν
1800 523 1844 579 Α

1800 523 1844 579 Δ
1877 517 2050 573 tribus
2090 521 2447 589 persuadens,
2479 528 2538 573 ut
2562 519 2847 579 facultates
2891 534 3022 577 suas
3059 522 3113 576 in
3162 524 3294 578 illud
3345 526 3444 579 im-

210 610 530 679 ἐπιμελείας
577 609 807 678 ἠξίωσε,
847 609 947 678 τὴν
988 608 1197 680 μητέρα
1228 608 1483 672 πείσασα,
1518 609 1627 671 ,καὶ
1651 608 1776 670 τοὺς

210 699 496 765 ἀδελφοὺς,
534 699 613 760 είς
644 697 831 750 τοῦτον
866 696 1172 767 δαπανῆσαι
1204 696 1272 749 τὰ
1310 696 1459 752 ὄντα.
1488 696 1703 766 Τροφὴν
1733 696 1775 748 δ’

208 791 320 857 ἔχει
379 786 469 838 τὸν
522 788 695 855 φακὸν
736 787 1174 858 ἀποδρεχόμενον
1226 787 1395 842 ὕδατι.
1448 786 1558 841 Καὶ
1592 787 1779 840 τοῦτον

210 879 428 931 ἅπαντα
466 878 727 949 ὑπομένει
755 880 845 933 τὸν
876 880 1033 932 πόνον
1054 921 1068 943 ,
1112 879 1324 949 σώματι
1363 879 1781 950 κατεσκηλιτευ-

214 970 364 1039 μένῳ
401 970 495 1022 καὶ
517 970 735 1040 ήμιθνεϊ
764 970 1042 1041 χρωμένη.
1072 971 1409 1024 Λεπτότατον
1439 972 1547 1041 γάρ
1574 972 1635 1023 τὸ
1663 970 1781 1040 δέρ-

216 1085 309 1135 μα,
351 1068 446 1119 καὶ
476 1067 800 1137 ύμενοειδές,
834 1069 1049 1130 λεπτοῖς
1078 1069 1187 1131 τοῖς
1221 1066 1427 1130 ὀστέοις
1454 1068 1781 1136 περίκειται,

213 1156 306 1207 καὶ
332 1156 566 1225 πιμελῆς
597 1156 690 1209 καὶ
718 1156 935 1226 σαρκῶν
968 1155 1071 1208 ὑπὸ
1109 1156 1217 1209 τῶν
1246 1156 1422 1208 πόνων
1449 1153 1787 1224 δαπανηθέν-

213 1262 342 1297 των.
380 1247 670 1315 Πρόκειται
690 1246 747 1299 δὲ
772 1248 905 1300 πᾶσι
935 1249 1046 1310 τοῖς
1072 1248 1203 1317 ὁρᾷν
1230 1246 1398 1315 αὐτὴν
1425 1244 1785 1316 βουλομένοις,

215 1338 307 1388 καὶ
340 1338 586 1407 ἀνδράσι,
620 1338 715 1390 καὶ
767 1338 1032 1405 γυναιξὶν,
1081 1336 1205 1390 οὔτε
1242 1337 1423 1406 δρῶσα
1476 1338 1786 1406 πρόσωπον,

214 1428 337 1480 οὔτε
361 1430 529 1498 ἑτέρῳ
560 1428 876 1499 προτιθείσα
902 1429 1189 1496 πρόσωπον
1210 1443 1223 1457 ⁸
1255 1427 1368 1480 ἀλλ’
1417 1426 1657 1497 ἀκριϐῶς
1694 1423 1790 1494 μὲν

216 1520 295 1589 τῷ
330 1519 661 1589 περιϐολαίῳ
692 1518 1099 1587 καλυπτομένη,
1131 1517 1292 1589 μέχρι
1316 1533 1376 1570 τε
1409 1517 1518 1569 τῶν
1551 1515 1792 1584 γονάτων

221 1609 753 1679 κατακαμπτομένη.
780 1609 967 1663 Aemi
1000 1608 1055 1661 δὲ
1087 1608 1203 1660 λίαν
1233 1606 1328 1659 καὶ
1357 1606 1544 1675 ἄσημα
1567 1605 1794 1673 φθεγγο-

224 1700 383 1768 μένη,
427 1698 564 1769 μετά
592 1699 838 1769 δακρύων
871 1700 927 1752 δὲ
962 1698 1143 1753 ἀεὶτά
1181 1697 1450 1767 λεγόμενα
1488 1695 1794 1765 προφέρου-

222 1807 307 1845 σα.
352 1791 613 1855 Πολλάκις
637 1791 745 1861 γάρ
777 1807 876 1861 μου
912 1787 1150 1843 λαὸούσα
1178 1788 1276 1859 τὴν
1314 1789 1513 1853 δεξιάν,
1557 1787 1651 1838 καὶ
1682 1788 1795 1847 τοῖς

1880 610 2194 678 penderent.
2222 612 2390 666 Cibus
2409 626 2571 681 porro
2602 610 2778 667 illiest
2806 613 2924 668 lens
2950 627 3091 683 aqua
3116 613 3440 667 madefacta.

1882 699 2257 769 Laboremque
2290 702 2432 756 hunc
2467 709 2641 756 totum
2670 703 2928 767 sustinet,
2964 719 3087 779 cum
3122 718 3353 773 corpore
3374 705 3445 759 sit

1880 792 2167 853 exhausto.
2192 807 2255 847 ac
2286 795 2665 849 semimortuo.
2700 792 3053 850 Tenuissima
3095 798 3242 851 enim
3278 797 3444 858 cutis,

1882 887 1934 933 et
1962 882 2291 936 membranae
2347 882 2567 948 similis,
2620 884 2847 938 tenuia‘
2899 898 3029 940 ossa
3079 887 3445 953 circumtegit.

1884 971 2043 1040 adipe
2076 987 2353 1042 carneque
2386 988 2477 1041 per
2506 975 2720 1030 labores
2776 975 3138 1045 consumptis.
3194 976 3445 1030 Omnium

1885 1068 2065 1113 autem
2107 1062 2282 1116 oculis
2318 1062 2565 1132 exposita
2622 1070 2707 1118 est
2768 1066 2863 1132 qui
2924 1064 3244 1133 conspicere
3301 1064 3448 1121 illaut

1886 1154 2096 1215 volunt,
2135 1163 2245 1205 tum
2276 1153 2428 1216 viris,
2461 1162 2576 1207 tum
2606 1153 2843 1218 feminis,
2894 1169 2995 1209 nec
3035 1155 3227 1208 faciem
3280 1154 3450 1209 ullius

1887 1244 2161 1313 aspiciens
2186 1244 2323 1313 ipsa,
2345 1260 2444 1300 nec
2469 1245 2659 1300 faciem
2686 1245 2778 1299 ulli
2796 1245 3146 1316 spectandam
3167 1245 3414 1315 prazbeus
3436 1267 3448 1301 :

1889 1336 1982 1389 sed
2022 1337 2221 1389 amictu
2249 1338 2467 1406 penitus
2496 1344 2747 1392 contecta
2773 1379 2787 1403 ,
2821 1346 2875 1393 et
2921 1336 2991 1392 ad
3049 1353 3224 1407 genua
3278 1353 3453 1406 usque

1892 1428 2199 1481 incurvata.
2239 1428 2583 1505 Exiliautem
2641 1428 2935 1484 admodum
2985 1444 3120 1483 voce
3176 1443 3275 1484 nec
3321 1430 3456 1483 satis

1890 1534 2151 1587 expressa
2186 1521 2439 1589 loquens,
2474 1534 2599 1574 cum
2629 1520 2889 1592 lacrymis
2912 1535 3131 1589 semper
3188 1521 3454 1590 loquitur.

1895 1609 2049 1680 Sazpe
2072 1611 2213 1663 enim
2246 1613 2522 1665 dexteram
2556 1624 2728 1665 meam
2773 1610 3135 1681 prehendens,
3181 1620 3237 1664 et
3282 1609 3457 1664 oculis

1895 1700 2014 1753 suis
2043 1700 2357 1763 admovens,
2389 1700 2469 1755 sic
2494 1698 2855 1755 madefactam
2878 1698 3111 1764 dimisit,
3172 1706 3233 1751 ut
3280 1700 3459 1769 lacry-

1900 1805 2017 1844 mas
2037 1805 2230 1844 manus
2266 1790 2380 1859 ipsa
2408 1791 2659 1847 stillaret.
2704 1790 2834 1845 Eam
2889 1789 3074 1859 igitur,
3112 1804 3234 1858 quae
3293 1791 3461 1844 tantis

220 1882 515 1949 ὀφθαλμοῖς
549 1881 817 1944 ἐπιθεῖσα,
849 1880 991 1934 οὕτω
1018 1880 1306 1951 διάϐροχον
1338 1878 1635 1948 γενομένην
1656 1878 1795 1946 άφῆ-
1828 1871 1869 1926 Β

1793 1871 2395 1948 νυοὺυηόοηεουίὺυε
2444 1880 2822 1949 philosophia,
2884 1880 3111 1949 perinde
3161 1890 3217 1933 ut
3269 1882 3361 1948 qui
3406 1883 3458 1935 in

218 1989 335 2037 κεν,
367 1973 441 2034 ὡς
475 1972 641 2041 αὐτὴν
670 1972 970 2037 ἀποστάξαι
999 1972 1097 2042 τὴν
1120 1974 1275 2041 χεῖρα
1295 1970 1354 2023 τὸ
1380 1971 1632 2039 δάκρυον.
1683 1966 1795 2037 Τὴν

218 2061 311 2118 οὖν
346 2067 405 2116 ἐν
438 2064 677 2134 τοσούτῳ
730 2064 945 2133 πλούτῳ
990 2063 1306 2133 φιλοσοφίας
1347 2065 1457 2122 τοῖς
1490 2062 1545 2113 ἐν
1594 2058 1795 2130 ἐσχάτη

221 2156 356 2220 ζῶσι
384 2158 545 2227 πενίᾳ
573 2156 974 2227 παραπλησίως
1013 2155 1377 2227 δακρύουσαν,
1415 2153 1509 2206 καὶ
1539 2151 1797 2221 ὀλοφυροο

225 2248 413 2320 μένην,
439 2249 532 2301 καὶ
563 2248 877 2313 στένουσαν,
910 2250 1060 2311 ποῖος
1086 2248 1151 2301 ἂν
1186 2245 1351 2313 ἀξίως
1379 2244 1681 2297 ἐπαινέσειε
1706 2240 1796 2294 λό-

219 2356 315 2407 γος
338 2358 353 2400 ;
398 2341 455 2393 Ὀ
476 2338 584 2411 γὰρ
613 2338 813 2412 θερμὸς
838 2339 969 2409 περὶ
994 2339 1087 2391 τὸν
1109 2338 1241 2392 Θεὸν
1263 2337 1400 2409 ἔρως
1425 2339 1599 2389 ἐκεῖνο
1626 2335 1797 2388 τίκτει

222 2430 284 2482 τὸ
316 2429 551 2501 δάκρυον
575 2470 589 2493 ,
645 2430 725 2493 είς
775 2431 877 2501 τὴν
919 2430 1070 2483 Θείαν
1105 2428 1341 2500 Θεωρίαν
1373 2426 1662 2498 πυρσεύων
1705 2428 1798 2480 τὸν

223 2520 370 2583 νοῦν,
412 2521 504 2574 καὶ
536 2523 656 2585 ταῖς
694 2522 875 2575 ἀκτῖσι
915 2521 1139 2584 νύττων,
1173 2521 1268 2575 καὶ
1293 2522 1373 2585 είς
1414 2521 1512 2591 τὴν
1550 2519 1798 2574 ἐντεῦθεν

222 2611 565 2680 κατεπείγων
598 2611 913 2683 μετάϐασιν.
950 2614 1061 2667 Καὶ
1089 2614 1147 2666 ἐν
1174 2611 1384 2675 τούτοις
1410 2611 1466 2664 δὲ
1504 2609 1799 2681 διημερεύ-

222 2703 359 2757 ουσά
396 2720 455 2755 τε
496 2704 591 2757 καὶ
630 2702 1145 2774 διανυκτερεύουσα,
1178 2703 1300 2757 ούδέ
1338 2702 1449 2756 τῶν
1502 2701 1676 2755 ἄλλων
1702 2701 1800 2772 τῆς

224 2793 428 2864 ἀρετῆς
460 2793 615 2847 είδῶν
642 2795 867 2865 ἀμελεῖ’
904 2793 1039 2848 ἀλλά
1076 2792 1370 2860 θεραπεύει
1399 2792 1498 2861 μὲν
1528 2794 1604 2854 είς
1644 2790 1803 2844 δύνα-

226 2902 319 2951 μιν
348 2886 475 2947 τοὺς
504 2886 760 2955 ἀρίστους
792 2884 1097 2953 ἀγωνιστὰς
1118 2926 1133 2949 ,
1186 2878 1262 2939 ῶν
1290 2883 1663 2953 ἐμνήσθημεν,
1709 2883 1802 2934 καὶ

225 2973 316 3037 οὓς
359 2976 751 3047 παρελίπομεν.
784 2976 1087 3046 Θεραπεύει
1114 2975 1170 3029 δὲ
1201 2975 1441 3037 καὶτοὺς
1470 2973 1604 3043 πρὸς
1635 2972 1802 3047 αὐτὴν

227 3045 677 3135 ἀφικνουμένους,
710 3045 1044 3135 κατάγεσθαι
1072 3065 1172 3136 μὲν
1206 3064 1356 3138 παρὰ
1384 3063 1460 3136 τῷ
1486 3065 1582 3134 τῆς
1611 3045 1803 3134 κώμης

226 3157 449 3225 ποιμένι
484 3158 800 3223 κελεύουσα,
834 3159 971 3229 αὐτὴ
1001 3158 1058 3212 δέ
1092 3156 1192 3221 τὰς
1232 3157 1419 3228 χρείας
1462 3156 1679 3218 ἁπάσας
1713 3157 1803 3207 ἐκ·

230 3247 547 3317 πέμπουσα.
588 3249 880 3319 Πρόκειται
909 3248 1018 3319 γάρ
1047 3250 1186 3319 αὐτῇ
1237 3250 1306 3301 τά
1330 3249 1427 3317 τῆς
1471 3250 1676 3317 μητρὸς
1708 3245 1803 3299 καὶ

228 3339 338 3392 τῶν
382 3340 627 3409 ἀδελφῶν
668 3345 750 3405 είς
778 3343 1045 3412 δαπάνην,
1097 3342 1194 3413 τὴν
1243 3342 1309 3395 δι’
1333 3342 1503 3411 αὐτῆς
1554 3340 1803 3408 εὐλογίαν

233 3430 609 3500 καρπούμενα.
644 3432 839 3502 Κάμοῦ
872 3432 929 3486 δὲ
958 3435 1038 3496 είς
1076 3435 1252 3487 ἐκεϊνο
1277 3434 1339 3485 τὸ
1362 3432 1525 3503 μέρος
1547 3434 1805 3502 ἀφικνουο

236 3520 422 3585 μένου,
449 3523 511 3574 τὸ
532 3523 704 3576 νότιον
724 3523 779 3578 δέ
806 3525 903 3593 τῆς
930 3525 1199 3595 ἡμετέρας
1224 3523 1405 3594 χώρας
1431 3524 1566 3589 ἐστὶ,
1593 3525 1685 3579 καὶ¹
1707 3524 1806 3596 ἀρ-

230 3626 380 3671 τους,
413 3611 503 3662 καὶ
533 3610 773 3680 ὀπώρας,
802 3612 897 3664 καὶ
927 3613 1018 3663 τὸν
1043 3612 1329 3681 διάϐροχον
1370 3611 1579 3682 πέμπει
1611 3611 1803 3680 φακόν.

245 3701 405 3754 Ἀλλά
440 3704 598 3771 μέχρι
631 3704 757 3755 πότε
790 3702 1043 3772 μηκύνων
1081 3703 1285 3773 ταύτης
1315 3702 1414 3773 τὴν
1439 3702 1640 3773 ἀρετὴν
1667 3703 1807 3756 ᾶπα-

233 3810 334 3847 σαν
372 3792 671 3862 διηγεῖσθαι
715 3793 1023 3861 φιλονεικῶ,
1073 3792 1191 3844 δέον
1220 3794 1312 3846 καὶ
1363 3792 1473 3845 τῶν
1512 3792 1686 3845 ἄλλων
1728 3793 1808 3855 είς

236 3881 401 3951 μέσον
432 3881 744 3949 προτιθέναι
775 3882 864 3935 τὸν
894 3880 1025 3950 βίον,
1052 3880 1108 3932 αἳ
1155 3881 1249 3933 καὶ
1292 3881 1517 3950 ταύτην,
1553 3880 1807 3942 κάκείνας

231 3968 308 4025 ὧν
332 3971 566 4042 πρόσθεν
594 3971 891 4043 ἐμνήσθην,
933 3973 1300 4042 ἐμιμήσαντο;
1345 3970 1542 4024 Πολλαὶ
1573 3970 1681 4039 γὰρ
1716 3971 1808 4023 καλ⁸

233 4064 414 4128 ἄλλαι,
446 4064 501 4115 αἳ
531 4064 628 4132 μὲν
656 4064 749 4115 τὸν
781 4064 1065 4134 μοναδικὸν
1108 4063 1427 4132 ἠσπάσαντο
1476 4062 1589 4131 βίον
1610 4104 1625 4127 ,
1669 4061 1726 4114 αἶ
1752 4061 1809 4114 δὲ

232 4158 333 4227 τὴν
366 4158 499 4226 μετὰ
523 4158 779 4210 πλειόνων
808 4158 1099 4229 ἠγάπησαν
1140 4157 1432 4217 πολιτείαν,
1465 4156 1539 4219 ὼς
1560 4158 1651 4208 καὶ
1685 4171 1811 4207 πεν-

232 4250 473 4318 τήκοντα
502 4249 594 4301 καὶ
640 4248 938 4314 διακοσίας,
974 4250 1067 4302 καὶ
1118 4248 1353 4310 πλείους,
1411 4248 1503 4299 καὶ
1554 4247 1809 4308 ἐλάττους

235 4341 379 4392 κατα
403 4339 597 4391 ταυτὸν
632 4338 918 4408 βιοτεύειν,
951 4341 1080 4409 μιᾶς
1101 4338 1432 4409 ἀνεχομένας
1462 4337 1688 4408 τροφῆς,
1719 4337 1812 4391 ἐπὶ

235 4433 448 4501 ψιάθων
484 4432 643 4500 μόνον
689 4430 970 4485 καθεύδειν
1020 4429 1389 4499 αίρουμένας,
1438 4429 1533 4481 καὶ
1578 4430 1677 4490 τὰς
1714 4427 1813 4497 μὲν

238 4528 428 4598 χεῖρας
480 4524 861 4599 ἀπονεμούσας
904 4522 1056 4594 ἐρίῳ,
1110 4520 1301 4593 ὕμνοις
1333 4520 1389 4573 δὲ
1416 4520 1518 4590 τὴν
1566 4519 1811 4589 γλῶτταν
1845 4540 1889 4596 D

239 4614 592 4686 ἁφιερούσας.

315 4707 499 4778 Μυρία
523 4708 577 4759 δὲ
599 4706 822 4760 τοιαῦτα
851 4705 944 4759 καὶ
981 4703 1214 4775 ἀριθμὸν
1236 4703 1472 4757 νικῶντα
1501 4703 1814 4773 φιλοσοφίας

245 4800 364 4853 ἐστὶ
395 4800 804 4870 φροντιστήρια,
828 4798 927 4849 ούκ
954 4796 1012 4848 ἐν
1030 4798 1096 4866 τῇ
1123 4794 1369 4866 ἡμετέρα
1388 4795 1442 4847 δέ
1478 4795 1654 4864 μόνον,
1682 4794 1817 4847 ἀλλά

244 4890 342 4943 καὶ
377 4888 517 4942 κατὰ
542 4890 719 4941 πᾶσαν
750 4886 852 4957 τὴν
876 4887 1011 4941 Ἕω.
1040 4886 1152 4957 Πλή
1163 4902 1260 4956 ρης
1289 4886 1344 4938 δὲ
1364 4884 1567 4938 τούτων
1589 4885 1682 4938 καὶ
1704 4885 1816 4938 Πα-

244 4980 514 5051 λαιστίνη,
546 4979 637 5031 καὶ
669 4976 959 5045 Αἴγυπτος,
994 4977 1088 5030 καὶ
1133 4976 1309 5040 Ἀσία,
1352 4977 1444 5030 καί
1468 4976 1683 5040 Πόντος,
1723 4976 1817 5030 καὶ

245 5070 484 5141 Εὐρώπη
521 5072 689 5123 πᾶσα.
734 5068 822 5135 Ἐξ
855 5064 915 5121 οὗ
948 5068 1055 5138 γὰρ
1083 5070 1111 5120 ὁ
1134 5068 1409 5138 Δεσπότης
1452 5069 1681 5138 Χριστὸς
1720 5068 1819 5137 τὴν

252 5161 557 5232 Παρθενίαν
593 5161 849 5231 ἐτίμησεν
870 5159 975 5211 sua
1007 5158 1274 5231 παρθένου
1306 5159 1537 5228 τεχθεὶς,
1568 5160 1693 5221 τοὺς
1722 5158 1819 5228 τῆς

249 5253 542 5321 παρθενίας
563 5253 834 5323 λειμῶνας
857 5254 1074 5322 δφύσις
1102 5252 1422 5323 ἐϐλάστησε,
1442 5254 1535 5305 καὶ
1557 5255 1622 5305 τά
1646 5250 1817 5323 εὐώδη

251 5344 423 5397 ταῦτα
454 5344 546 5395 καὶ
569 5344 859 5413 ἀμάραντα
881 5345 1018 5415 ἄνθη
1042 5345 1341 5415 προσφέρει
1368 5344 1442 5414 τῷ
1476 5347 1694 5413 ποιητῇ,
1720 5344 1819 5395 οὐκ

251 5440 331 5498 εἰς
360 5436 526 5505 ἄρῤεν
560 5437 652 5487 καὶ
679 5434 811 5504 θῆλυ
845 5438 944 5505 τὴν
971 5437 1172 5507 ἀρετὴν
1200 5436 1563 5506 διακρίνουσα,
1590 5435 1711 5486 οὐδὲ
1742 5436 1819 5493 είς

252 5533 345 5584 δύο
384 5529 644 5599 ἓιαςιορὰς
683 5531 781 5597 τὴν
828 5528 1143 5597 φιλοσοςίαν
1185 5527 1509 5597 μερίζουσαο
1554 5526 1821 5593 σωμάτων

254 5625 384 5693 γὰρ,
413 5621 526 5674 ἀλλ’
560 5620 621 5672 ού
654 5618 839 5689 ψυχῶν
871 5619 930 5672 τὸ
961 5620 1233 5689 διάφορον.
1268 5637 1286 5670 ι
1334 5618 1421 5671 Ἐν
1459 5617 1568 5687 γὰρ
1604 5615 1823 5686 Χριστῷ

270 5712 443 5780 Ἰησοῦ
468 5754 482 5775 ,
529 5712 671 5765 κατά
700 5711 788 5762 τὸν
829 5711 970 5763 θεῖον
1010 5711 1348 5771 Ἀπόστολον,
1398 5710 1495 5761 οὐκ
1531 5708 1607 5761 ἔνι
1659 5708 1823 5776 ἄρσεν

260 5803 351 5855 καὶ
381 5798 520 5869 θῆλυ
544 5815 555 5826 ⁸
602 5818 618 5849 ›
669 5798 767 5867 μία
796 5798 851 5851 δέ
888 5800 979 5851 καὶ
1020 5799 1242 5870 ἀνδράσι
1275 5799 1366 5854 καὶ
1406 5796 1616 5865 γυναιᾷ
1668 5811 1821 5867 κεχο-

1830 3201 1876 3260 C

1896 1984 2110 2025 summa
2138 1980 2376 2039 egestate
2408 1971 2615 2037 vivunt,
2667 1970 3023 2043 lacrymatur,
3075 1982 3131 2025 et
3177 1973 3346 2041 luget,
3396 1985 3460 2025 ac

1897 2062 2244 2132 ingemiscit.
2315 2078 2563 2133 quaenam
2623 2078 2724 2135 pro
2773 2064 2967 2120 merito
3018 2064 3243 2119 laudare
3291 2064 3463 2132 possit

1895 2155 2118 2209 oratio?
2148 2155 2363 2211 Ardens
2392 2156 2537 2210 enim
2572 2154 2637 2212 in
2665 2157 2835 2212 Deum
2874 2171 3027 2211 amor
3060 2157 3159 2211 has
3195 2155 3336 2226 parit
3389 2155 3465 2223 la-

1895 2261 2133 2319 crymas,
2170 2258 2404 2302 mentem
2430 2248 2495 2303 ad
2530 2248 2769 2304 divinam
2804 2249 3108 2304 accendens
3130 2247 3465 2317 contempla»

1896 2339 2121 2403 tionem,
2164 2339 2509 2409 stimulisque
2538 2354 2804 2411 pungcns,
2838 2348 2892 2394 et
2916 2354 3115 2409 urgens
3150 2350 3208 2392 ut
3238 2353 3305 2391 ex
3360 2339 3466 2391 hac

1904 2430 2017 2483 vita
2060 2430 2309 2486 excedat.
2345 2431 2534 2501 Neque
2563 2431 2859 2499 vero,dum
2897 2430 2953 2485 in
2982 2430 3068 2487 bis
3105 2430 3223 2487 dies
3251 2438 3468 2486 noctes-

1896 2536 2001 2591 que
2032 2538 2091 2576 se
2124 2529 2365 2587 exercet,
2388 2521 2493 2576 alia
2528 2522 2791 2577 virtutum
2818 2536 3015 2591 genera
3064 2520 3295 2592 negligit
3328 2539 3340 2575 :
3371 2519 3468 2577 sed

1898 2626 2085 2666 curam
2121 2627 2219 2681 pro
2255 2611 2467 2668 viribus
2502 2612 2644 2682 gerit
2671 2612 3252 2681 praestantissimorum
3291 2613 3467 2668 athle—

1899 2712 2098 2766 tarum,
2129 2717 2358 2773 quorum
2414 2703 2744 2758 mentionem
2783 2701 3029 2764 fecimus.
3071 2710 3124 2759 et
3164 2719 3304 2773 quos
3328 2718 3463 2773 prte-

1899 2796 2258 2850 termisimus.
2284 2792 2485 2850 Curam
2515 2808 2704 2849 eorum
2730 2809 2948 2865 quoque
2969 2796 3129 2865 gerit,
3149 2794 3243 2865 qui
3262 2794 3326 2848 ad
3352 2794 3472 2849 illos

1900 2885 2145 2949 veniunt,
2174 2884 2317 2953 apud
2352 2883 2459 2937 vici
2500 2891 2778 2954 pastorem
2820 2885 3086 2940 diversari
3121 2900 3217 2941 cos
3249 2884 3470 2954 iubens,

1901 2984 1955 3031 et
1982 2976 2165 3031 omnia
2197 2976 2305 3031 illis
2337 2975 2643 3031 necessaria
2678 2974 3032 3029 submittens.
3066 2973 3274 3030 Praesto
3324 2975 3471 3029 enim

1904 3068 1981 3123 illi
2022 3074 2149 3124 sunt
2175 3066 2243 3121 ad
2278 3074 2528 3138 sumptus
2551 3064 2829 3122 faciendos
2883 3066 3078 3121 matris
3135 3065 3477 3137 fratrumque

1906 3158 2212 3221 facultates,
2234 3173 2355 3228 quae
2380 3173 2475 3228 per
2506 3156 2719 3228 1293
2753 3171 2872 3212 eam
2896 3157 3334 3213 benedictionem
3384 3172 3477 3212 ac-

1906 3249 2135 3319 cipiunt.
2168 3248 2312 3314 Quin
2350 3257 2403 3303 et
2430 3249 2561 3304 mihi
2590 3250 2778 3313 etiam,
2802 3263 2928 3303 cum
2991 3247 3059 3303 ad
3097 3264 3215 3304 eam
3264 3256 3474 3321 partem

1905 3342 2089 3407 venio,
2132 3354 2253 3410 qua
2272 3341 2481 3410 regioni
2530 3349 2733 3396 nostra:
2762 3340 2830 3395 ad
2866 3347 3115 3395 austrum
3144 3341 3247 3396 sita
3295 3348 3398 3405 est,
3424 3348 3479 3396 et

1904 3444 2098 3500 panes,
2144 3438 2197 3484 et
2234 3429 2467 3496 fruetus,
2505 3438 2558 3484 et
2606 3430 2809 3485 lentem
2853 3428 3219 3485 madefactam
3278 3431 3473 3485 mittit.

1908 3521 2014 3576 Sed
2033 3536 2321 3591 quousque
2358 3521 2573 3575 tandem
2598 3521 2910 3575 orationem
2939 3520 3246 3591 producens
3261 3535 3476 3576 omnem

1907 3615 2026 3686 ejus
2074 3616 2328 3669 virtutem
2387 3628 2662 3685 exponere
2708 3613 3004 3678 contendo,
3065 3627 3193 3667 cum
3246 3611 3479 3666 aliarum

1908 3720 2123 3776 quoque
2151 3704 2315 3757 vitam
2340 3696 2395 3757 iri
2429 3694 2665 3757 medium
2704 3702 2952 3773 proferre
2998 3701 3305 3767 conveniat,
3357 3716 3479 3769 qua:

1907 3796 2117 3852 ethanc
2141 3808 2196 3849 et
2214 3795 2334 3849 illas
2375 3809 2606 3864 quarum
2639 3794 2790 3863 prius
2825 3792 3195 3854 meminimus,
3258 3792 3481 3844 imitata!

1910 3894 2035 3941 sunt
2057 3886 2079 3939 t
2098 3885 2276 3940 Multa:
2301 3885 2569 3955 siquidem
2592 3883 2732 3949 alia,
2760 3884 2955 3953 partim
2982 3881 3287 3937 solitariam
3314 3880 3479 3933 vitam

1910 3985 2038 4033 sunt
2071 3977 2351 4046 amplexae,
2378 3975 2573 4045 partim
2605 3973 2811 4029 versari
2839 3988 2963 4027 cum
2991 3972 3240 4042 pluribus
3271 3971 3479 4024 malue-

1913 4075 2060 4133 runt,
2118 4068 2193 4122 ita
2251 4076 2309 4119 ut
2380 4065 2628 4120 ducenta
2692 4071 2748 4119 et
2802 4062 3219 4133 quinquaginta,
3275 4074 3367 4113 aut
3416 4074 3481 4112 eo

1912 4159 2097 4228 plures
2157 4157 2511 4226 paucioresve
2536 4170 2643 4209 una
2669 4154 2886 4225 degant,
2904 4169 3014 4208 uno
3030 4153 3156 4208 cibo
3179 4159 3480 4213 vescentes,

1914 4262 2079 4317 super
2102 4246 2296 4301 storeis
2325 4245 2457 4301 solis
2492 4243 2735 4299 dormire
2769 4243 2962 4304 solitae,
3000 4251 3055 4295 et
3088 4254 3281 4293 manus
3347 4238 3474 4308 qui-

1913 4339 2034 4393 dem
2087 4338 2323 4392 lanificio
2377 4336 2736 4404 addicentes,
2789 4335 3032 4406 linguam
3093 4347 3222 4390 vero
3267 4330 3484 4404 hymnis

1915 4436 2323 4486 εοιιεεοταηιεε.

1992 4702 2218 4757 Exstant
2245 4710 2423 4755 autem
2466 4699 2678 4753 infinita
2723 4710 3123 4764 numerumque
3171 4694 3485 4749 excedentia

1924 4793 2232 4848 istiusmodi
2267 4788 2621 4860 philosOphize
2643 4786 2951 4858 gymnasia,
2988 4800 3097 4840 non
3148 4784 3201 4836 in
3260 4782 3481 4851 regione

1924 4903 2109 4949 nostra
2127 4900 2356 4954 tantum,
2381 4889 2473 4945 sed
2501 4904 2597 4959 per
2615 4894 2788 4943 totum
2805 4886 2967 4941 etiam
2993 4883 3291 4939 Orientem.
3326 4880 3489 4935 Plena

1923 4988 2044 5043 istis
2079 4995 2129 5040 et
2158 4983 2464 5045 Palaestina,
2499 4991 2555 5037 et
2587 4980 2876 5053 Egyptus,
2902 4987 2956 5034 et
2987 4980 3004 5000 ⁶
3039 4977 3189 5042 Asia,
3235 4985 3289 5030 et
3347 4974 3489 5028 Pon-

1918 5085 2035 5141 tus,
2070 5087 2121 5131 et
2157 5074 2372 5144 EurOpa
2408 5073 2683 5127 universa.
2738 5069 2813 5123 Ex
2873 5083 2984 5138 quo
3037 5067 3181 5121 enim
3240 5065 3492 5120 Christus

1927 5166 2184 5222 Dominus
2208 5164 2274 5218 de
2300 5161 2523 5233 Virgine
2549 5175 2783 5217 nascens
2800 5158 3163 5228 virginitatem
3184 5155 3489 5216 honoravit,

1925 5255 2257 5325 virginitatis
2307 5263 2461 5325 prata
2506 5260 2699 5307 natura
2763 5249 3040 5321 produxit,
3095 5254 3149 5301 et
3187 5245 3492 5300 odoriferos

1929 5347 2063 5400 istos
2130 5360 2227 5399 nec
2298 5357 2538 5412 unquam
2602 5348 3008 5394 marcescentes
3062 5334 3224 5390 ﬂores
3280 5333 3491 5404 profert

1928 5437 2196 5499 Creatori,
2227 5434 2647 5504 haudquaquam
2690 5431 2743 5485 iu
2778 5428 3082 5484 masculum
3129 5436 3181 5482 et
3236 5424 3491 5479 feminam

1930 5528 2183 5582 virtutem
2222 5526 2581 5593 distinguens,
2630 5535 2808 5587 neque
2859 5519 2913 5571 in
2970 5518 3107 5571 duas
3162 5512 3496 5569 ditTerentias

1931 5618 2171 5689 partiens
2197 5613 2618 5684 philosophiam.
2644 5613 2950 5679 Corporum
3007 5609 3175 5668 enim,
3220 5622 3327 5661 non
3373 5606 3492 5658 ani-

1933 5720 2143 5759 marum
2189 5718 2273 5759 est
2304 5704 2630 5757 diﬂcrentia.
2669 5720 2685 5752 ι
2749 5700 2802 5753 In
2870 5698 3093 5753 Christo
3146 5697 3289 5751 enim
3342 5693 3493 5755 Jesu.

1932 5798 2075 5851 sicut
2119 5796 2334 5851 δίτὶιιιιε
2371 5796 2442 5847 ait
2498 5793 2813 5863 Apostolus,
2886 5807 2989 5847 non
3048 5798 3132 5845 est
3196 5787 3494 5851 masculus,
