4216 6456
729 406 863 470 1495

1708 415 2193 477 ΤΙΙΕΟΟΟΗΕΤΙ
2234 419 2573 479 EPISCOPI
2612 421 2977 482 CYRENSIS

3844 420 3980 488 1496

726 536 904 589 neque
939 522 1137 577 ietnina
1163 533 1205 575 ι.
1248 543 1264 574 ι
1300 521 1417 577 Una
1442 535 1619 579 autem
1643 537 1693 580 et
1735 531 1862 583 τίνες
1892 537 1944 583 et
1970 532 2290 586 mulieribus

2406 533 2639 604 ρήγηται
2675 535 2874 599 πίστις.
2914 556 2931 586 ς
2972 529 3066 597 Εἷς
3112 536 3220 608 γὰρ
3264 538 3501 607 Κύριος,
3547 537 3645 608 μία
3684 538 3884 601 πίστις,
3922 538 3983 590 ἒν

723 614 926 664 donata
955 622 1038 667 est
1080 616 1228 668 lidcs.
1271 633 1289 666 ι
1335 616 1485 671 Unus
1516 620 1658 672 enim
1697 622 2103 687 Dnminus,uua
2139 623 2293 686 ﬁdes,

724 720 892 756 unum
930 705 1221 775 baptisma.
1265 706 1418 763 Unus
1441 709 1585 765 Deus
1616 723 1667 766 et
1698 712 1859 767 Pater
1890 717 2155 780 omnium,
2207 718 2296 786 qtti

721 802 805 847 est
834 808 1000 862 Super
1017 810 1232 863 omnes,
1258 804 1312 853 et
1340 813 1438 868 per
1476 801 1686 872 1294
1705 805 1911 863 omnia,
1941 814 1993 859 et
2045 807 2097 858 in
2130 810 2299 859 omni-

720 886 843 938 bus.
871 885 1177 956 Unicuique
1205 897 1385 945 autem
1417 901 1666 946 nostrum
1695 895 1821 949 data
1847 907 1931 950 est
1974 897 2149 966 gratia
2206 914 2296 953 se-

718 976 961 1029 cundum
1007 993 1320 1034 mensuram
1379 982 1693 1038 donationis
1745 986 2012 1043 Christi'.
2056 1008 2072 1039 »
2114 988 2294 1043 Unum

664 1070 667 1073 '
717 1068 878 1119 etiam
913 1085 1137 1140 regnum
1165 1073 1427 1129 cmlorum
1482 1075 1781 1131 victoribus
1827 1083 2110 1148 proposuit
2168 1097 2295 1151 ago-

719 1160 977 1225 notheta,
1043 1177 1340 1219 commune
1402 1165 1508 1221 hoc
1566 1169 1848 1237 praemium
1903 1173 2296 1227 certaminibus

718 1253 1081 1309 constituens.
1115 1254 1296 1311 Multa:
1324 1258 1510 1326 igitur,
1566 1271 1621 1313 ut
1667 1260 1803 1327 dixi,
1863 1270 1917 1317 et
1964 1264 2205 1318 virorum
2242 1273 2296 1319 et

718 1341 1047 1398 feminarum
1081 1347 1348 1417 palazstra:
1394 1358 1525 1404 sunt
1561 1350 1804 1420 pietatis,
1838 1370 1945 1408 non
1996 1355 2140 1426 apud
2195 1371 2296 1412 nos

717 1439 1117 1502 tantummodo,
1150 1444 1338 1496 verum
1365 1442 1529 1498 etiam
1556 1445 1612 1500 in
1645 1445 1804 1516 Syria
1838 1448 2116 1512 universa,
2152 1456 2205 1504 et
2240 1449 2292 1503 in

714 1525 1028 1594 Palaestina,
1083 1539 1136 1584 et
1191 1531 1246 1585 in
1307 1533 1520 1600 Cilicia,
1557 1546 1609 1591 et
1670 1538 1726 1592 in
1768 1538 2181 1610 Mesbpotamia.
2237 1540 2294 1595 In

716 1614 954 1685 :Egypto
981 1634 1112 1674 vero
1138 1618 1319 1675 ferunt
1346 1622 1593 1692 quaedam
1626 1641 1747 1681 esse
1772 1627 2130 1687 monasteria.
2167 1644 2291 1699 quae

714 1708 955 1763 virorum
984 1711 1221 1767 habeant
1244 1713 1311 1770 ad
1346 1717 1588 1788 quinque
1633 1718 1825 1786 millia,
1886 1734 2024 1790 opus
2085 1719 2295 1775 facien-

712 1800 872 1867 tium,
924 1800 1203 1873 Deumque
1258 1805 1464 1866 interea
1513 1808 1879 1878 laudantium,
1934 1813 2026 1882 qui
2071 1813 2293 1883 Opiﬁcio

715 1908 816 1944 suo
844 1909 950 1947 non
990 1896 1164 1951 solum
1225 1900 1429 1955 victum
1482 1914 1675 1972 parant
1735 1906 2132 1969 necessarium,
2197 1908 2289 1962 sed

716 1986 1017 2054 peregrinis
1066 1989 1229 2043 etiam
1264 1992 1662 2063 egentibusque
1709 1994 2061 2051 subveniunt.
2091 1995 2290 2051 Verum

714 2079 896 2133 unmia
933 2096 1213 2149 enarrare,
1251 2101 1359 2140 non
1391 2087 1522 2143 mihi
1556 2096 1789 2154 tantum,
1817 2089 1910 2144 sed
1943 2102 1996 2145 et
2034 2092 2290 2145 omnibus

712 2168 996 2228 historicis
1020 2176 1359 2247 impossibile
1378 2179 1561 2235 fuerit.
1588 2181 1744 2247 Quod
1768 2182 1812 2235 si
1838 2184 2098 2253 possibile
2122 2184 2284 2248 foret,

710 2280 1182 2337 Supervacaneum
1219 2277 1403 2326 tamen
1432 2271 1676 2326 futurum
1711 2282 1983 2343 putarem,
2042 2284 2288 2330 ostenta—

710 2361 1025 2432 tionemque
1067 2362 1217 2417 omni
1280 2363 1462 2418 [ructu
1517 2365 1839 2420 carituram.
1882 2365 1952 2421 lis
1994 2367 2138 2421 enim
2192 2366 2286 2437 qui

707 2452 1001 2508 utilitatem
1029 2454 1267 2523 aliquam
1306 2472 1501 2527 capere
1547 2458 1801 2528 cupiunt,
1857 2458 2134 2514 sniiiciunt
2168 2474 2288 2530 qua:

706 2546 855 2600 dicta
882 2553 1032 2612 sunt,
1060 2553 1118 2600 ut
1150 2548 1259 2602 voti
1290 2558 1573 2619 compotes
1608 2551 1760 2604 ﬁant.
1787 2551 1995 2606 Idcirco
2018 2552 2163 2606 enim
2198 2552 2287 2606 di-

705 2652 897 2693 versas
928 2638 1069 2694 vitas
1099 2640 1475 2710 exposuimus,
1507 2651 1562 2697 et
1584 2641 1911 2699 feminarum
1942 2643 2287 2699 narrationes

705 2731 771 2784 ad
807 2747 903 2786 eas
933 2746 1053 2801 qua:
1088 2732 1331 2787 virorum
1364 2747 1523 2789 erant
1552 2735 1877 2805 adjecimus,
1933 2746 1989 2790 ut
2045 2736 2287 2791 habeant

704 2831 759 2874 ct
783 2838 965 2888 senes,
994 2831 1047 2877 et
1071 2823 1323 2892 juvenes,
1358 2836 1409 2880 et
1431 2824 1665 2894 feminte,
1686 2828 2023 2897 exemplaria
2050 2827 2287 2896 philoso-

705 2912 867 2979 pltite,
922 2924 1243 2983 gratamque
1296 2916 1403 2971 sibi
1452 2918 1689 2987 quisque
1742 2920 1908 2974 vitam
1963 2921 2278 2992 exprimens

702 3009 826 3062 vitae
853 3024 966 3063 sua:
988 3010 1231 3080 regulam
1251 3025 1314 3065 ac
1345 3024 1594 3066 normam
1648 3012 1845 3068 habeat
1873 3029 1992 3069 eam
2049 3030 2171 3084 quae
2230 3015 2285 3068 in

706 3100 1026 3156 narratione
1053 3102 1386 3156 continetur.
1443 3101 1505 3157 Et
1539 3104 1997 3174 quemadmodum
2044 3106 2286 3177 pictores

704 3194 761 3247 in
785 3193 1142 3264 archetypum
1169 3194 1466 3261 intuentes,
1491 3206 1545 3251 et
1564 3196 1756 3253 oculos
1778 3196 2080 3263 imitantur,
2109 3211 2163 3252 et
2190 3213 2286 3252 na-
2314 3227 2357 3289 ο

701 3301 844 3351 sum,
879 3292 933 3340 et
958 3299 1038 3353 os,
1057 3297 1109 3341 et
1123 3301 1312 3358 genas,
1341 3295 1394 3343 et
1417 3302 1598 3355 aures,
1629 3297 1682 3344 et
1705 3288 1911 3353 vultus,
1942 3297 1994 3344 et
2025 3289 2174 3359 ipsos
2197 3306 2287 3345 ca-

701 3378 830 3446 pitis
860 3377 1149 3449 barbaaque
1167 3379 1329 3449 pilos,
1372 3393 1436 3434 ac
1476 3389 1740 3450 praeterea
1764 3381 2068 3437 sessionem
2090 3396 2154 3436 ac
2178 3391 2291 3438 sta-

699 3469 932 3531 tionem,
950 3478 1006 3523 et
1023 3477 1213 3538 gestus
1229 3469 1380 3540 ipsos
1393 3471 1676 3526 oculorum
1696 3471 1778 3527 vel
1798 3470 2023 3538 hilares,
2038 3472 2119 3527 vel
2139 3473 2290 3527 terri-

699 3559 869 3614 biles:
893 3559 1105 3630 1295
1127 3560 1205 3615 sic
1222 3576 1411 3615 eorum
1433 3562 1525 3632 qui
1546 3563 1899 3633 scriptionem
1927 3564 2069 3618 hanc
2097 3566 2282 3634 legunt

701 3666 1148 3722 unumquemque
1169 3662 1399 3723 oportet,
1419 3653 1512 3709 ubi
1536 3654 1698 3708 vitam
1713 3654 2285 3726 aliquamimitandam

700 3743 805 3798 sibi
844 3744 1211 3813 proposuerit,
1233 3745 1300 3799 ad
1327 3745 1475 3800 illam
1501 3762 1667 3816 quam
1697 3746 1899 3817 delegit
1917 3763 2075 3803 suam
2098 3748 2275 3817 ipsius

703 3837 1074 3892 conformare.
1101 3836 1167 3891 Et
1192 3838 1652 3909 quemadmodum
1671 3838 1812 3894 fabri
1838 3840 1931 3909 qui
1948 3840 2285 3895 adamussim

704 3927 921 3982 tabulas
967 3928 1251 3999 dirigunt,
1300 3944 1368 3984 eo
1406 3946 1581 4001 usque
1614 3931 1893 4000 superﬂua
1946 3930 2285 3998 detrahunt,

702 4020 885 4088 quoad
914 4022 1180 4090 apposita:
1202 4022 1405 4093 regulae
1428 4024 1745 4078 consentire
1772 4023 2010 4076 tabulam
2041 4023 2281 4077 videant:

703 4112 784 4166 sic
809 4111 960 4165 illum
991 4120 1245 4182 oportet,
1276 4115 1370 4185 qui
1408 4116 1577 4169 vitam
1606 4115 1849 4186 aliquam
1884 4114 2084 4169 imitari
2116 4115 2285 4181 velit,

701 4218 823 4256 eam
872 4204 975 4259 sibi
1022 4207 1225 4276 regulae
1261 4208 1382 4263 loco
1413 4209 1723 4278 applicare,
1757 4223 1821 4262 ac
1859 4191 1978 4262 vitii
2016 4207 2163 4277 quod
2197 4223 2283 4262 re-

704 4296 917 4351 dundat
945 4305 1232 4367 amputare
1251 4340 1266 4366 ,
1296 4308 1353 4355 et
1369 4300 1590 4356 virtutis
1617 4315 1739 4372 qua!
1761 4300 1963 4355 desunt
1988 4316 2284 4370 apponere.

703 4383 817 4439 llac
845 4386 990 4440 enim
1012 4387 1078 4442 de
1096 4402 1263 4443 causa
1292 4389 1612 4459 scriptionis
1640 4391 1885 4447 laborem
1911 4392 2281 4463 suscepimus,

703 4477 961 4533 utilitatis
1012 4481 1362 4536 occasionem
1394 4481 1463 4539 iis
1505 4484 1600 4552 qui
1653 4484 1836 4537 volent
1891 4492 2280 4553 proponentes.

2404 624 2704 696 βάπτισμα·
2741 623 2820 689 εἷς
2852 628 2985 692 Θεὸς
3015 629 3107 681 καὶ
3138 628 3325 699 Πατὴρ
3374 628 3610 692 πάντων,
3657 630 3685 682 ὁ
3725 630 3817 681 ἐπὶ
3844 629 3983 682 πάν-

2400 734 2528 782 των,
2564 720 2657 771 καὶ
2703 718 2790 772 διὰ
2843 720 3080 784 πάντων,
3124 721 3217 773 καὶ
3268 723 3326 774 ἐν
3359 721 3522 773 πᾶσιν
3557 722 3723 790 ἡμῖν·
3764 721 3859 773 καὶ
3902 722 3985 773 ἐνὶ

2402 812 2616 882 ἑκάστῳ
2643 815 2675 882 ἡ
2687 813 2802 883 μῶν
2831 810 2987 882 ἐδόθη
3013 814 3043 882 ἡ
3074 812 3236 883 χάρις
3267 811 3407 865 κατά
3440 813 3499 864 τὸ
3529 812 3724 882 μέτρον
3756 812 3856 881 τῆς
3880 812 3985 864 δω-

2402 901 2529 974 ρεᾶς
2552 903 2644 956 τοῦ
2679 900 2931 975 Χριστοῦ.
2967 923 2984 954 ι
3018 904 3163 956 Μίαν
3192 903 3250 957 δὲ
3298 904 3393 956 καὶ
3428 902 3702 973 βασιλείαν
3731 901 3981 973 οὐρανῶν

2398 994 2743 1064 ἀγωνοθέτης
2772 998 2883 1057 τοῖς
2909 996 3223 1065 νικηφόροις
3250 994 3607 1066 προτέθηκεν,
3640 987 3801 1047 ἆθλον
3822 994 3984 1046 τοῦτο

2400 1087 2575 1137 κοινὸν
2610 1088 2722 1149 τοῖς
2748 1085 2958 1155 ἀγῶσιν
2994 1086 3205 1156 ὁρίσας.
3246 1085 3449 1138 Πολλαὶ
3489 1085 3688 1149 τοίνυν,
3715 1085 3791 1147 ὡς
3817 1084 3979 1154 ἔφην,

2398 1180 2492 1233 καὶ
2513 1180 2725 1250 ἀνδρῶν
2758 1181 2863 1233 εἰσι
2892 1180 2986 1232 καὶ
3019 1180 3289 1247 γυναικῶν
3314 1178 3595 1241 εὐσεϐείας
3623 1177 3979 1248 παλαίστραι,

2396 1270 2455 1323 οὐ
2498 1272 2628 1342 παρ’
2657 1272 2788 1341 ἡμῖν
2825 1270 3006 1341 μόνον,
3035 1270 3168 1323 ἀλλά
3206 1270 3300 1325 καὶ
3331 1272 3389 1323 ἐν
3412 1270 3580 1341 Συρίᾳ
3600 1270 3771 1342 πάσῃ,⁸
3805 1269 3901 1322 καὶ
3922 1271 3983 1321 ἐν

2397 1363 2755 1435 Παλαιστίνῃ,
2781 1364 2875 1418 καὶ
2910 1365 2967 1417 ἐν
3002 1363 3246 1435 Κιλικίᾳ,
3278 1363 3372 1417 καὶ
3399 1365 3457 1417 ἐν
3483 1365 3550 1433 τῇ
3583 1362 3719 1433 μέσῃ
3748 1360 3857 1413 τῶν
3884 1378 3984 1417 πο-

2395 1454 2585 1524 ταμῶν
2606 1471 2618 1485 ο
2654 1457 2711 1507 ἐν
2738 1454 3000 1525 Αἰγύπτῳ
3034 1455 3089 1508 δέ
3128 1472 3258 1523 φασι
3289 1455 3384 1508 καὶ
3408 1454 3511 1508 ἀνὰ
3542 1454 3699 1506 πέντε
3734 1453 3984 1523 χιλιάδας

2396 1546 2605 1618 ἀνδρῶν
2647 1547 2791 1618 ἔχειν
2832 1547 2949 1601 ἔνια
2990 1548 3381 1618 φροντιστήρια
3423 1546 3845 1616 ἐργαζομένων,
3884 1546 3983 1599 καὶ

2398 1638 2600 1710 μεταξὺ
2625 1641 2720 1692 τὸν
2743 1642 3018 1711 Δεσπότην
3042 1640 3425 1710 ἀνυμνούντων
3447 1655 3459 1667 '
3486 1639 3579 1691 καὶ
3605 1638 3664 1690 οὗ
3698 1638 3858 1706 μόνον
3880 1638 3982 1708 τὴν

2396 1731 2703 1798 ἀναγκαίαν
2738 1733 2801 1784 ἐκ
2835 1731 2943 1784 τῶν
2975 1731 3150 1802 ἔργων
3184 1730 3560 1802 ποριζομένων
3588 1728 3814 1799 τροφὴν,
3842 1727 3982 1781 ἀλλὰ

2396 1823 2490 1876 καὶ
2518 1822 2687 1886 ξένοις
2718 1823 3136 1892 ἀφικνουμένοις
3159 1822 3251 1875 καὶ
3281 1820 3602 1890 πενομένοις
3626 1817 3983 1889 ἐπικουρούν-

2394 1934 2521 1969 των.
2565 1915 2725 1967 Ἀλλὰ
2757 1900 2939 1967 πάντα,
2959 1912 3287 1982 διηγεῖσθαι,
3322 1912 3423 1965 οὐκ
3453 1911 3579 1979 ἐμοὶ
3621 1911 3803 1981 μόνον,
3842 1908 3983 1962 ἀλλὰ

2393 2006 2489 2060 καὶ
2527 2008 2660 2059 πᾶσι
2690 2004 3103 2075 συγγραφεῦσιν
3137 2004 3416 2059 ἀδύνατον,
3449 2003 3514 2055 Εἰ
3545 2002 3601 2055 δέ
3634 2002 3726 2054 καὶ
3754 2002 3984 2055 δυνατὸν

2390 2095 2478 2169 ἦν,
2520 2099 2792 2170 παρέλκον
2849 2098 2987 2151 εἶναι
3035 2099 3261 2168 νομίζω,
3325 2096 3418 2150 καὶ
3476 2094 3786 2165 φιλοτιμίαν
3825 2093 3983 2148 οὐδὲν

2391 2190 2619 2261 ἔχουσαν
2649 2191 2858 2262 κέρδος.
2888 2191 3009 2254 Τοῖς
3045 2190 3154 2259 γὰρ
3178 2188 3363 2259 ὄνησίν
3394 2204 3515 2240 τινα
3535 2186 3828 2257 δρέπεσθαι
3855 2186 3983 2256 βουο

2390 2281 2636 2351 λομένοις
2662 2281 2879 2351 ἀπόχρη
2910 2281 3005 2334 καὶ
3032 2281 3098 2333 τὰ
3128 2279 3397 2350 εἰρημένα
3443 2279 3747 2350 παρασχεῖν
3788 2276 3849 2328 τὸ
3880 2292 3983 2328 πο-

2389 2372 2671 2443 θούμενον.
2699 2372 2902 2425 Τούτου
2931 2373 3039 2443 γάρ
3078 2373 3263 2437 ἕνεκα,
3301 2372 3395 2423 καὶ
3423 2369 3693 2438 διαφόρων
3734 2369 3981 2439 ἐμνημο-

2388 2463 2659 2535 νεύσαμεν
2717 2464 2867 2535 βίων,
2912 2464 3005 2516 καὶ
3050 2461 3324 2531 γυναικῶν
3358 2462 3673 2531 διηγήματα
3708 2462 3818 2523 τοῖς
3864 2458 3980 2512 τῶν

2389 2556 2597 2628 ἀνδρῶν
2623 2556 3114 2627 προστεθείκαμεν,
3141 2555 3206 2608 ἵν’
3224 2553 3385 2624 ἔχωσι
3408 2553 3503 2606 καὶ
3531 2552 3855 2624 πρεσϐύται,
3882 2552 3980 2604 καὶ

2388 2647 2520 2713 νέοι,
2553 2647 2645 2699 καὶ
2691 2648 2969 2715 γυναῖκες,
3029 2645 3347 2714 φιλοσοφίας
3398 2644 3682 2716 ἀρχέτυπα
3708 2660 3721 2673 ·
3754 2644 3849 2696 καὶ
3882 2642 3980 2695 τὸν

2388 2739 2726 2810 καταθύμιον
2752 2740 2981 2801 ἕκαστος
3016 2737 3422 2809 ἐκματτόμενος
3466 2736 3604 2807 βίον,
3631 2736 3730 2807 ἔχῃ
3772 2734 3979 2788 κανόνα

2386 2832 2506 2885 τινὰ
2544 2832 2637 2897 καί⁸
2662 2832 2917 2902 γνώμονα
2960 2830 3055 2883 τοῦ
3083 2830 3306 2895 οἰκείου,
3340 2829 3432 2885 τδν
3466 2833 3523 2884 ἐν
3558 2829 3635 2899 τῷ
3674 2830 3977 2899 διηγήματι

2388 2924 2659 2995 κείμενον.
2690 2925 2796 2978 Καὶ
2824 2924 3072 2995 καθάπερ
3093 2926 3139 2976 οἱ
3169 2923 3449 2992 ζωγράφοι
3475 2922 3554 2986 είς
3580 2922 3640 2975 τὸ
3664 2922 3979 2992 ἀρχέτυπον

2387 3017 2717 3087 ἀφορῶντες,
2750 3016 2844 3068 καὶ
2880 3015 3194 3085 ὀφθαλμοὺς
3224 3013 3633 3084 ἀπομιμοῦνται
3653 3055 3667 3079 ,
3704 3014 3798 3066 καὶ
3828 3014 3976 3082 ῥῖνα,

2388 3108 2483 3161 καὶ
2512 3109 2705 3177 στόμα,
2740 3109 2833 3160 καὶ
2862 3106 3114 3178 παρειὰς,
3145 3107 3241 3159 καὶ
3268 3100 3407 3171 ὦτα,
3438 3106 3533 3159 καὶ
3577 3105 3827 3175 μέτωπα,
3880 3104 3976 3158 καὶ

2389 3199 2558 3262 αὑτὰς
2586 3200 2684 3268 τῆς
2706 3198 2946 3267 κεφαλῆς
2970 3198 3063 3251 καὶ
3094 3196 3186 3250 τοῦ
3216 3196 3424 3266 γενείου
3451 3196 3550 3260 τὰς
3592 3195 3797 3266 τρίχας’
3834 3196 3974 3265 πρὸς

2388 3291 2597 3355 τούτοις
2626 3293 2682 3345 δὲ
2703 3294 2798 3344 καὶ
2825 3291 3114 3363 καθέδραν,
3142 3291 3234 3344 καὶ
3257 3289 3470 3350 στάσιν,
3497 3289 3591 3343 καὶ
3616 3287 3753 3340 αὐτὰ
3788 3287 3971 3356 μέντοι

2388 3384 2496 3438 τῶν
2525 3382 2818 3454 ὀφθαλμῶν
2869 3382 2938 3435 τά
2987 3380 3118 3452 ἢθη,
3156 3381 3264 3433 εἴτε
3299 3379 3540 3451 χαροπὰ,
3589 3377 3699 3430 εἴτε
3734 3378 3973 3447 βλοσυρα

2343 3464 2347 3472 λ
2390 3476 2477 3548 εἴη
2498 3493 2511 3507 ο
2548 3474 2689 3529 οὕτω
2726 3478 2994 3548 προσήκει
3020 3474 3114 3527 καὶ
3147 3474 3253 3526 τῶν
3276 3471 3715 3542 ἐντυγχανόντων
3741 3470 3979 3522 ἕκαστον

2389 3570 2515 3642 τῇδε
2537 3572 2607 3640 τῇ
2642 3571 2960 3639 συγγραφῇ,
2986 3567 3100 3636 βίον
3134 3565 3257 3619 τινὰ
3293 3565 3576 3637 μιμεῖσθαι
3607 3562 3981 3633 προαιρούμε-

2389 3679 2500 3725 νον,
2532 3663 2666 3733 πρὸς
2695 3663 2902 3715 ἐκεῖνον
2928 3660 2987 3713 ὃν
3025 3660 3373 3729 προαιρεῖται
3408 3657 3499 3710 τὸν
3545 3658 3741 3708 οἰκεῖον
3778 3653 3979 3725 ῥυθμί-

2387 3752 2522 3817 ζειν.
2554 3752 2664 3805 Καὶ
2694 3752 2883 3823 ὥσπερ
2914 3751 2964 3804 οί
2985 3751 3233 3813 τέκτονες
3260 3752 3325 3820 τῇ
3360 3750 3571 3819 σπαρτῇ
3615 3747 3714 3809 τὰς
3751 3746 3973 3808 σανίδας

2389 3841 2810 3905 ἀπευθύνοντες,
2846 3840 3008 3912 μέχρι
3038 3838 3298 3893 τοσούτου
3324 3839 3383 3891 τὸ
3414 3835 3667 3905 περιττὴν
3706 3826 3974 3904 ἀφαιροῦ-

2391 3950 2495 3997 σιν,
2524 3933 2630 3997 ’έως
2662 3933 2730 3987 ἂν
2758 3932 2849 3985 τὸν
2878 3932 3076 3985 κανόνα
3116 3929 3474 4002 παραθέντες,
3508 3928 3627 3996 ἴσην
3668 3925 3973 3995 γενομένην

2387 4022 2487 4093 τὴν
2517 4022 2706 4076 σανίδα
2732 4022 3031 4076 θεάσωνται
3057 4038 3070 4052 ·
3111 4019 3255 4073 οὕτω
3285 4019 3340 4072 δέ
3375 4018 3465 4071 τὸν
3499 4016 3693 4087 ζηλοῦν
3713 4033 3834 4068 τινα
3862 4014 3982 4082 βίον

2390 4114 2735 4185 βουλόμενον,
2768 4113 2947 4183 ἐαυτῷ
2970 4111 3159 4165 τοῦτον
3180 4110 3299 4165 ἀντὶ
3334 4108 3555 4171 κανόνος
3587 4108 3972 4179 παρατιθέναι,

2389 4203 2483 4257 καὶ
2514 4202 2612 4272 τῆς
2634 4220 2694 4254 τε
2724 4202 2922 4265 κακίας
2948 4201 3285 4255 ἀποκόπτειν
3318 4200 3379 4252 τὸ
3418 4196 3673 4269 περιττὸν
3695 4235 3709 4259 ,
3748 4197 3843 4249 καὶ
3874 4196 3975 4263 τῆς

2388 4296 2589 4367 ἀρετῆς
2638 4292 2985 4364 ἀναπληροῦν
3028 4293 3165 4346 ᾶττα
3218 4290 3551 4343 ἐλλείποντα.
3589 4288 3809 4351 ,Τούτου
3865 4286 3976 4357 γὰρ

2389 4388 2573 4440 εἵνεκα
2605 4386 2701 4440 καὶ
2730 4386 2819 4439 τὸν
2849 4385 2947 4454 τῆς
2997 4384 3320 4454 συγγραφῆς
3369 4378 3739 4449 ἀνεδεξάμεθα
3785 4377 3973 4437 πόνον,

2389 4478 2658 4549 ὠφελείας
2708 4476 2963 4548 ἀφορμὴν
3015 4474 3363 4545 προτιθέντες
3432 4474 3545 4536 τοῖς
3593 4469 3970 4540 βουλομένοις·

704 4569 815 4624 ()ro
864 4577 1047 4623 autem
1096 4570 1375 4637 lectores,
1426 4573 1519 4642 qui
1564 4574 1797 4628 aliorum
1842 4574 2124 4629 laboribus
2172 4575 2290 4629 sine

2395 4570 2533 4637 ἀξιῶ
2557 4570 2614 4623 δὲ
2644 4569 2770 4631 τοὺς
2795 4566 3231 4636 ἐντευξομένους,
3258 4566 3370 4628 τοῖς
3401 4563 3603 4634 ἐτέρων
3633 4562 3817 4624 πόνοις
3839 4561 3975 4615 ἀπό-

704 4660 897 4714 lahore
954 4660 1240 4727 fruuntur,
1295 4669 1357 4717 ut
1404 4663 1688 4721 laboribus
1731 4680 1924 4735 preces
1964 4664 2287 4734 rependant.

707 4751 882 4806 Simul
923 4759 977 4807 et
1031 4753 1155 4808 illos
1193 4769 1415 4825 precor,
1458 4771 1696 4827 quorum
1728 4758 1896 4812 vitam
1944 4759 2287 4827 conscripsi,

706 4859 776 4897 ne
833 4858 918 4897 me
972 4845 1237 4914 procula
1276 4847 1507 4917 spiritali
1561 4864 1753 4904 eorum
1808 4848 2010 4904 chorea
2047 4850 2287 4920 positum

704 4934 1049 5003 tleSpiciant,
1112 4939 1207 4993 sed
1266 4938 1411 4993 infra
1460 4940 1735 5009 jaoentem
1804 4941 2056 5006 trahant,
2115 4950 2169 4995 et
2220 4940 2288 4995 ad

706 5026 924 5079 culmen
953 5027 1177 5083 virtutis
1223 5029 1564 5098 perducant,
1605 5031 1890 5101 choroque
1943 5046 2047 5085 suo
2088 5030 2288 5100 adjun-

704 5124 835 5186 gant
855 5156 873 5183 ,
908 5126 967 5172 ut
996 5134 1104 5173 non
1137 5119 1347 5177 alienas
1379 5122 1558 5178 solum
1586 5138 1722 5193 opes
1754 5122 1969 5177 laudem
1992 5164 2007 5189 ,
2038 5123 2135 5177 sed
2171 5123 2286 5192 ipse

706 5208 871 5263 etiam
922 5209 1099 5265 laudis
1131 5213 1416 5267 materiam
1462 5214 1701 5284 aliquam
1731 5230 2064 5285 consequar,
2098 5231 2282 5285 opere,

711 5297 921 5364 verbis,
977 5309 1031 5353 et
1079 5310 1262 5357 mente
1294 5302 1617 5373 gloriﬁcans
1662 5304 2049 5360 universorum
2084 5305 2285 5360 Serva-

709 5400 880 5445 torem
924 5391 1240 5459 Christum,
1276 5394 1444 5450 Deum
1499 5404 1787 5463 nostrutu,
1841 5412 1966 5451 cum
2000 5413 2109 5467 quo
2137 5397 2281 5453 Patri

707 5484 879 5553 gloria
900 5494 1211 5558 etsemper,
1237 5497 1291 5543 et
1320 5490 1373 5543 in
1399 5490 1599 5545 s.ecula
1633 5491 1983 5546 saeculorum.
2011 5493 2207 5545 Αιιιοιι.

780 5759 805 5791 ’-
830 5748 1003 5808 Galut.
1035 5770 1114 5821 tu,
1146 5756 1235 5809 28.
1320 5770 1342 5797 ιι
1378 5756 1575 5829 Epltes.
1604 5772 1674 5823 tv,
1710 5758 1762 5822 5,
1796 5759 1847 5812 6.

2395 4678 2499 4724 νως
2532 4659 2932 4731 ἐντρυφῶντας,
2955 4658 3234 4728 προσευχῇ
3256 4655 3381 4717 τοὺς
3401 4653 3595 4716 πόνους
3614 4650 3970 4721 ἀμείψασθαι.

2403 4750 2655 4804 Ἱκετεύω
2688 4749 2743 4803 δὲ
2774 4750 2864 4801 καὶ
2884 4748 3127 4809 τούτους,
3156 4738 3230 4798 ὧν
3253 4743 3343 4796 τὸν
3371 4742 3487 4813 βίον
3520 4739 3971 4810 συνεγραψάμην,

2396 4841 2476 4913 μὴ
2506 4842 2769 4913 περιιδεῖν
2802 4857 2870 4911 με
2906 4827 3096 4910 πόρρω
3130 4839 3227 4907 τῆς
3253 4833 3629 4904 πνευματικῆς
3674 4830 3855 4883 αὐτῶν
3884 4847 3975 4899 χοε

2396 4934 2545 5004 ρείας
2576 4932 2852 4999 διάγοντα,
2889 4930 3002 4984 ἀλλ’
3034 4926 3329 4983 ἀνελκύσαι
3372 4925 3525 4978 κάτω
3559 4920 3837 4991 κείμενον,
3874 4920 3975 4975 καὶ

2393 5023 2529 5095 πρὸς
2559 5025 2621 5078 τὸ
2671 5023 2803 5093 ὕψος
2850 5022 2947 5088 τῆς
3000 5020 3202 5093 ἀρετῆς
3239 5017 3554 5085 ἀναγαγεῖν,
3592 5014 3684 5066 καὶ
3726 5012 3807 5081 τῷ
3854 5012 3973 5081 ἰδίῳ

2390 5116 2537 5187 χορῷ
2565 5115 2833 5185 συνάψαι·
2874 5113 2949 5177 ὡς
2979 5113 3044 5169 ἀν
3072 5116 3144 5184 μὴ
3179 5110 3339 5180 μόνον
3369 5105 3671 5177 εὐφημοίην
3698 5102 3788 5156 τὸν
3812 5102 3975 5157 ἀλλά·

2389 5226 2538 5280 τριον
2572 5206 2822 5271 πλοῦτον,
2856 5205 2992 5260 ἀλλὰ
3018 5205 3110 5258 καὶ
3136 5201 3297 5264 αὐτὸς
3332 5199 3515 5269 σχοίην
3536 5194 3684 5257 τινάς
3708 5194 3971 5264 ἀφορμάς

2389 5300 2688 5369 εὐφημίας,
2725 5298 2893 5369 ἔργῳ,
2930 5297 3023 5350 καὶ
3056 5295 3220 5363 λόγῳ,
3258 5290 3353 5344 καὶ
3378 5286 3583 5357 διανοίᾳ
3612 5282 3851 5348 δοξάζων
3876 5283 3969 5369 τὸν

2390 5366 2619 5460 Σωτῆρα
2656 5366 2766 5443 τῶν
2794 5366 2927 5441 ὅλων
2961 5383 3214 5456 Χριστὸν,
3246 5381 3336 5433 τὸν
3373 5378 3504 5431 Θεὸν
3541 5373 3711 5445 ἡμῶν,
3751 5372 3871 5443 μεθ’
3906 5366 3971 5424 οὗ

2393 5480 2470 5549 τῷ
2501 5481 2676 5552 Πατρὶ
2712 5479 2913 5551 ηδόξα,
2950 5480 3045 5531 σὺν
3076 5475 3153 5545 τῷ
3198 5472 3339 5542 ἁγίῳ
3386 5468 3683 5539 Πνεύματι,
3733 5463 3830 5519 νῦν
3872 5468 3971 5519 καὶ

2393 5573 2501 5637 ἀεὶ,
2529 5574 2622 5627 καὶ
2648 5575 2727 5637 εἰς
2752 5573 2876 5634 τοὺς
2906 5572 3106 5632 αἰῶνας
3136 5567 3241 5622 τῶν
3272 5564 3495 5619 αἰώνων·
3550 5560 3734 5632 Ἀμήν⁶
