4216 6456
224 389 359 460 149Ί

231 546 535 567 ~—

1232 393 1511 454 ORATIO
1567 393 1665 452 DE
1705 394 1969 453 DIVINA
2010 394 2460 452 CHARITATE.

3346 394 3475 455 1498

546 729 893 863 ΤΟΥ
1004 722 1880 861 ΜΑΚΑΡΙΟΥ
1987 725 3152 859 ΘΕΟΔΩΡΗΤΟΥ

1512 958 1911 1014 ΕΠΙΣΚΟΠΟΥ
1949 958 2188 1014 ΚΥΡΟΥ

596 1124 960 1215 ΛΟΓΟΣ
1035 1124 1291 1212 ΠΕΡΙ
1347 1122 1563 1207 ΤΗΣ
1612 1121 1941 1209 ΘΕΙΑΣ
2012 1122 2207 1205 ΚΑΙ
2251 1114 2567 1206 ΑΓΙΑΣ
2625 1114 3102 1207 ΑΓΑΠΗΣ.

1146 1499 1555 1613 BEATI
1623 1498 2535 1613 THEODORETI

1525 1713 1828 1772 EPISCOPI
1862 1713 2205 1772 CYRENSIS

344 1894 801 1992 ORATIO
938 1893 1083 1983 DE
1223 1889 1645 1985 DlVINA
1783 1889 1933 1979 ET

2044 1890 2485 1981 SANCTA
2619 1890 3336 1982 CHARITATE.

289 2244 506 2297 Ἥλίκοι
540 2243 639 2313 μὲν
666 2244 715 2295 οἱ
743 2242 843 2311 τῆς
874 2239 1079 2312 ἀρετῆς
1110 2237 1365 2308 ἀθληταὶ,
1400 2237 1494 2290 καὶ
1520 2238 1666 2299 ὅσοις
1699 2235 1795 2289 καὶ
1821 2256 1836 2296 λ

1971 2235 2186 2308 1296
2231 2236 2432 2303 Quanti
2484 2238 2596 2293 sint
2645 2239 2861 2295 virtutis
2891 2243 3139 2307 athleta,
3196 2252 3251 2299 et
3300 2260 3461 2314 quam

208 2338 346 2400 οἵοις
396 2337 683 2404 στεφάνοις
720 2332 1134 2403 λαμπρύνονται
1163 2372 1177 2396 ,
1207 2328 1394 2397 σαφῶς
1439 2328 1683 2381 διδάσκει
1716 2326 1784 2379 τά

210 2429 343 2498 περὶ
380 2427 563 2479 αὐτῶν
599 2424 986 2495 συγγραφέντα
1026 2424 1161 2495 ἡμῖν
1204 2422 1539 2491 διηγήματα.
1579 2418 1645 2472 El
1677 2417 1786 2488 γὰρ

207 2519 307 2573 καὶ
351 2518 427 2589 μὴ
466 2518 677 2580 πάντας
711 2516 893 2570 αὐτῶν
920 2503 1181 2587 ’περιέχει
1228 2516 1357 2576 τοὺς
1406 2510 1634 2574 ἄθλους,
1669 2510 1783 2563 ἀλλ’

207 2610 430 2680 ἀπόχρη
471 2610 567 2662 καὶ
606 2608 675 2661 τά
723 2608 880 2675 ὀλίγα
930 2607 1132 2671 παντὸς
1176 2605 1271 2658 τοῦ
1317 2604 1432 2675 βίου
1477 2603 1643 2669 δεῖξαι
1693 2601 1785 2655 τὸν

208 2702 564 2774 χαρακτῆρα.
611 2699 726 2754 Καὶ
770 2699 880 2771 γάρ
933 2700 1025 2753 τὸν
1056 2698 1257 2769 χρυσὸν
1300 2698 1397 2766 οὺχ
1442 2696 1660 2750 ἅπαντα
1691 2695 1784 2749 τὸν

215 2792 671 2863 προσφερόμενον
712 2790 1009 2843 δαπανῶσα
1054 2791 1088 2861 ή
1118 2788 1284 2851 λίθος,
1321 2787 1439 2841 ἀλλ’
1482 2784 1648 2855 ὀλίγῳ
1679 2785 1785 2837 τινὶ

208 2883 657 2957 προστριϐομένη
708 2884 931 2952 δόκιμον
968 2882 1002 2951 ἢ
1056 2882 1311 2950 ἀδόκιμον
1368 2878 1646 2931 δείκνυσι·
1688 2876 1784 2929 καὶ

208 2978 300 3030 τὸν
328 2976 559 3047 τοξότην
587 2976 644 3029 δὲ
671 2974 934 3035 ὡσαύτως
964 2972 1024 3036 ἐξ
1050 2972 1246 3041 ὀλίγων
1275 2970 1589 3040 ἀφιεμένων
1616 2966 1784 3037 βελῶν

208 3067 524 3137 καταμάθοι
548 3067 613 3120 ἀν
638 3084 721 3129 τις
748 3063 1013 3135 ἀκριϐῶς,
1039 3062 1148 3115 εἴτε
1183 3063 1381 3132 ἄριστα
1406 3058 1615 3124 τοξεύοι
1643 3057 1785 3111 κατά

211 3162 422 3216 σκοποῦ
477 3159 722 3230 βάλλων,
787 3157 900 3209 εἴτε
950 3156 1056 3221 ἔξω
1106 3154 1362 3224 φέροιτο,
1429 3151 1530 3222 τὴν
1585 3151 1784 3221 τέχνην

207 3255 311 3307 οὐκ
340 3251 675 3323 ἠσκημένος.
712 3249 867 3301 Οὕτω
894 3248 989 3300 καὶ
1015 3247 1140 3307 τοὺς
1173 3245 1367 3307 ἄλλους
1395 3242 1665 3313 τεχνίτας,
1697 3241 1783 3294 ίνα

211 3346 289 3417 μὴ
330 3343 455 3398 καθ’
481 3343 713 3395 ἕκαστον
745 3340 907 3404 λέγω,
940 3336 1165 3390 δυνατὸν
1192 3335 1505 3403 διαγνῶναι,
1540 3334 1634 3387 καὶ
1658 3333 1783 3404 δρο-

212 3434 389 3504 μὲας,
432 3432 529 3485 καὶ
575 3429 888 3502 τραγῳδίας
932 3426 1262 3497 ὑποκριτὰς,
1298 3426 1392 3479 καὶ
1419 3424 1780 3496 κυϐερνήτας,

1888 2331 2077 2384 multis
2111 2330 2482 2399 qualibusque
2513 2333 2735 2387 coronis
2760 2333 3035 2402 fulgeant,
3076 2336 3364 2405 perspicue
3395 2337 3464 2393 de

1886 2421 1995 2477 illis
2024 2436 2055 2475 a
2104 2421 2263 2477 nobis
2298 2423 2630 2492 conscripta:
2663 2426 3009 2481 narrationes
3037 2426 3234 2481 docent
3284 2447 3297 2481 :
3343 2444 3465 2497 qua!

1886 2511 2103 2567 tametsi
2146 2526 2257 2567 non
2287 2521 2489 2568 cuneta
2519 2515 2740 2569 illorum
2774 2517 3095 2571 contineant
3123 2518 3460 2584 certamina,

1886 2604 2164 2660 sulliciuttt
2195 2620 2329 2661 sane
2377 2606 2463 2667 vel
2513 2622 2687 2678 pauca
2726 2607 2793 2662 ad
2828 2610 2996 2664 totius
3028 2610 3151 2664 vita:
3187 2611 3457 2666 rationem

1885 2695 2232 2768 formamque
2287 2692 2801 2754 demonstrandam.
2857 2701 3068 2756 Etenim
3130 2716 3240 2756 non
3301 2716 3464 2757 omne

1886 2802 2079 2843 aurum
2116 2790 2341 2843 allatum
2374 2791 2653 2845 consumit
2680 2791 2818 2861 lapis
2851 2789 3087 2862 Lydius,
3118 2792 3212 2847 sed
3241 2808 3461 2863 parvam

1884 2879 2181 2949 quamdam
2227 2889 2437 2950 partem
2481 2881 2611 2934 dum
2663 2884 2885 2949 atterit,
2931 2884 3234 2952 probumne
3281 2885 3353 2938 sit
3394 2901 3462 2938 an

1886 2970 2252 3025 adulterinum
2334 2970 2697 3027 demonstrat.
2790 2973 3036 3044 Itemque
3118 2975 3463 3045 sagittarium

1885 3062 2156 3132 quispiam
2206 3078 2274 3117 ex
2328 3066 2517 3133 paucis
2560 3065 2685 3119 telis
2734 3066 2955 3121 emissis
2996 3075 3257 3120 accurate
3302 3083 3466 3123 nosse

1885 3156 2163 3226 potuerit,
2226 3170 2325 3211 seu
2379 3156 2523 3211 bene
2572 3158 2791 3212 emittat
2846 3157 3079 3228 sagittas
3130 3158 3185 3213 in
3235 3172 3463 3228 scopum

1885 3248 2131 3314 dirigens
2156 3288 2171 3309 ,
2220 3262 2317 3301 seu
2355 3261 2384 3300 a
2419 3261 2589 3318 scopo
2624 3247 2841 3303 aberret
2867 3248 2921 3302 in
2951 3257 3071 3304 arte
3109 3264 3216 3304 non
3249 3251 3465 3305 exerci-

1894 3346 2063 3393 tatus.
2096 3338 2358 3393 Eumdem
2389 3341 2553 3393 etiam
2586 3340 2641 3393 in
2693 3340 2914 3394 modum
2970 3341 3153 3397 caeteri
3184 3340 3425 3397 artifices
3448 3382 3465 3407 ,

1888 3444 1957 3484 ne
1983 3430 2051 3485 de
2085 3430 2319 3499 singulis
2350 3429 2534 3485 dicere
2567 3431 2638 3485 sit
2667 3445 2829 3500 opus,
2862 3432 3151 3501 explorare
3175 3432 3336 3488 facile
3382 3442 3469 3487 est

210 3526 307 3580 καὶ
332 3525 673 3591 ναυπηγοὺς,
698 3521 792 3573 καὶ
825 3519 1065 3590 ίατροὺς,
1087 3520 1182 3571 καὶ
1209 3518 1502 3587 γηπόνους,
1530 3517 1627 3570 καὶ
1656 3516 1784 3579 τοὺς

1885 3530 1940 3574 et
1982 3520 2215 3591 pugiles,
2248 3527 2303 3575 et
2335 3534 2609 3588 cursores,
2657 3521 2871 3590 1297
2905 3531 2959 3576 et
3003 3523 3288 3591 tragoedia:
3319 3534 3464 3577 aeto-

209 3615 407 3676 ἀλλους
433 3590 789 3675 ἁπαξαπλῶς,
815 3610 928 3662 ὅσοι
953 3608 1074 3662 τινὰ
1106 3607 1543 3677 μεταχειρίζουσι
1565 3609 1782 3676 τέχνηψ
1817 3590 1836 3645 1

1888 3626 2010 3677 res,
2049 3590 2103 3665 et
2138 3610 2573 3681 gubernatores,
2628 3619 2683 3665 et
2715 3612 2939 3666 navium
2976 3590 3367 3675 fabricatores,
3414 3624 3462 3665 σπι

214 3708 378 3777 ἱκανὴ
407 3705 518 3773 γὰρ
566 3704 721 3773 ὀλίγη
761 3704 926 3773 πεῖρα
975 3701 1209 3755 καὶτῶν
1254 3701 1633 3769 ἐπιστημόνων
1665 3702 1786 3752 ἐπι-

208 3797 385 3865 δεῖξαι
421 3794 519 3866 τὴν
547 3795 766 3865 τέχνην,
796 3794 890 3847 καὶ
919 3792 1028 3845 τῶν
1052 3793 1277 3863 ὀνόματι
1317 3793 1462 3861 μόνῳ
1489 3792 1786 3863 χρωμένων

209 3890 429 3958 ἐλέγξαι
455 3888 553 3959 τὴν
580 3887 843 3957 ἀμαθίαν.
884 3886 1124 3956 Ἀπόχρη
1159 3885 1360 3949 τοίνυν,
1398 3886 1471 3947 ὡς
1498 3886 1656 3953 ἔφην,
1692 3885 1787 3937 καὶ

209 3981 281 4032 τά
324 3980 481 4047 ὀλίγα
512 3978 895 4048 συγγραφέντα
926 3977 1034 4028 τῶν
1063 3977 1279 4045 ἐκάστῳ
1317 3975 1781 4045 κατωρθωμένων,

210 4070 397 4121 πᾶσαν
439 4068 646 4132 διδάξαι
689 4067 790 4137 τὴν
831 4066 927 4118 τοῦ
965 4064 1078 4135 βίου
1113 4066 1456 4135 προαίρεσιν.
1512 4064 1787 4132 Προσήκει

209 4160 269 4213 δέ
299 4162 449 4230 ἡμᾶς
479 4160 571 4212 ἐπὶ
602 4159 696 4228 τοῦ
728 4157 1016 4228 παρόντος,
1053 4156 1369 4225 ἐρευνῆσαι,
1405 4156 1499 4208 καὶ
1530 4155 1784 4225 ζητῆσαι,

210 4251 309 4307 καὶ
345 4252 685 4319 καταμαθεῖν
729 4248 1011 4320 ἀκριϐῶς,
1068 4247 1230 4300 πόθεν
1270 4246 1579 4317 ὁρμώμενοι
1625 4245 1786 4316 τήνδε

208 4337 312 4405 τὴν
347 4336 621 4389 πολιτείαν
644 4337 985 4405 ἠσπάσαντο,
1013 4335 1106 4388 καὶ
1140 4336 1315 4397 ποίοις
1344 4334 1615 4406 χρώμενοι
1641 4335 1789 4403 λογι-

214 4430 396 4499 σμοῖς,
423 4429 597 4498 αύτὴν
645 4427 944 4481 κατέλαϐον
982 4428 1081 4498 τῆς
1116 4426 1435 4497 φιλοσοφίας
1485 4428 1585 4499 τὴν
1625 4443 1789 4497 κορυ-

212 4523 323 4592 φήν
346 4536 361 4551 ⁸
393 4521 474 4573 ὅτι
504 4521 613 4591 γάρ
647 4520 707 4572 ού
738 4523 804 4589 τῇ
834 4518 994 4591 ῥώμῃ
1023 4519 1353 4591 θαρροῦντες
1385 4518 1480 4571 τοῦ
1512 4520 1784 4588 σώματος,

209 4612 321 4663 τῶν
368 4608 511 4678 ὑπὲρ
540 4609 641 4677 τὴν
686 4608 848 4677 φύσιν
900 4609 999 4679 τὴν
1053 4608 1399 4678 ἀνθρωπείαν
1443 4609 1785 4679 ἠράσθησαν,

210 4705 306 4755 καὶ
338 4704 465 4764 τοὺς
495 4701 665 4771 ταύτῃ
700 4700 986 4769 κειμένους
1028 4699 1377 4770 ὑπερέϐησαν
1410 4698 1606 4767 νόμους
1633 4739 1646 4763 ,
1692 4700 1787 4752 καὶ

209 4796 281 4847 τὰ
336 4793 584 4860 παγέντα
627 4794 741 4854 τοῖς
783 4795 881 4861 τῆς
928 4792 1210 4853 εὐσεϐείας
1255 4792 1580 4858 ἀγωνισταῖς
1620 4791 1787 4861 ὑπερο

211 4885 496 4957 επήδησαν
520 4884 840 4953 σκάμματα,
877 4882 1051 4953 σαφὴς
1075 4884 1108 4953 ή
1130 4884 1294 4953 πεῖρα
1318 4881 1652 4944 διδάσκαλος.
1682 4882 1786 4934 Οὑ-

211 4977 324 5038 δεὶς
356 4975 463 5045 γὰρ
506 4973 614 5025 τῶν
660 4972 758 5041 τῆς
803 4972 1119 5042 φιλοσοφίας
1152 4972 1354 5043 ταύτης
1385 4972 1654 5043 ἀμοίρων,
1684 4974 1783 5045 τὴν

206 5066 418 5117 τούτων
454 5063 751 5134 καρτερίαν
799 5063 1109 5129 ἐπεδείξατο
1154 5062 1397 5116 πώποτε.
1438 5065 1503 5117 El
1547 5064 1655 5135 γὰρ
1691 5067 1787 5118 καὶ

208 5156 457 5223 νίιρονται
494 5156 756 5223 ποιμένες
780 5196 792 5217 ,
824 5154 938 5207 ἀλλ’
980 5155 1083 5208 οὐκ
1124 5155 1239 5207 ἀεί·
1286 5156 1379 5207 καὶ
1423 5155 1639 5225 ἄντροις
1675 5158 1785 5226 γάρ

210 5248 488 5319 χρῶνται,
538 5248 632 5298 καὶ
659 5247 739 5309 είς
770 5246 869 5308 τὰς
908 5245 1085 5309 οἰκίας
1115 5247 1371 5299 ἐπανιᾶσι
1394 5285 1406 5307 ,
1455 5249 1548 5300 καὶ
1584 5248 1779 5317 ὑποδή.

214 5355 348 5408 μασι
379 5338 435 5391 δὲ
465 5338 591 5401 τοὺς
622 5336 787 5400 πόδας
816 5336 1173 5401 καλύπτουσι,
1209 5338 1303 5390 καὶ
1346 5338 1620 5409 ἐσθήμασι
1655 5338 1782 5409 θερ-

215 5431 467 5500 μοτέροις
496 5429 567 5482 τὰ
592 5429 727 5483 ἄλλα
764 5428 907 5500 μέρη
940 5429 1032 5482 τοῦ
1070 5428 1321 5500 σώματος
1354 5430 1738 5501 περιϐάλλουσι
1767 5449 1779 5462 ·

212 5522 309 5573 καὶ
338 5521 440 5583 δὶς,
475 5520 571 5573 καὶ
592 5520 713 5591 τρὶς
743 5520 842 5590 τῆς
871 5520 1105 5590 ἡμέρας,
1134 5521 1272 5590 τάχα
1300 5520 1359 5573 δὲ
1390 5523 1482 5574 καὶ
1508 5523 1782 5592 τετράκις,

210 5610 420 5680 τροφῆς
459 5608 810 5663 ἀπολαύουσι.
861 5609 970 5663 Καὶ
1015 5610 1334 5683 κρεωφαγία
1364 5610 1422 5664 δὲ
1452 5611 1545 5665 καὶ
1576 5615 1784 5665 οἰνοπο-

213 5702 304 5755 σία
341 5700 522 5773 πάσης
570 5701 809 5772 ἐσχάρας
862 5700 1085 5770 ἀμεινον
1127 5700 1498 5771 διαθερμαίνει
1547 5703 1615 5755 τὰ
1674 5702 1772 5755 σώι

214 5807 362 5863 ματα
401 5807 415 5822 ·
454 5792 582 5846 ὅταν
612 5791 718 5862 γὰρ
759 5792 791 5862 ἡ
845 5791 1067 5863 τοιαύτη
1114 5792 1287 5863 τροφὴ
1344 5794 1441 5864 τὴν
1500 5792 1785 5850 ἀλλοίωσιν

1885 3701 2128 3757 medicos
2154 3741 2169 3765 ,
2206 3712 2262 3757 et
2290 3702 2596 3773 agricolas,
2632 3710 2686 3756 et
2731 3703 2905 3766 alios,
2940 3710 3000 3757 ut
3037 3704 3206 3758 semel
3242 3704 3455 3769 .Iicam,

1885 3792 2203 3863 quicunque
2225 3795 2241 3814 ‘
2292 3801 2467 3848 artem
2499 3793 2740 3863 aliquam
2764 3801 3009 3848 tractant
3042 3812 3055 3849 :
3097 3793 3295 3849 suliicit
3320 3795 3465 3849 enim

1884 3884 2147 3952 exiguum
2180 3882 2459 3952 quoddam
2513 3884 2794 3954 specimen
2840 3886 2907 3939 ad
2958 3886 3257 3952 peritorum
3292 3894 3465 3939 artem

1888 3974 2396 4044 eomprobandam;
2433 3984 2490 4030 et
2516 3990 2707 4031 eorum
2732 4016 2747 4044 ,
2774 3978 2869 4046 qui
2907 3978 3085 4032 solum
3115 3992 3313 4031 nomen
3362 3976 3465 4031 sibi

1886 4066 2206 4131 vindicant,
2254 4067 2621 4137 ignorantiam
2668 4069 3095 4140 coarguendam.
3143 4068 3469 4124 Sulfeeerint

1887 4157 2073 4226 igitur,
2112 4166 2172 4212 ut
2206 4158 2357 4222 dixi,
2394 4159 2483 4214 vel
2516 4160 2750 4229 paucula
2787 4160 2881 4214 illa
2911 4163 3225 4229 conserlpta
3258 4161 3330 4217 de.
3363 4160 3463 4223 iis,

1885 4262 2006 4316 qum
2035 4247 2303 4316 praeclara
2340 4247 2411 4300 ab
2448 4262 2785 4317 unoquoque
2818 4246 2962 4302 facta
3002 4262 3066 4302 ac
3097 4258 3249 4317 gesta
3300 4256 3463 4309 sunt,

1887 4338 1955 4391 ad
1994 4339 2312 4392 universam
2348 4338 2474 4393 vita:
2512 4340 2782 4393 rationem
2812 4338 3167 4393 edocendam.
3198 4337 3467 4393 Convenit

1887 4437 2071 4483 autem
2106 4444 2208 4483 nos
2235 4429 2287 4482 in
2320 4430 2580 4498 praesenti
2610 4429 2989 4499 perscrutari,
3021 4436 3077 4484 et
3110 4429 3464 4499 investigare,

1887 4536 1950 4575 ac
1996 4518 2315 4589 perdiscere
2371 4519 2597 4582 sedulo,
2650 4519 2927 4574 undenam
2959 4518 3211 4590 impulsi,
3247 4520 3464 4589 ejusee-

1887 4609 2033 4663 modi
2077 4610 2202 4663 vitae
2258 4610 2525 4664 rationem
2580 4610 2820 4679 amplexi
2868 4611 3018 4677 sint,
3067 4617 3120 4664 et
3153 4611 3463 4679 eujusmodi

1887 4700 1970 4755 usi
2020 4700 2329 4755 rationibus
2373 4700 2440 4753 ad
2473 4701 2674 4755 divina:
2708 4701 2874 4768 hujus
2905 4700 3267 4769 philosophiae
3311 4700 3463 4754 fasti-

1884 4794 2033 4862 gium
2091 4793 2437 4861 pertigeriut.
2487 4792 2623 4846 Nam
2659 4791 2803 4862 quod
2844 4807 2955 4847 non
2985 4792 3235 4862 corporis
3266 4793 3465 4847 robore

1888 4882 2010 4937 freti
2036 4923 2049 4946 ,
2080 4898 2200 4951 quae
2227 4883 2525 4936 humanam
2553 4892 2806 4938 naturam
2831 4883 3107 4938 excedunt
3128 4882 3460 4945 adamarint,

1888 4974 2263 5042 terminosque
2318 4973 2367 5027 ei
2408 4974 2742 5027 constitutos
2794 4972 3127 5041 transgressi
3188 4972 3338 5037 sint,
3396 4986 3462 5025 ac

1887 5072 2041 5133 septa
2093 5063 2319 5132 pietatis
2368 5063 2589 5116 athletis
2621 5063 2798 5117 deﬁxa
2840 5061 3239 5123 transilierint,
3285 5061 3461 5115 mani-

1889 5155 2027 5212 feste
2081 5155 2245 5210 docet
2320 5154 2683 5225 experientia.
2742 5154 2911 5208 Nemo
2969 5153 3239 5222 siquidem
3295 5152 3460 5221 hujus

1891 5246 2256 5316 philos0phia3
2294 5259 2529 5313 expers,
2566 5243 2786 5295 illorum
2829 5240 3170 5295 tolerantiam
3216 5253 3455 5307 unquam

1889 5337 2150 5393 ostendit.
2186 5334 2401 5390 Etenim
2431 5335 2475 5388 si
2509 5333 2632 5387 nive
2659 5332 2987 5401 quandoque
3018 5337 3457 5400 consperguntur

1888 5438 2166 5499 pastores,
2222 5428 2317 5481 sed
2386 5441 2491 5479 non
2542 5439 2760 5493 semper
2811 5440 2824 5475 :
2886 5420 3146 5493 quoniam
3197 5428 3251 5474 et
3283 5418 3457 5472 antris

1890 5531 2138 5581 utuntur,
2179 5526 2235 5573 et
2280 5518 2474 5571 domos
2522 5524 2775 5585 repetunt
2801 5554 2814 5575 ,
2865 5522 2920 5569 et
2948 5512 3146 5567 calceis
3179 5510 3341 5579 pedes
3374 5520 3453 5562 te-

1886 5625 2060 5684 gunt,
2121 5620 2177 5664 et
2230 5608 2587 5663 calidioribus
2641 5604 2982 5660 vestimentis
3026 5602 3164 5656 alias
3202 5599 3455 5668 corporis

1889 5718 2069 5778 partes
2109 5707 2407 5765 amieiuut,
2444 5710 2497 5756 et
2530 5702 2615 5756 bis
2653 5711 2799 5754 terve
2846 5699 2898 5752 in
2929 5698 3051 5760 die,
3087 5712 3151 5749 ac
3184 5695 3369 5749 forsan
3401 5703 3453 5745 et

1888 5806 2103 5869 quater,
2136 5798 2314 5855 cibum
2365 5800 2608 5847 sumunt.
2662 5789 2765 5845 Sed
2798 5796 2849 5844 et
2889 5787 3071 5842 carnis
3103 5800 3231 5841 esus
3262 5826 3273 5851 ,
3312 5782 3450 5836 viui-
