4216 6456
734 376 870 439 1499

1716 377 2202 438 THEODORETI
2241 374 2579 436 EPISCOPI
2615 378 2979 440 CYRENSIS

3831 376 3969 441 1500

724 503 830 555 que
880 495 1060 555 potus,
1113 486 1311 555 quovis
1356 485 1481 539 l'oco
1509 485 1705 540 melius
1747 500 1981 556 corpora
2016 484 2281 541 excalefa-
2321 488 2368 541 Δ

2321 488 2368 541 Α
2395 482 2632 554 δέξηται.
2668 487 2760 539 καὶ
2785 481 2895 540 οἷον
2930 484 3070 557 ίθμῷ
3095 503 3198 540 τινι
3224 485 3584 556 διακριθεῖσα,
3612 486 3704 539 καὶ
3727 486 3785 539 τδ
3813 482 3971 557 ἧπαρ

723 580 899 631 riunt.
934 577 1066 631 Cum
1092 578 1237 631 enim
1272 576 1543 645 ejusmodi
1577 580 1969 631 nutrimentum
2004 577 2289 630 alteratnm

726 669 931 729 fuerit,
963 678 1015 721 et
1051 668 1207 736 quasi
1244 668 1463 738 quidam
1498 668 1620 725 colo
1661 668 1996 732 discretum,
2044 677 2091 719 et
2135 668 2292 735 jecur

724 776 1042 828 occupans,
1090 761 1142 813 in
1187 762 1509 827 sanguinem
1554 768 1828 815 mutatum
1872 760 2187 825 exstiterit,
2223 760 2290 813 ad

724 849 1053 916 eorqnidem
1082 864 1177 917 per
1207 849 1421 919 1298
1453 864 1639 903 cavam
1671 864 1865 901 venam
1919 848 2287 918 progreditur,

725 939 849 991 inde
878 954 1006 990 vero
1038 941 1467 992 eoucalel'actum
1498 977 1512 999 ,
1548 940 1707 1006 quasi
1750 955 1846 1006 per
1904 941 2171 1007 quosdam
2202 940 2288 992 di-

724 1043 1038 1095 spersarum
1061 1044 1320 1081 venarum
1348 1028 1680 1093 conductus,
1710 1029 1984 1097 percurrit
2007 1029 2292 1083 universas

724 1128 909 1185 partes
957 1120 1258 1187 corporis:
1316 1136 1645 1191 quocunque
1707 1130 1887 1175 autem
1938 1124 2288 1191 pervenerit,

727 1226 832 1261 non
864 1218 1072 1261 tantum
1111 1210 1295 1271 irrical
1328 1254 1341 1275 ,
1377 1214 1471 1265 sed
1501 1221 1553 1266 et
1587 1214 1729 1280 ignis
1758 1214 1930 1267 instar
1950 1213 2289 1275 amab-facil,

726 1302 1033 1369 meliusque
1087 1304 1346 1357 mollibus
1382 1305 1626 1357 vestibus
1670 1320 1871 1373 corpus
1915 1306 2288 1359 circuml‘ovet.

720 1390 909 1461 Neque
947 1396 1126 1457 enim,
1181 1406 1236 1447 ut
1271 1398 1516 1449 nonnulli
1560 1397 1912 1459 existimant,
1965 1398 2167 1449 tunica:
2192 1435 2204 1456 ,
2239 1403 2291 1448 et

723 1492 861 1552 toga:
886 1525 899 1546 ,
953 1495 1006 1537 et
1040 1485 1202 1552 pallia
1232 1527 1243 1548 ,
1297 1487 1515 1555 corpori
1553 1491 1794 1555 praebent
1840 1489 2074 1539 calorem
2114 1505 2125 1537 :
2158 1488 2294 1541 alias

723 1576 869 1625 enim
911 1583 963 1626 et
1016 1574 1181 1642 lignis
1238 1582 1292 1627 et
1335 1575 1609 1643 lapidibus
1659 1575 1860 1643 quibus
1912 1574 2291 1638 admoventur,

721 1666 959 1715 calorem
1011 1665 1413 1731 imprimerent.
1447 1664 1513 1716 At
1546 1680 1707 1721 nemo
1745 1664 1880 1717 vidit
1940 1681 2178 1732 unquam
2222 1665 2292 1717 li-

722 1768 909 1819 gnum,
967 1752 1273 1819 lapidemve
1316 1753 1634 1807 calidiorem
1679 1768 1707 1807 a
1758 1756 2005 1808 vestibus
2063 1755 2288 1806 factum.

2394 576 2813 643 καταλαϐοῦσα,
2855 577 2952 648 τὴν
3007 579 3088 641 είς
3123 571 3264 649 αἷμα
3324 577 3622 647 μεταϐολὴν
3674 579 3967 647 ὑπομείνῃ,

2392 671 2561 737 χωρεῖ
2591 668 2688 737 μὲν
2728 671 2807 732 είς
2833 670 2930 739 τὴν
2968 670 3194 738 καρδίαν
3239 669 3324 721 διὰ
3358 671 3458 739 τῆς
3504 667 3689 739 κοίλης
3735 668 3967 736 φλεδὸςο

2392 758 2798 829 ἐκθερμαθεϊσα
2842 760 2932 823 δέ,
2986 761 3229 821 ἐκεῖθεν,
3279 752 3390 811 οἷον
3427 758 3515 811 διά
3549 775 3709 809 τινων
3761 756 3970 825 ὀχετῶν

2391 850 2499 902 τῶν
2527 851 2941 920 διεσπαρμένων
2966 850 3202 919 φλεϐῶν,
3236 852 3314 912 είς
3344 849 3558 902 ᾶπαντα
3586 849 3856 917 διατρέχει
3899 848 3968 900 τὰ

2392 941 2487 994 τοῦ
2516 941 2765 1011 σώματος
2807 944 3007 1012 μόριαο
3059 938 3119 996 οῦ
3161 942 3205 994 δ’
3242 942 3307 995 ἂν
3340 942 3623 1010 ἀφίκηται,
3668 942 3767 992 οὐκ
3815 941 3970 1010 ἄρδει

2396 1032 2578 1100 μόνον,
2611 1031 2746 1087 ἀλλά
2791 1032 2883 1083 καὶ
2924 1032 3095 1101 πυρὸς
3126 1032 3280 1101 δίκην
3326 1030 3700 1101 ἐκθερμαίνει,
3736 1030 3970 1082 καὶτῶν

2396 1122 2658 1190 μαλακῶν
2703 1123 2933 1192 ἱματίων
2968 1124 3190 1191 ἄμεινον
3238 1123 3561 1192 περιθάλπει
3588 1123 3649 1175 τδ
3676 1123 3853 1190 σῶμα.
3888 1122 3967 1173 Οὐ

2392 1216 2521 1283 γὰρ,
2557 1213 2631 1277 ὦς
2670 1231 2812 1277 τινες
2863 1215 3326 1284 ὑπολαμϐάνουσι,
3376 1214 3620 1283 χιτῶνες,
3654 1215 3748 1266 καὶ
3785 1216 3970 1283 ἀμπε-

2392 1304 2567 1372 χόναι,
2598 1305 2690 1356 καὶ
2718 1305 3047 1373 ἐφεστρίδες,
3074 1305 3150 1373 τῷ
3178 1304 3420 1374 στώματι
3448 1306 3546 1374 τὴν
3592 1304 3799 1374 θέρμην
3833 1321 3972 1375 παρ·

2393 1394 2629 1460 έχουσιν·
2668 1393 2699 1462 ἦ
2733 1393 2841 1463 γὰρ
2870 1395 2957 1456 ἂν,
2993 1396 3087 1447 καὶ
3115 1394 3269 1460 ξύλα,
3301 1396 3399 1448 καὶ
3427 1394 3606 1459 λίθους
3637 1395 3969 1463 ἐθέρμαναν,

2392 1481 2475 1545 οἷς
2520 1486 2586 1539 ἂν
2629 1486 2897 1540 ἐπέλασαν
2933 1503 2945 1516 ·
2984 1485 3098 1540 ἀλλ’
3129 1488 3302 1549 οὐδεὶς
3348 1487 3610 1540 ἐθεάσατο
3654 1488 3894 1548 πώποτε,
3932 1488 3967 1557 ἢ

2395 1576 2550 1640 ξύλον
2574 1619 2587 1639 ,
2618 1576 2647 1645 ἢ
2680 1577 2824 1630 λίθον
2850 1618 2863 1640 ,
2900 1578 3228 1648 θερμότερον
3262 1579 3368 1632 ὑπὸ
3398 1579 3630 1648 ἱματίων
3663 1580 3971 1647 γεγενημέ-

2393 1682 2504 1719 νον.
2542 1667 2749 1719 Οὐκοῦν
2798 1668 2918 1721 ούδέ
2972 1669 3050 1739 τῷ
3110 1670 3322 1739 σώματι
3375 1668 3543 1722 ταῦτα
3592 1669 3821 1739 παρέχει
3869 1670 3971 1736 τὴν

2395 1755 2605 1825 θέρμην
2630 1772 2644 1785 °
2673 1756 2807 1809 ἀλλά
2829 1756 2922 1809 τοῦ
2958 1759 3206 1828 σώματος
3230 1758 3400 1811 ταῦτα
3426 1758 3681 1826 φυλάττει
3712 1758 3810 1827 τὴν
3846 1756 3974 1826 θέρ-

726 1845 911 1910 Itaque
959 1843 1180 1911 corpori
1239 1844 1477 1897 calorem
1539 1845 1643 1897 ista
1695 1860 1805 1898 non
1865 1846 2149 1914 praebent,
2199 1847 2292 1899 sed
2327 1827 2369 1886 Β

2327 1827 2369 1886 Β
2401 1864 2507 1916 μην
2527 1863 2540 1877 ⁸
2570 1848 2664 1900 καὶ
2698 1848 2949 1919 ἀπείργει
2984 1827 3083 1919 μέν
3113 1850 3206 1903 τοῦ
3247 1848 3459 1920 ψυχροῦ
3485 1849 3645 1918 ἀέρος
3675 1850 3773 1910 τὴν
3796 1866 3967 1916 προσ-

724 1934 978 2002 rorporis
1025 1934 1266 1987 calorem
1303 1944 1629 1987 conservant
1668 1936 1931 1990 duntaxat
1966 1954 1979 1989 :
2027 1944 2081 1991 et
2112 1935 2293 2006 frigidi

723 2027 944 2094 quidem
976 2027 1119 2081 acris
1150 2027 1412 2095 impetum
1444 2027 1793 2096 propellunt,
1824 2040 2090 2084 exeuntes
2112 2039 2293 2085 autem

721 2133 750 2169 e
780 2132 1013 2185 corpore
1046 2132 1279 2185 vapores
1323 2120 1668 2186 suscipiunt,
1717 2119 1894 2187 iisque
1941 2129 1996 2174 et
2037 2119 2294 2173 caleﬁunt

720 2209 861 2276 ipsa.
896 2218 950 2262 et
980 2212 997 2230 ⁶
1027 2209 1287 2263 calidiora
1335 2211 1554 2279 corpori
1591 2211 1972 2265 admoventur.
1999 2212 2177 2267 Testis
2209 2221 2293 2267 est

719 2301 1057 2369 experientia
1109 2318 1122 2353 :
1189 2303 1446 2368 quoniam
1511 2300 1762 2371 frigidum
1814 2319 2055 2373 persmpe
2092 2304 2291 2358 lectum

720 2393 1092 2459 ingredientes
1118 2432 1132 2455 ,
1165 2395 1350 2447 statim
1379 2395 1747 2463 applicatione
1773 2398 2023 2465 corporis
2057 2404 2290 2451 stratum

720 2499 783 2536 ex
814 2484 1013 2554 frigido
1040 2485 1276 2538 calidum
1310 2485 1610 2541 reddimus.
1635 2486 1864 2542 Constat
1896 2488 2062 2557 igitur
2085 2504 2290 2558 corpus

719 2576 842 2627 (ibo
866 2590 929 2628 ac
968 2577 1307 2629 nutrimento
1340 2578 1514 2647 magis
1537 2618 1551 2643 ,
1575 2594 1739 2648 quam
1776 2582 2104 2636 vestimento
2136 2583 2250 2637 ullo
2272 2625 2289 2648 ,

721 2666 959 2719 caleﬁeri
1006 2685 1019 2720 :
1055 2677 1109 2721 et
1138 2669 1230 2736 qui
1261 2683 1326 2722 eo
1363 2686 1536 2739 usque
1585 2670 1652 2723 ad
1685 2673 1989 2727 satietatem
2020 2672 2291 2738 fruantur,

720 2756 1036 2823 prmsidimn
1071 2757 1351 2812 sttﬂicieus
1382 2759 1582 2814 habere
1619 2759 1908 2815 adversum
1954 2762 2174 2833 frigoris
2212 2765 2294 2818 in-

719 2849 1056 2902 corsioncm.
1104 2850 1206 2903 Illo
1259 2850 1530 2921 siquidem
1575 2868 1779 2923 corpus
1834 2863 2087 2920 armant,
2136 2864 2192 2912 et
2226 2857 2292 2911 ad

638 2998 639 3001 η
719 2939 1091 2993 resistendum
1126 2941 1252 2996 buic
1285 2944 1412 2996 anni
1448 2947 1756 3012 tempestati
1808 2955 2139 3017 praeparant.
2188 2949 2290 3015 Qui

719 3046 848 3085 vero
902 3033 1083 3086 cibum
1135 3042 1189 3087 et
1231 3044 1417 3103 potum
1462 3038 1703 3103 quotidie
1753 3054 1861 3093 non
1919 3054 2185 3107 sumunt,
2240 3050 2295 3096 et

719 3123 943 3190 quando
1002 3131 1229 3176 sumunt
1276 3125 1587 3178 satietatem
1637 3140 1744 3179 non
1791 3135 2145 3196 exspectant,
2196 3126 2290 3182 sed

718 3215 1038 3279 ﬂagrantem
1089 3216 1485 3284 appetitionem
1526 3216 1840 3283 refrenant,
1882 3226 1935 3273 et
1962 3234 2025 3273 ea
2068 3228 2293 3274 sumunt

718 3320 843 3373 quae
881 3305 1106 3358 minime
1141 3308 1365 3375 corpori
1396 3307 1770 3361 calefaciendo
1800 3317 1927 3361 sunt
1962 3318 2085 3378 apta
2113 3350 2128 3373 ,
2168 3311 2296 3364 dum

719 3398 804 3449 vel
857 3392 1059 3451 berbas
1119 3400 1425 3452 comedunt
1478 3400 1653 3453 instar
1697 3401 2016 3454 animalium
2070 3403 2298 3457 rationis

721 3488 1033 3555 rxpertium
1069 3529 1083 3553 ,
1127 3480 1211 3542 vel
1263 3490 1398 3545 solis
1452 3491 1669 3560 1299
1713 3492 2038 3547 madefactis
2068 3508 2303 3547 vescun-

718 3586 807 3630 tur
851 3580 1265 3643 leguminibus.
1320 3596 1614 3648 quemnam
1674 3597 1740 3635 ex
1796 3582 2065 3651 ejusmodi
2125 3584 2302 3637 nutri-

723 3678 909 3722 mento
962 3671 1207 3723 calorem
1246 3671 1576 3726 hauserint?
1632 3682 1727 3727 aut
1772 3684 1971 3742 quanta
2015 3689 2079 3727 ac
2123 3674 2301 3744 qualis

720 3759 849 3812 inde
881 3760 1171 3829 sanguinis
1231 3763 1513 3831 scaturigo
1545 3762 1707 3818 fuerit
1750 3764 1773 3817 ?
1825 3763 2181 3833 Perspicuum
2218 3775 2304 3819 est

719 3850 883 3916 igitur
942 3850 1093 3902 nulla
1146 3864 1211 3903 ex
1268 3860 1420 3919 parte
1478 3853 1622 3908 alios
1669 3853 1866 3906 borum
1926 3853 2125 3908 studiis
2178 3868 2301 3909 esse

720 3941 948 3994 similes.
1010 3938 1201 4009 Neque
1266 3941 1415 3994 enim
1473 3957 1581 3995 una
1644 3943 1946 4012 eademque
1999 3952 2080 3998 est
2135 3946 2301 3998 vestis

719 4033 914 4085 borum
962 4040 1130 4100 atque
1161 4033 1381 4086 illorum
1409 4073 1423 4096 ,
1458 4050 1582 4087 ettm
1613 4034 1727 4088 hac
1759 4035 1833 4091 sit
1872 4036 2174 4102 asperrima
2200 4074 2214 4096 ,
2248 4041 2303 4088 et

718 4124 948 4177 minime
1011 4123 1077 4176 ad
1133 4122 1568 4178 calefaciendum
1638 4126 1992 4179 accommoda
2045 4142 2059 4178 :
2126 4138 2302 4192 neque

720 4216 919 4270 similis
953 4226 1036 4269 est
1076 4217 1291 4280 victus,
1324 4215 1421 4269 sed
1451 4232 1515 4269 ex
1549 4216 1817 4270 diametro
1854 4230 2129 4285 pugnans.
2164 4214 2301 4269 Nam

718 4308 1037 4375 pastoribus
1064 4346 1079 4369 ,
1112 4308 1351 4376 aliisque
1388 4306 1660 4361 similibus
1682 4345 1696 4369 ,
1738 4306 2059 4361 comedendi
2086 4315 2301 4375 tempus

719 4408 806 4453 est
834 4414 997 4453 omne
1029 4407 1247 4467 tempus
1282 4415 1296 4451 :
1335 4412 1440 4452 suo
1483 4398 1627 4451 enim
1650 4398 1892 4466 appetitu
1938 4406 2154 4466 tempus
2188 4412 2304 4451 me-

2396 1937 2557 2007 6ολὴν
2588 1954 2604 1971 ο
2636 1940 3009 2011 ὑποδεχόμενα
3046 1941 3103 1995 δὲ
3133 1943 3256 2005 τοὺς
3286 1944 3351 1995 ἐκ
3370 1940 3463 1994 τοῦ
3500 1940 3751 2011 σώματος
3792 1940 3969 2004 ἐξιόν-

2394 2048 2493 2093 τας
2536 2033 2763 2101 ἀτμοὺς,
2795 2034 2889 2086 καὶ
2936 2033 3287 2104 θερμαίνεται
3329 2033 3560 2097 τούτοις,
3624 2033 3715 2085 καὶ
3767 2031 3964 2100 θερμό-

2394 2138 2530 2189 τερα
2578 2122 2903 2191 προσῆάλλει
2941 2123 3017 2192 τῷ
3043 2123 3271 2193 σώματι.
3295 2124 3405 2175 Καὶ
3440 2122 3648 2192 μάρτυς
3684 2122 3717 2189 ἡ
3760 2122 3928 2189 πεῖρα
3952 2134 3968 2150 ⁸

2393 2212 2579 2284 ψυχρᾷ
2622 2214 2732 2285 γὰρ
2771 2214 3030 2277 πολλάκις
3070 2217 3137 2284 τῇ
3187 2214 3345 2286 κλίνῃ
3392 2213 3856 2284 προσϐάλλοντες,
3900 2214 3968 2281 τῇ

2392 2302 2488 2355 τοῦ
2534 2302 2785 2373 σώματος
2830 2304 3017 2374 ὁμιλίᾳ
3065 2303 3275 2375 θερμὴν
3312 2303 3411 2374 τὴν
3450 2304 3555 2375 πρὸ
3592 2302 3819 2375 βραχέος
3859 2303 3967 2371 ψυ-

2394 2395 2533 2466 χρὰν
2560 2396 2936 2465 ἀποτελοῦμεν
2969 2398 3276 2467 στρωμνήν.
3313 2395 3521 2449 Οὐκοῦν
3558 2398 3591 2467 ἡ
3626 2396 3798 2467 τροφῆ
3832 2413 3972 2447 παν-

2391 2486 2484 2550 τὸς
2544 2487 2760 2557 ἱματίου
2819 2487 2980 2541 πλέον
3030 2485 3403 2557 διαθερμαίνει
3453 2486 3515 2540 τὸ
3571 2484 3762 2555 σῶμα·
3812 2485 3861 2535 ei
3910 2484 3971 2536 δὲ

2392 2579 2596 2648 ταύτης
2632 2582 2713 2643 είς
2742 2579 2905 2650 κόρον
2941 2578 3450 2649 μεταλαμϐάνοντες
3472 2619 3487 2642 ,
3538 2577 3717 2647 ἔρυμα
3750 2576 3970 2645 ἔχουσιν

2394 2671 2600 2742 ἀρκοῦν
2645 2670 2782 2740 πρὸς
2808 2672 2909 2740 τὴν
2934 2670 3031 2723 τοῦ
3074 2668 3289 2740 κρυμοῦ
3322 2667 3646 2740 προσϐολήν.
3688 2666 3969 2720 Καθοπλίο

2396 2760 2549 2824 ζουσι
2586 2760 2695 2830 γὰρ
2741 2760 2913 2831 ταύτῃ
2949 2760 3010 2813 τὸ
3054 2760 3233 2830 σῶμα,
3279 2760 3373 2812 καὶ
3411 2759 3657 2829 ἀντέχειν
3701 2757 3838 2829 πρὸς
3869 2757 3971 2826 τὴν

2393 2850 2652 2919 τοιαύτην
2695 2848 2789 2903 τοῦ
2842 2850 2996 2913 ἔτους
3040 2847 3552 2918 παρασκευάζουσιν
3587 2847 3756 2918 ὥραν.
3798 2848 3862 2899 Οί
3909 2846 3971 2899 δέ

2398 2940 2535 3011 μήτε
2565 2940 2772 3003 σιτίων,
2803 2940 2940 3009 μήτε
2967 2939 3165 3005 ποτῶν,
3188 2938 3310 2992 καθ’
3338 2938 3576 3007 ἑκάστην
3603 2936 3967 2999 ἀπολαύοντες

2394 3032 2492 3101 τὴν
2523 3030 2774 3101 ἡμέραν,
2829 3031 2922 3084 καὶ
2973 3030 3135 3101 ἡνίκα
3182 3030 3298 3084 δ’ἂν
3348 3029 3717 3095 ἀπολαύουσι,
3763 3029 3824 3080 οὐ
3878 3028 3972 3081 τὸν

2397 3123 2557 3191 κόρον
2610 3121 3004 3189 ἀναμένοντες,
3058 3120 3193 3173 ἀλλά
3238 3123 3337 3189 τὴν
3385 3118 3571 3195 ὄρεξιν
3614 3120 3974 3189 ἀκμάζουσαν

2398 3214 2758 3284 χαλινοῦντες,
2789 3216 2881 3267 καὶ
2914 3213 3440 3284 μεταλαμϐάνοντες,
3468 3213 3529 3267 οὐ
3563 3213 3671 3265 τῶν
3701 3212 3974 3283 θερμάναι

2400 3310 2716 3379 δυναμένων
2773 3308 2836 3360 τὸ
2886 3310 3085 3378 σῶμα,
3140 3305 3254 3358 ἀλλ’
3305 3307 3339 3375 ἢ
3393 3305 3802 3374 ποηφαγοῦντες
3860 3308 3974 3366 τοῖς

2400 3401 2615 3468 ἀλόγοις
2648 3399 3066 3470 παραπλησίοις,
3105 3397 3137 3466 ἦ
3178 3396 3486 3466 διαδρόχοις
3534 3396 3781 3465 ὀσπρίοις
3825 3395 3975 3463 χρὼ-

2404 3510 2555 3563 μενοι
2595 3492 2775 3562 μόνοις
2804 3531 2817 3551 .
2860 3494 3010 3544 ποῖον
3070 3491 3136 3543 ἂν
3187 3492 3248 3544 ἐκ
3307 3492 3407 3559 τῆς
3458 3486 3715 3556 τοιαύτης
3762 3487 3975 3557 τροφῆς

2399 3583 2695 3654 ἀρύσαιντο
2742 3581 2985 3646 θάλπος;
3036 3580 3177 3649 πόση
3222 3578 3269 3632 δ’
3322 3579 3389 3631 ἂν
3439 3576 3704 3638 ἐντεῦθεν,
3752 3577 3784 3646 ἢ
3844 3578 3974 3627 ποία

2398 3674 2555 3737 λιὸἀς
2584 3675 2813 3743 αἵματος
2840 3674 3083 3740 γένοιτο;
3128 3670 3263 3723 Κατ’
3314 3669 3467 3722 ούδέν
3512 3667 3690 3720 τοίνυν
3724 3668 3865 3745 ἔοικε
3909 3667 3975 3719 τά

2399 3765 2510 3817 τῶν
2540 3764 2714 3818 ἄλλων
2760 3766 2874 3825 τοῖς
2930 3763 3136 3815 τούτων
3186 3759 3636 3829 ἐπιτηδεύμασιν.
3689 3758 3824 3810 Οΰτε
3864 3757 3975 3826 γὰρ

2401 3853 2564 3923 ἐσθὴς
2613 3854 2646 3922 ἡ
2693 3851 2834 3921 αὐτὴ
2878 3851 3084 3903 τούτων
3133 3849 3404 3902 κάκείνων
3434 3864 3448 3878 ο
3497 3847 3811 3915 τραχυτάτη
3867 3847 3975 3915 γὰρ

2400 3944 2537 4013 αῦτη
2561 3985 2576 4007 ,
2613 3944 2707 3997 καὶ
2737 3944 2938 4012 ἥκιστα
2971 3942 3241 4012 θερμάναι
3277 3938 3549 4007 δυναμένη
3582 3953 3594 3965 ·
3644 3936 3765 3989 οὔτε
3799 3938 3976 4006 τρο,τὴ

2400 4037 2583 4107 ὁμοία,
2614 4035 2730 4087 ἀλλ’
2761 4034 2978 4087 ἐναντία
3010 4036 3074 4086 ἐκ
3098 4031 3415 4101 διαμέτρου.
3450 4029 3680 4097 Ποιμέσι
3713 4028 3813 4095 μὲν
3838 4030 3974 4098 γὰρ,

2402 4126 2494 4180 καὶ
2523 4128 2633 4188 τοῖς
2658 4121 2841 4187 ἄλλοις
2871 4125 2982 4188 τοῖς
3017 4122 3302 4185 τοιούτοις,
3346 4120 3553 4190 τροφῆς
3594 4119 3782 4190 καιρὸς
3829 4119 3977 4181 ἄπας

2400 4218 2628 4289 καιρόςο
2666 4220 2732 4289 τῇ
2768 4216 2944 4287 ὀρέξει
2987 4214 3095 4284 γὰρ
3129 4214 3395 4284 ὁρίζονται
3441 4212 3533 4265 τὸν
3577 4211 3769 4281 καιρὸν
3794 4251 3808 4271 ,
3862 4211 3969 4263 κᾶν

2401 4308 2570 4360 εωθεν
2602 4308 2634 4377 ἡ
2663 4310 2822 4361 πεῖνα
2854 4303 3168 4376 προσὸάλλῃ
3195 4343 3209 4366 ,
3254 4301 3571 4373 παραυτίκα
3604 4302 3977 4372 προσφέρουσι

2402 4399 2502 4467 τὴν
2557 4400 2803 4469 τροφὴνσ
2856 4397 2951 4450 κα)⁵
3000 4394 3405 4467 προσφέρουσιν
3443 4395 3525 4445 ὅτι
3576 4394 3642 4446 ἃν
3690 4395 3862 4465 τύχῃ·
3912 4395 3977 4448 οὔ

718 4490 955 4552 tiuntur,
990 4499 1044 4544 et
1078 4504 1203 4543 cum
1234 4503 1395 4543 mane
1436 4502 1533 4543 eos
1559 4487 1729 4542 fames
1761 4488 2043 4550 invaserit,
2097 4486 2297 4542 evesti-
2329 4513 2373 4569 Β

2329 4513 2373 4569 D
2404 4489 2513 4559 γὰρ
2552 4488 2803 4557 ὥρισται,
2833 4485 2995 4539 τοῦτο
3029 4486 3125 4554 μὲν
3175 4483 3397 4547 ἐσθίειν,
3432 4484 3611 4535 ἐκεῖνο
3648 4483 3705 4536 δὲ
3748 4486 3974 4552 ἥκιστα,

721 4583 809 4651 gio
832 4582 1013 4636 cibum
1044 4582 1297 4651 capiunt:
1318 4581 1542 4649 capiunt
1565 4591 1744 4634 autem
1758 4580 1976 4634 obvium
1998 4595 2289 4650 quemque,

694 4690 844 4728 cum
888 4674 1024 4742 ipsis
1056 4672 1343 4728 deﬁnitum
1381 4687 1492 4725 non
1539 4672 1633 4734 sit,
1695 4672 1799 4726 hoc
1835 4672 2056 4740 quidem
2100 4671 2247 4724 vesci
2274 4708 2307 4735 ,,

720 4768 817 4822 illo
858 4782 991 4823 vero
1044 4752 1310 4831 minime,
1374 4765 1471 4821 sed
1517 4766 1939 4835 quibuscunque
1983 4762 2290 4828 voluerint,

719 4860 894 4914 libere
919 4858 1202 4913 fruuntur.
1236 4859 1307 4912 At
1334 4858 1419 4913 his
1439 4896 1455 4920 ,
1486 4865 1542 4911 et
1572 4857 1712 4920 dies,
1750 4866 1994 4925 tempora
2024 4896 2037 4917 ,
2065 4864 2119 4908 et
2143 4862 2293 4907 certa

719 4966 862 5005 escae
896 4964 1100 5019 genera
1150 4956 1324 5012 sunt,
1362 4958 1531 5018 atque
1590 4962 1863 5003 mensura:
1910 4965 1923 5000 :
1976 4960 2041 4998 ac
2079 4946 2290 5000 seclusa

720 5043 887 5109 hujus
937 5041 1182 5095 satietas.
1244 5038 1424 5106 Quare
1471 5055 1579 5094 non
1632 5046 1718 5094 est
1746 5038 1892 5108 quod
1936 5037 2291 5108 querulorum

719 5134 993 5202 quispiam
1045 5133 1204 5187 nobis
1238 5131 1512 5202 agricolas
1542 5173 1557 5199 ,
1601 5142 1653 5186 et
1686 5138 1935 5200 pastores
1961 5171 1975 5193 ,
2009 5136 2063 5183 et
2097 5139 2292 5182 nautas

722 5224 775 5275 in
806 5222 1045 5275 medium
1078 5222 1361 5289 proferens
1388 5259 1403 5283 ,
1440 5227 1671 5274 conetur
1697 5219 2060 5272 maximorum
2096 5217 2290 5270 bormn

717 5312 962 5381 pugilum
998 5321 1297 5366 extenuare
1344 5309 1673 5365 certamina.
1703 5307 1957 5374 Agricola
1988 5305 2290 5374 siquidem.

718 5403 961 5459 interdiu
993 5402 1252 5457 laborans
1275 5443 1290 5468 ,
1320 5401 1467 5455 domi
1500 5407 1664 5454 noctu
1692 5398 1958 5460 reﬁcitur,
1987 5410 2201 5450 omnem
2242 5396 2290 5449 ei

722 5509 911 5548 curam
942 5503 996 5549 ct
1021 5495 1349 5563 obsequium
1395 5493 1851 5548 subministrante
1906 5490 2135 5559 conjuge
2177 5505 2190 5541 :
2240 5496 2294 5540 et

720 5593 905 5655 pastor
937 5586 1196 5641 similiter
1230 5593 1426 5639 cuncta
1471 5584 1563 5638 illa
1600 5582 1656 5636 in
1694 5589 1949 5651 promptu
1982 5582 2143 5633 habet
2172 5595 2293 5647 quae

719 5676 980 5731 diximus.
1028 5676 1199 5732 Nauta
1247 5691 1417 5741 vero,
1464 5690 1666 5745 corpus
1712 5671 1932 5744 quidem
1968 5672 2099 5727 solis
2142 5672 2291 5726 radio

721 5770 978 5839 exponit,
1032 5769 1126 5825 sed
1181 5770 1249 5825 ab
1298 5769 1455 5837 aquis
1495 5764 1791 5823 remedium
1832 5763 1984 5819 ali‘ert
2030 5767 2289 5833 corpori:

2401 4580 2538 4634 ἀλλά
2571 4580 2787 4632 πάντων
2816 4570 2892 4629 ὧν
2920 4575 2987 4629 ἂν
3039 4573 3331 4637 ἐθέλωσιν,
3377 4572 3548 4635 ἀδεῶς
3586 4572 3977 4631 ἀπολαύουσιν.

2410 4669 2676 4725 Ἐνταῦθα
2704 4668 2761 4721 δὲ
2790 4667 2886 4720 καὶ¹
2914 4665 3153 4736 ἡμέραι,
3206 4664 3300 4717 καὶ¹
3337 4662 3552 4733 καιροὶ,
3584 4666 3678 4717 καὶ
3714 4664 3827 4734 εἴδη
3876 4669 3977 4735 τῆς

2397 4761 2628 4832 τροφῆς,
2658 4759 2755 4811 καὶ
2786 4758 2993 4827 μέτρω
3035 4756 3131 4809 καὶ
3172 4755 3334 4825 κόρος
3376 4753 3580 4825 ταύτης
3626 4771 3973 4824 κεχωρισμε-

2398 4868 2505 4915 νος.
2536 4850 2743 4919 Μηδεὶς
2790 4846 2970 4901 τοίνυν
3015 4848 3146 4916 ἡμῖν
3194 4844 3302 4896 τῶν
3343 4844 3752 4914 μεμψιμοίρων,
3793 4848 3971 4913 7131:5-

2400 4962 2546 5007 νους,
2581 4942 2675 4996 καὶ
2700 4939 2985 5011 ποιμένας,
3011 4939 3106 4991 καὶ
3135 4935 3335 4998 ναύτας
3365 4937 3653 5007 προφέρων
3676 4936 3755 4998 είς
3783 4936 3972 5004 μέσον,

2402 5032 2723 5105 σμικρύνειν
2754 5029 3103 5100 ἐπιχειρείτω
3128 5028 3235 5081 τῶν
3266 5026 3537 5097 μεγίστων
3566 5025 3770 5079 τούτων
3802 5026 3974 5096 ἀϐλη-

2397 5128 2507 5180 τῶν
2534 5128 2657 5189 τοὺς
2696 5125 2933 5193 ἀγῶνας.
2967 5124 3035 5175 ’ὐ
3068 5139 3125 5175 τε
3166 5120 3275 5188 γάρ
3318 5120 3573 5189 γηπόνος,
3610 5120 3729 5187 μεθ’
3758 5120 3976 5187 ἡμέραν

2399 5218 2591 5287 καμὼν
2620 5257 2633 5280 ,
2689 5218 2827 5268 οἴκοι
2878 5212 3242 5282 θεραπεύεται
3297 5210 3554 5279 νύκτωρ,
3598 5209 3774 5259 πᾶσαν
3823 5207 3976 5274 αὐτῷ

2398 5309 2691 5378 θεραπείαν
2725 5309 2825 5377 τῆς
2852 5306 3124 5377 ὁμοζύγου
3162 5303 3512 5375 ποριζούσης.
3550 5302 3659 5354 Καὶ
3702 5304 3730 5353 ὁ
3765 5302 3975 5372 ποιμὴν

2397 5404 2453 5456 δὲ
2483 5402 2744 5463 ὡσαύτως
2778 5397 3173 5469 μεταλαγχάνει
3208 5396 3423 5448 πάντων
3449 5392 3691 5459 ἐκείνων,
3727 5384 3802 5443 ὧν
3838 5409 3977 5461 προ⁴

2399 5495 2739 5564 ειρήκαμεν’
2787 5492 2815 5543 ὁ
2868 5490 2925 5543 δὲ
2975 5488 3175 5556 ναύτης
3209 5486 3422 5556 δέχεται
3478 5484 3575 5554 μὲν
3624 5483 3721 5551 τὴν
3773 5483 3977 5536 ἀκτῖνα

2400 5586 2539 5638 κατὰ
2563 5584 2660 5635 τοῦ
2693 5583 2941 5651 σώματος
2967 5596 2978 5608 ·
3010 5579 3145 5633 ἀλλά
3179 5579 3278 5647 τὴν
3301 5577 3408 5632 ἀπὸ
3435 5576 3543 5629 τῶν
3569 5574 3779 5627 ὑδάτων
3811 5573 3977 5643 θερα-

2402 5677 2559 5730 πείαν
2592 5675 2894 5745 προσφέρει
2940 5671 3016 5743 τῷ
3065 5669 3313 5741 σώματι’
3364 5668 3682 5736 ἐπινήχεται
3713 5664 3822 5733 γὰρ
3852 5666 3977 5716 ὅσον

2404 5768 2671 5839 βούλεται,
2719 5766 2811 5818 καὶ
2849 5766 2914 5838 τῇ
2947 5762 3105 5833 φλογὶ
3135 5760 3232 5831 τῆς
3279 5758 3493 5823 ἀκτῖνος
3527 5754 3977 5824 ἀλεξιφάρμακον
