4216 6456
269 392 393 459 1501

1276 388 1555 455 ORATIO
1608 394 1704 453 DE
1739 392 1997 452 DIVINA
2040 397 2485 457 CHARITATE-

3353 399 3486 463 1502

262 504 565 576 προσφέρει
610 506 710 571 τὴν
746 502 855 557 τῶν
905 502 1113 557 ὑδάτων
1169 502 1503 572 ψυχρότητα.
1551 500 1707 558 Οὗτοι
1762 504 1818 556 δὲ

1925 518 2043 555 nam
2065 506 2115 557 in
2137 506 2220 559 his
2237 517 2383 559 natat
2401 513 2661 575 quantum
2684 507 2791 558 vult
2805 518 2878 571 ,et
2893 508 3087 560 solaris
3107 506 3241 559 radii
3258 508 3485 560 llaiuma:

264 596 561 666 θεραπείας
600 595 699 664 μὲν
740 596 999 665 οὐδεμιᾶς
1027 596 1158 664 παρ’
1187 597 1399 659 οὐδενὸς
1447 595 1824 649 ἀπολαύουσιν.

262 688 337 739 Οὐ
380 688 488 756 γὰρ
526 686 835 740 συνοικοῦσι
857 688 1131 753 γυναῖκες,
1164 686 1219 739 αἶ
1247 691 1359 749 τοῖς
1382 688 1605 756 ἀνδράσι
1641 702 1828 739 παντο⁶

184 807 191 813 ο
258 778 439 848 δαπὴν
474 778 820 846 μηχανῶνται
859 777 1212 847 παραψυχήν.
1242 778 1377 831 Οὓτε
1404 778 1459 830 δὲ
1487 780 1584 846 τῆς
1610 780 1827 841 ἀκτῖνος

261 870 595 938 θερμότερον
651 868 1104 937 προσϐαλούσης,
1154 870 1255 936 τὴν
1309 868 1416 919 ἀπὸ
1461 868 1567 920 τῶν
1620 868 1827 921 ὑδάτων

258 960 625 1028 ψυγαγωγίαν
674 960 1106 1029 προσφέρονται·
1147 960 1209 1011 ού
1257 957 1521 1027 χειμῶνος
1568 957 1685 1027 ὥρα
1728 960 1827 1026 τὴν

259 1050 470 1118 τροφὴν
505 1051 878 1101 ἀντιτάττουσι
911 1048 988 1117 τῷ
1040 1047 1273 1117 κρυμῷ,
1316 1047 1439 1099 οὔτε
1490 1049 1585 1115 τῆς
1634 1048 1826 1109 νυκτὸς

260 1139 362 1208 τὴν
410 1140 758 1199 ἀνάπαυλαν,
799 1134 911 1191 οἷόν
949 1156 1000 1191 τι
1033 1141 1349 1207 φάρμακον,
1385 1142 1491 1200 τοῖς
1526 1140 1825 1208 μεθημερι-

260 1234 374 1292 νοῖς
425 1231 790 1298 προσφέρουσι
846 1231 1027 1291 πόνοις
1061 1245 1075 1259 °
1120 1230 1213 1283 καὶ
1259 1227 1476 1297 μείζους
1533 1228 1678 1297 γὰρ,
1732 1228 1824 1278 καὶ

261 1322 500 1384 πλείους,
534 1323 581 1372 οί
614 1320 815 1388 ταύτης
843 1319 955 1372 τῶν
982 1322 1040 1370 ἐν
1072 1322 1254 1388 ἡμέρᾳ.
1295 1318 1637 1387 γιγνομένων
1669 1316 1825 1387 ίδρώ·

256 1430 385 1464 των.
430 1414 517 1465 Ἐν
556 1411 727 1480 ταύτῃ
772 1412 899 1480 γὰρ,
940 1412 1032 1463 καὶ
1058 1412 1160 1481 τὴν
1203 1412 1339 1479 πρὸς
1378 1410 1470 1463 τὸν
1501 1410 1666 1462 ὖπνον
1694 1411 1825 1461 ἀνα-

252 1504 500 1569 δέχονται
556 1504 767 1571 πάλην.
836 1504 929 1555 καὶ
987 1504 1086 1571 τῆς
1146 1503 1402 1570 γλυκείας
1452 1502 1665 1571 ἐκείνης
1725 1503 1824 1554 οὐκ

253 1595 537 1660 ἀνέχονται
586 1594 797 1662 ἥττης·
836 1594 970 1647 ἀλλά
1029 1595 1129 1663 τῆς
1176 1596 1396 1664 ἡδίστης
1453 1596 1822 1664 περιγίνονται

250 1685 591 1752 τυραννίδος,
638 1687 731 1737 καὶ
759 1686 1041 1754 παννύχιοι
1071 1686 1373 1738 διατελοῦσι
1421 1687 1509 1738 τὸν
1548 1687 1823 1757 Δεσπότην

252 1774 569 1843 ὑμνοῦντες.
605 1776 792 1838 Οὐδεὶς
818 1775 997 1827 τοίνυν
1025 1776 1132 1828 τῶν
1166 1776 1269 1839 ἔξω
1298 1778 1395 1844 τῆς
1432 1777 1636 1830 τούτων
1670 1778 1821 1845 φιλο-

253 1866 453 1931 σοφίας
475 1905 491 1928 ,
536 1865 635 1936 τὴν
668 1867 873 1920 τούτων
908 1868 1265 1920 ἐπιδέδεικται
1310 1870 1623 1939 καρτερίαν.
1657 1871 1719 1922 Εί
1762 1870 1820 1923 δὲ

253 1956 446 2024 μηδεὶς
478 1956 585 2008 τῶν
624 1956 799 2009 ἀλλων
844 1958 1146 2025 ἀνθρώπων
1181 1960 1455 2029 ἀντισχεῖν
1505 1962 1642 2031 πρὸς
1692 1962 1820 2025 τοὺς

250 2046 531 2108 τοιούτους
585 2049 782 2109 πόνους
813 2049 1093 2119 δεδύνηται
1122 2089 1136 2112 ,
1170 2049 1328 2119 δῆλον
1380 2052 1455 2114 ὠς
1500 2053 1528 2104 ὀ
1563 2051 1691 2121 περὶ
1727 2051 1817 2105 τὸν

249 2135 384 2189 Θεὸν
413 2138 551 2206 ἔρως
578 2138 879 2209 ὑπερϐῆναι
904 2142 1029 2203 τοὺς
1052 2142 1149 2212 τῆς
1170 2142 1383 2210 φύσεως
1409 2143 1818 2212 παρεσκεύασεν

248 2230 444 2297 ὅρους·
479 2230 575 2284 καὶ
616 2231 695 2302 τῷ
737 2232 942 2287 ἀνωθεν
986 2236 1178 2306 πυρσῷ
1212 2237 1678 2307 πυρπολούμενοι,
1726 2236 1819 2306 φέ-

252 2337 442 2390 ρουσιν
476 2322 759 2387 ἀσπασίως
785 2325 885 2397 τὴν
909 2325 1004 2379 τοῦ
1030 2328 1244 2396 κρυμοῦ
1276 2328 1598 2399 προσϐολὴν,
1628 2328 1721 2380 καὶ
1750 2332 1816 2399 τῇ

251 2409 506 2464 ἐντεῦθεν
542 2412 747 2483 δρόσῳ,
806 2414 907 2484 τὴν
955 2417 1053 2485 τῆς
1100 2419 1316 2481 ἀκτῖνος
1370 2417 1816 2486 καταπραΰνουσι

251 2500 449 2568 φλόγα.
482 2495 652 2565 Οὗτος
698 2504 895 2567 αὐτοὺς
946 2506 1043 2558 καὶ
1083 2508 1315 2579 τρέφει,
1369 2510 1461 2562 καὶ
1502 2508 1689 2579 ἄρδει,
1724 2509 1817 2562 καὶ

252 2592 607 2663 περιϐάλλει,
653 2595 749 2649 καὶ
777 2596 952 2668 πτερά
980 2598 1195 2663 δίδωσι,
1243 2600 1338 2653 καὶ
1382 2600 1640 2654 πέτεσθαι
1680 2601 1820 2654 διδά-

252 2702 374 2738 σκει
399 2724 416 2750 ,
466 2684 562 2738 καὶ
603 2686 695 2739 τὸν
731 2687 958 2757 οὐρανὸν
996 2689 1345 2757 ὑπερϐαίνειν
1387 2691 1815 2761 παρασκευάζει,

250 2777 346 2829 καὶ
383 2775 475 2828 τδν
518 2774 793 2845 ἐρώμενον
837 2778 913 2841 ὼς
942 2778 1167 2833 δυνατὸν
1200 2782 1530 2835 ἐπιδείκνυσι
1553 2821 1568 2845 ,
1620 2784 1714 2836 καὶ
1749 2786 1815 2855 τῇ

247 2868 349 2935 τῆς
381 2864 613 2936 θεωρίας
643 2868 914 2938 φαντασίᾳ
960 2870 1220 2940 πυρσεύει
1257 2870 1348 2923 τὸν
1394 2871 1576 2937 πόθον,
1610 2874 1705 2926 καὶ
1736 2874 1817 2926 δι-

248 2956 457 3027 εγείρει
507 2956 567 3009 τὸ
611 2957 870 3029 φίλτρον,
920 2958 1014 3011 καὶ
1059 2961 1423 3031 σφοδροτέραν
1471 2961 1691 3028 ἐξάπτει
1720 2962 1817 3033 τὴν

248 3047 446 3114 φλόγα.
490 3047 758 3119 Καθάπερ
813 3050 922 3121 γὰρ
968 3051 1017 3103 οί
1074 3051 1182 3103 τῶν
1236 3054 1502 3120 σωμάτων
1559 3054 1814 3123 ἐρῶντες,

1929 594 2224 645 remedium
2242 597 2744 665 opponitaquarum
2777 594 3428 664 frigiditatemJliautem
3456 611 3484 647 a
3526 584 3531 589 ’

1926 698 2034 750 quo
2068 694 2334 736 curentur
2366 699 2471 738 non
2505 687 2727 740 habent.
2752 684 2937 754 Neque
2978 688 3121 738 enim
3171 687 3281 741 illis
3322 687 3486 737 euha-

1928 774 2100 827 bitant
2135 791 2331 829 uxores
2363 792 2483 845 quae
2502 792 2663 830 omne
2683 792 2853 845 genus
2874 776 3052 828 solatii
3074 776 3206 831 viris
3239 778 3355 830 suis
3387 792 3485 828 ex-

1925 871 2169 935 cOgitant
2203 885 2215 920 :
2255 883 2429 936 neque
2488 868 2697 936 1300
2728 868 2893 922 solari
2926 867 3080 919 radio
3122 866 3350 920 calidius
3393 882 3486 919 eos

1927 960 2153 1011 feriente
2174 1002 2187 1023 ,
2222 959 2614 1029 refrigerantur
2644 962 2799 1026 aquis
2844 977 2856 1011 :
2888 973 3064 1025 neque
3088 957 3314 1011 hiberno
3345 964 3486 1009 tetu-

1926 1064 2054 1116 pore
2080 1060 2359 1116 opponunt
2389 1064 2567 1103 escam
2599 1048 2812 1117 frigori,
2840 1062 3017 1115 neque
3044 1048 3284 1115 quietem
3310 1047 3487 1099 noctis

1930 1140 2072 1191 velut
2101 1142 2420 1192 diurnorum
2450 1140 2697 1191 laborum
2726 1138 3176 1191 medicamentum
3201 1137 3485 1198 adhibent,

1926 1246 2046 1283 cum
2080 1240 2134 1284 et
2170 1232 2405 1297 majores
2434 1241 2487 1284 et
2513 1232 2695 1300 plures
2732 1230 2841 1283 illis
2881 1230 3049 1295 hujus
3082 1231 3191 1282 sint
3218 1229 3483 1292 sudores,

1925 1338 2087 1389 quam
2132 1322 2263 1375 diei.
2321 1322 2391 1375 lle
2428 1334 2584 1375 nocte
2614 1323 2757 1375 enim
2790 1337 2912 1375 cum
2954 1336 3146 1375 somno
3176 1323 3482 1375 colluctan-

1926 1423 2035 1473 tur,
2068 1428 2244 1481 neque
2279 1414 2426 1466 illius
2452 1412 2739 1465 dulcedine
2769 1429 2827 1466 se
2860 1414 3001 1465 vinci
3037 1412 3315 1481 patiuntur
3343 1432 3355 1464 :
3388 1413 3483 1465 sed

1925 1506 2302 1559 dulcissimam
2328 1506 2474 1559 illam
2501 1504 2842 1575 tyrannidem
2873 1505 3096 1559 vincunt
3121 1504 3256 1573 ipsi,
3294 1513 3487 1557 totam-

1924 1612 2028 1665 que
2063 1606 2275 1651 noctem
2316 1598 2369 1649 in
2408 1596 2610 1649 divinis
2644 1594 2902 1649 laudibus
2946 1596 3277 1663 transigunt.
3320 1595 3487 1647 Nemo

1925 1689 2089 1755 igitur
2119 1689 2314 1741 horum
2352 1688 2713 1755 philosophiae
2741 1702 2966 1755 expers.
3010 1700 3201 1738 eorum
3239 1687 3485 1739 toleran-

1927 1781 2055 1831 tiam
2089 1778 2356 1832 exhibuit.
2387 1776 2541 1843 Quod
2565 1779 2609 1831 si
2635 1779 2818 1831 nullus
2848 1787 3171 1830 ceterorum
3206 1776 3483 1829 hominum

1924 1868 2191 1936 ejusmodi
2247 1868 2527 1921 laboribus
2578 1866 2834 1922 resistere
2875 1868 3087 1936 potuit,
3134 1868 3485 1920 manifestum

1921 1971 2004 2014 est
2036 1974 2273 2013 amorem
2306 1959 2359 2013 in
2382 1958 2552 2012 Deum
2588 1957 2863 2021 eﬂecisse,
2898 1967 2957 2011 ut
2987 1959 3253 2012 terminos
3277 1968 3486 2011 natura:

1922 2059 2243 2120 superarent
2293 2070 2305 2104 :
2358 2066 2704 2120 supernaque
2760 2050 2883 2104 illos
2933 2049 3148 2103 ﬂamma
3194 2051 3509 2111 incensos,.

1921 2142 2141 2212 frigoris
2167 2143 2424 2210 impetum
2456 2142 2687 2195 libenter
2710 2142 2987 2195 sustinere
3006 2180 3018 2200 .
3049 2156 3113 2193 ae
3130 2141 3337 2193 cmlesti
3366 2155 3488 2192 rore

1920 2234 2201 2303 perfusos,
2233 2233 2427 2287 solaris
2451 2232 2586 2285 radii
2610 2231 2882 2286 ﬂammam
2916 2233 3189 2299 mitigare.
3216 2231 3312 2284 llic
3337 2232 3487 2301 ipsos

1920 2333 1977 2379 et
2012 2326 2222 2388 nutrit,
2253 2334 2308 2378 et
2342 2325 2569 2394 irrigat,
2611 2334 2660 2379 et
2696 2324 2894 2383 vestit,
2926 2333 2980 2378 et
3001 2326 3115 2377 alas
3152 2326 3354 2394 praebet
3376 2365 3391 2387 ,
3424 2337 3488 2375 ac

1918 2420 2106 2473 volare
2138 2419 2335 2485 docet,
2377 2428 2433 2474 et
2472 2427 2531 2472 ut
2586 2419 2788 2472 cmlum
2827 2418 3219 2471 transcendant
3287 2417 3483 2481 edicit,

1918 2517 1972 2565 et
2012 2510 2272 2565 dilectum
2314 2510 2495 2580 quoad
2548 2510 2664 2565 ﬁeri
2715 2517 2895 2578 potest
2933 2510 3200 2571 ostendit,
3239 2520 3487 2562 contem-

1920 2603 2286 2672 plationisque
2317 2601 2498 2671 specie
2524 2602 2853 2656 desiderium
2877 2601 3138 2665 incendit,
3171 2608 3224 2655 et
3247 2615 3485 2654 amorem

1918 2692 2159 2755 excitat,
2192 2694 2569 2760 llammamque
2600 2691 2761 2747 infert
2790 2692 3179 2747 ardentiorem.
3210 2690 3488 2757 Quemad-

1919 2784 2137 2838 modum
2184 2786 2330 2838 enim
2373 2799 2668 2853 corporum
2702 2799 2889 2839 amore
2918 2783 3061 2850 capti
3090 2822 3103 2846 ,
3158 2797 3223 2835 ex
3258 2789 3485 2850 aspectu

1918 2891 2108 2931 eorum
2162 2891 2302 2946 quos
2350 2882 2569 2939 amant,
2639 2874 2928 2929 materiam
2992 2872 3163 2927 amori
3221 2872 3489 2926 submini-

1920 2974 2098 3021 strant
2119 3007 2134 3031 ,
2173 2968 2540 3034 ardoremque
2572 2966 2723 3019 illum
2754 2966 3058 3035 graviorem
3090 2964 3326 3019 reddunt
3357 2983 3371 3019 :
3408 2964 3487 3018 sic

1919 3059 2011 3127 qui
2049 3058 2249 3111 divina:
2280 3056 2594 3110 dilectionis
2645 3055 2899 3109 stimulos
2935 3055 3308 3116 admiserunt,
3343 3054 3487 3107 divi-

248 3140 383 3210 ὓλην
421 3140 530 3193 ἀπὸ
558 3142 657 3211 τῆς
702 3142 831 3205 θέας
854 3143 964 3195 τῶν
1001 3144 1290 3214 ἐρωμένων
1320 3145 1397 3215 τῷ
1426 3146 1628 3217 φίλτρῳ
1659 3149 1811 3219 πορί-

1925 3163 2045 3201 nam
2078 3148 2223 3200 illam
2274 3154 2328 3200 et
2360 3145 2623 3198 illibatam
2654 3142 3118 3212 pulchritudinem
3160 3144 3343 3196 animo
3375 3143 3489 3196 vol-

247 3232 439 3296 ζουσι,
487 3233 700 3286 καὶτὸν
737 3232 950 3304 οἶστρον
987 3236 1193 3288 ἐκεῖνον
1226 3236 1605 3308 χαλεπώτερον
1640 3242 1814 3311 ἀπερ-

244 3324 508 3392 γάζονται
535 3342 549 3356 ·
584 3325 757 3387 οὕτως
800 3327 848 3377 οί
892 3326 990 3395 τῆς
1037 3326 1190 3389 θείας
1238 3329 1454 3396 ἀγάπης
1499 3330 1565 3383 τὰ
1618 3331 1815 3400 κέντρα

244 3416 553 3485 δεχόμενοι,
600 3415 664 3468 τὸ
702 3415 843 3467 θεῖον
877 3417 1052 3469 ἐκεῖνο
1099 3418 1191 3469 καὶ
1232 3420 1507 3489 ἀκήρατον
1546 3420 1815 3486 φανταζόο

249 3525 404 3578 μενοι
439 3509 656 3572 κάλλος,
692 3510 955 3581 ὀξυτέρας
992 3512 1092 3580 τῆς
1123 3513 1343 3583 ἀγάπης
1371 3516 1467 3575 τὰς
1492 3515 1683 3577 ἀκίδας
1726 3519 1817 3586 ερ-

245 3600 529 3667 γάζονται,
548 3603 641 3653 καὶ
662 3602 773 3671 ὅσῳ
801 3601 964 3655 πλέον
987 3603 1293 3654 ἀπολαῦσαι
1316 3604 1557 3665 ποθοῦσι,
1577 3605 1814 3675 τοσούτῳ

250 3692 452 3760 μᾶλλον
492 3693 584 3744 τὸν
613 3693 773 3762 κόρον
802 3691 1101 3745 ιλαύνουσι.
1136 3693 1212 3761 Τῇ
1252 3693 1352 3761 μὲν
1379 3693 1487 3760 γάρ
1518 3694 1673 3765 ἡδονῇ
1704 3695 1814 3748 τῶν

247 3783 517 3851 σωμάτων
548 3782 831 3836 ἀκολουθεῖ
865 3781 1149 3852 πλησμονὴ
1168 3823 1180 3842 ,
1228 3784 1256 3834 ὁ
1286 3783 1340 3835 δὲ
1369 3783 1510 3846 θεῖος
1540 3785 1680 3855 ἔρως
1718 3786 1812 3839 τοῦ

243 3877 411 3945 κόρου
441 3875 565 3937 τοὺς
594 3875 791 3941 νόμους
831 3873 892 3925 οὐ
926 3874 1159 3943 δέχεται.
1193 3873 1447 3935 Τοιοῦτος
1480 3871 1549 3943 ἦν
1578 3877 1812 3946 Μωῦσῆς

243 3969 274 4019 ὁ
308 3967 480 4034 μέγας
526 3965 853 4034 νομοθέτης*
896 3963 955 4026 ὃς
1013 3963 1307 4027 πολλάκις,
1355 3964 1430 4026 ὡς
1477 3966 1693 4032 ἐφικτὸν
1722 3967 1813 4017 ἀν-

241 4058 449 4127 θρώπῳ
470 4100 484 4123 ,
522 4056 623 4125 τῆς
651 4056 802 4117 θείας
850 4056 1082 4125 θεωρίας
1108 4055 1357 4120 ἀξιωθεὶς
1380 4095 1395 4116 ,
1436 4056 1526 4108 καὶ
1555 4058 1814 4120 πολλάκις

242 4153 343 4219 τῆς
373 4148 648 4218 μακαρίας
676 4145 987 4209 ἀπολαύσας
1019 4148 1202 4214 φωνῆς
1228 4186 1241 4208 ,
1287 4148 1378 4198 καὶ
1406 4148 1813 4215 τεσσαράκοντα

242 4240 382 4293 κατὰ
414 4239 612 4291 ταύτὸν
635 4238 848 4308 ἡμέρας
888 4238 1018 4290 εἵσω
1038 4236 1133 4288 τοῦ
1158 4236 1358 4304 γνόφου
1384 4239 1688 4306 γενόμενος,
1720 4239 1813 4291 καὶ

240 4330 341 4399 τὴν
368 4329 520 4381 θείαν
546 4327 867 4396 νομοθεσίαν
896 4326 1211 4394 δεξάμενος,
1243 4326 1306 4377 οὐ
1336 4326 1495 4394 μόνον
1522 4326 1681 4395 κόρον
1713 4327 1812 4379 οὐκ

240 4421 434 4473 ἐλαϐεν
454 4463 466 4480 ,
502 4419 639 4472 ἀλλά
687 4418 781 4470 καὶ
812 4417 1173 4487 σφοδροτέραν
1207 4417 1302 4469 καὶ
1333 4416 1669 4486 θερμοτέραν
1709 4416 1808 4487 τὴν

241 4511 541 4580 ἐπιθυμίαν
586 4511 873 4580 ἐκτήσατο.
909 4508 1175 4579 Καθάπερ
1202 4510 1311 4577 γάρ
1342 4526 1465 4563 τινα
1510 4512 1675 4581 κάρον
1703 4511 1806 4564 ὑπὸ

240 4603 338 4670 τῆς
370 4602 463 4654 τοῦ
492 4602 692 4671 ἔρωτος
729 4601 938 4654 ἐκείνου
990 4599 1279 4669 δεξάμενος
1334 4602 1503 4671 μέθης
1528 4643 1543 4665 ,
1590 4604 1684 4655 καὶ
1730 4603 1806 4671 τῷ

244 4694 453 4769 φίλτρῳ
480 4692 597 4744 λίαν
627 4691 1013 4760 ὲκϐακχευθεὶς
1031 4733 1046 4755 ,
1078 4692 1175 4761 τὴν
1217 4692 1314 4760 μὲν
1339 4693 1544 4746 οἰκείαν
1572 4694 1805 4764 ἠγνόησε

242 4784 423 4853 φύσιν,
456 4781 771 4850 ἐπεθύμησε
799 4781 855 4833 δὲ
884 4780 1030 4844 ἰδεῖν,
1066 4780 1102 4833 ἃ
1133 4780 1206 4850 μὴ
1235 4780 1391 4849 θέμις
1418 4781 1547 4833 ἰδεῖν
1573 4797 1587 4811 ⁸
1617 4783 1806 4853 ὥσπερ

239 4874 350 4942 γὰρ
392 4872 781 4942 ἐπιλαθόμενος
810 4872 908 4940 τῆς
951 4871 1267 4934 δεσποτείας
1293 4910 1306 4933 ,
1360 4874 1452 4925 καὶ
1484 4873 1543 4925 τὺ
1584 4874 1805 4944 φίλτρον

236 4964 584 5035 λογιζόμενος
642 4961 798 5029 μόνον
821 5001 835 5025 ,
871 4960 975 5030 ἔφη
1011 4960 1145 5026 πρὸς
1190 4961 1280 5013 τὸν
1321 4960 1430 5013 τῶν
1474 4962 1611 5015 ὅλων
1640 4964 1801 5016 θεόν’

246 5074 263 5105 ι
322 5056 477 5119 Ἰδοὺ,
512 5054 575 5106 σὺ
603 5052 782 5118 λέγεις
816 5068 945 5121 μοι·
982 5046 1152 5121 Εὗρες
1175 5052 1335 5122 χάριν
1361 5053 1489 5125 παρ’
1520 5056 1664 5123 ἐμοὶ,
1709 5057 1804 5109 καὶ

239 5142 359 5197 οἶδά
390 5162 446 5197 σε
475 5144 626 5214 παρά
656 5146 882 5206 πάντας.
908 5145 969 5196 Εἰ
991 5143 1166 5197 τοίνυν
1190 5141 1347 5215 εὖρον
1380 5147 1538 5216 χάριν
1570 5148 1810 5201 ἐναντίον

241 5253 359 5291 σου.
396 5236 694 5304 ἑμφάνισόν
738 5252 828 5302 μοι
881 5234 1144 5286 σεαυτόν’
1199 5237 1453 5302 γνωστῶς
1504 5239 1597 5290 ίδω
1650 5256 1732 5293 σε.
1781 5257 1802 5291 ι

238 5326 511 5393 Τοιαύτην
551 5326 659 5379 ἀπὸ
708 5327 809 5395 τῆς
866 5327 1017 5391 θείας
1073 5330 1291 5399 ἀγάπης
1342 5329 1559 5393 ἐδέξατο
1613 5332 1803 5403 μέθην,

238 5420 336 5471 καί
365 5420 397 5487 ἡ
433 5419 572 5487 μέθη
603 5419 662 5471 τὸ
690 5420 841 5488 δίψος
874 5421 973 5473 οὐκ
1002 5420 1222 5475 ἔσϐεσεν
1243 5460 1256 5483 ,
1287 5422 1423 5475 ἀλλά
1452 5424 1805 5495 σφοδρότερον

239 5509 638 5579 ἀπειργάσατο.
662 5512 766 5563 Καὶ
793 5514 825 5581 ἡ
856 5512 1140 5584 προσθήκη
1168 5512 1267 5582 τῆς
1294 5515 1523 5577 πόσεως,
1558 5518 1805 5583 ἐπίτασις

239 5603 455 5669 ἐγένετο
484 5602 581 5671 τῆς
606 5604 866 5674 ἐφέσεως,
894 5606 987 5658 καὶ
1011 5605 1109 5675 τὴν
1134 5604 1311 5673 ὄρεξιν
1337 5606 1572 5676 ηὔξησεν
1604 5611 1636 5662 'll
1661 5609 1801 5662 ἀπό-

312 5796 339 5827 ι
374 5784 544 5840 Exod.
580 5802 721 5848 utr,
745 5787 831 5852 53,
872 5787 956 5841 5!.
1040 5790 1064 5829 ιι
1100 5789 1264 5846 Exod.
1300 5808 1523 5857 xxxviii,
1568 5792 1645 5846 l3.

1914 3246 2137 3299 ventes,
2173 3237 2608 3291 vehementiores
2641 3235 2926 3290 charitatis
2974 3236 3195 3289 aculeos
3225 3235 3484 3298 ellieiunt,

1913 3338 1969 3383 et
2015 3328 2222 3398 1301
2277 3336 2481 3397 quanto
2537 3327 2710 3395 magis
2771 3326 2874 3379 frui
2934 3325 3283 3391 desiderant,
3334 3335 3487 3378 tanto

1915 3421 2090 3489 magis
2148 3419 2451 3472 satietatem
2539 3418 2837 3487 depellunt.
2932 3416 3066 3469 Nam
3152 3418 3485 3485 voluptatem

1913 3510 2134 3578 quidem
2192 3524 2483 3578 corporum
2560 3510 2809 3577 sequitur
2890 3509 3119 3563 satietas
3185 3527 3200 3562 :
3264 3510 3486 3563 divinus

1915 3606 2098 3653 autem
2146 3614 2302 3654 amor
2349 3600 2622 3655 satietatis
2665 3599 2814 3667 leges
2861 3614 2970 3652 non
3028 3598 3284 3652 admittit.
3337 3597 3485 3652 Talis

1914 3697 2035 3744 erat
2085 3703 2318 3759 magnus
2369 3689 2650 3758 legislator
2681 3687 2859 3742 Moses
2882 3699 2931 3752 ι,
2984 3688 3077 3756 qui
3131 3702 3255 3741 cum
3303 3686 3486 3740 divina

1919 3794 2062 3848 szepe
2112 3779 2613 3849 contemplatione,
2664 3786 2929 3848 quantum
2971 3776 3180 3830 homini
3227 3776 3310 3830 fas
3348 3776 3482 3838 fuit,

1912 3874 2117 3939 dignus
2143 3877 2293 3926 esset
2325 3870 2580 3933 habitus,
2623 3878 2677 3924 et
2714 3869 3030 3938 frequenter
3057 3870 3269 3923 beatam
3296 3882 3482 3922 vocem

1914 3964 2252 4025 audivisset,
2285 3959 2518 4029 diesque
2542 3959 2708 4015 simul
2734 3960 3095 4029 quadraginta
3124 3959 3269 4012 intra
3296 3959 3484 4026 caligi-

1914 4069 2037 4109 nem
2057 4061 2341 4114 versatus,
2365 4052 2608 4105 divinam
2639 4051 2811 4120 legem
2829 4051 3152 4119 accepisset,
3186 4065 3291 4103 non
3322 4050 3483 4102 modo

1913 4161 2037 4199 eum
2070 4144 2299 4199 satietas
2332 4156 2440 4195 non
2472 4140 2649 4203 cedit,
2700 4140 2795 4194 sed
2824 4148 2874 4196 et
2910 4140 3288 4195 vehementius
3318 4148 3481 4207 atque

1914 4236 2201 4289 ardentius
2236 4232 2568 4287 desiderium
2604 4231 2727 4299 ejus
2775 4232 3006 4286 exstitit.
3060 4232 3288 4287 Perinde
3333 4232 3478 4285 enim

1913 4341 1977 4380 ac
2022 4326 2065 4381 si
2099 4325 2251 4395 gravi
2283 4323 2517 4393 quodam
2546 4337 2749 4392 sopore
2787 4338 2850 4376 ex
2886 4314 3094 4376 ameris
3124 4323 3271 4378 illius
3300 4322 3480 4375 ebrie-

1913 4424 2027 4469 tate
2067 4428 2406 4483 oppressus,
2454 4421 2509 4467 et
2537 4413 2697 4481 quasi
2746 4411 2983 4480 quodam
3038 4411 3242 4465 amoris
3292 4409 3477 4463 lurore

1912 4520 2077 4575 supra
2117 4504 2339 4558 modum
2378 4502 2655 4573 percitus,
2702 4502 2978 4571 propriam
3026 4510 3279 4555 naturam
3326 4500 3479 4569 igno-

1910 4598 2086 4659 ravit,
2132 4604 2186 4650 et
2221 4608 2284 4649 ea
2327 4594 2516 4648 videre
2562 4591 2934 4653 desideravit,
2991 4606 3112 4658 qua:
3164 4589 3347 4643 videre
3391 4588 3477 4644 l'as

1909 4704 2018 4741 non
2065 4695 2173 4742 est.
2223 4685 2391 4750 Quasi
2445 4684 2591 4737 enim
2646 4683 2853 4737 oblitus
2902 4682 3165 4745 dominii,
3205 4691 3258 4735 et
3296 4681 3474 4735 solum

1908 4793 2150 4833 amorem
2189 4778 2375 4831 animo
2399 4790 2662 4837 versans,
2699 4774 2839 4827 dixit
2888 4774 3268 4827 universorum
3324 4770 3474 4825 Deo:

1914 4891 1930 4920 ι
1975 4868 2112 4923 Ecce
2140 4876 2197 4921 tu
2228 4868 2366 4922 dicis
2385 4867 2518 4920 mihi
2546 4883 2561 4920 :
2593 4864 2857 4920 Invenisti
2889 4866 3119 4935 gratiam
3146 4877 3331 4918 coram
3366 4877 3473 4922 me,

1907 4967 1960 5013 et
1991 4960 2117 5012 novi
2151 4967 2201 5012 te
2243 4972 2355 5027 pra:
2392 4957 2631 5011 cunctis.
2667 4954 2723 5009 Si
2754 4970 2887 5024 ergo
2936 4955 3114 5009 inveni
3149 4955 3377 5023 gratiam
3421 4954 3476 5006 in

1909 5058 2202 5119 conspectu
2250 5059 2378 5110 tuo,
2430 5046 2659 5102 ostende
2710 5045 2845 5098 mihi
2897 5045 3169 5112 teipsum,
3211 5051 3270 5095 ut
3305 5042 3473 5095 sciam

1908 5150 1964 5196 te
1986 5142 2037 5194 ιι.
2076 5158 2095 5191 ι
2132 5138 2365 5193 Tantam
2398 5154 2428 5192 a
2459 5138 2643 5193 divina
2679 5136 2980 5191 dilectione
3023 5134 3206 5187 hausit
3239 5133 3475 5187 ebrieta.

1909 5244 2014 5292 tem
2049 5254 2062 5291 :
2100 5250 2199 5290 uec
2230 5248 2294 5288 ea
2328 5243 2508 5287 tamen
2540 5232 2687 5285 sitim
2721 5230 2842 5297 ejus
2872 5228 3159 5289 restinxit,
3191 5225 3287 5281 sed
3322 5225 3475 5278 velle.

1906 5329 2230 5383 mentiorem
2281 5326 2554 5390 reddidit,
2624 5332 2680 5380 et
2727 5322 2972 5377 accessio
3024 5328 3191 5391 potus
3240 5315 3472 5371 intentio

1912 5419 2171 5474 desiderii
2220 5418 2362 5472 facta
2392 5426 2511 5481 est,
2560 5423 2616 5471 et
2637 5413 3024 5484 appetitionem
3072 5410 3225 5463 auxit
3265 5406 3468 5460 lruitio.

1912 5512 1980 5567 Et
2009 5510 2471 5581 quemadmodum
2514 5508 2685 5577 ignis,
2737 5514 2943 5573 quanto
2992 5503 3111 5571 plus
3150 5489 3469 5555 nutrime‘nti

1912 5605 2140 5673 suscipit
2162 5642 2175 5666 .
2204 5610 2357 5657 tanto
2380 5600 2641 5671 majorem
2666 5598 2776 5653 vim
2803 5596 3004 5653 exserit
3028 5634 3041 5659 ,
3074 5600 3303 5663 augetur
3324 5589 3468 5644 enim
