4216 6456
740 366 877 431 15θ3

738 476 1091 549 appositionc
1136 476 1415 542 materiae,
1449 483 1503 531 et
1534 490 1642 532 non
1688 477 1979 532 hebetatur
2031 496 2044 533 :

736 568 960 620 dilectio
1011 580 1194 619 rerum
1246 565 1556 619 divinarum
1606 568 2071 636 contemplatione
2122 567 2311 620 incen-

736 658 905 719 ditur,
943 664 997 711 et
1021 657 1481 712 vehementiorem
1518 657 1644 711 inde
1675 658 2158 727 ardentioremqtte
2181 672 2313 727 ope-

736 752 1005 803 rationem
1044 750 1229 819 recipil
1280 767 1293 803 :
1342 750 1549 818 1302
1582 757 1636 802 et
1665 758 1873 814 quanto
1917 752 2042 819 quis
2076 750 2311 819 amplius

736 842 791 892 in
819 839 1020 894 divinis
1053 840 1357 903 institerit,
1413 849 1568 894 tanto
1617 842 1793 910 magis
1824 842 2114 896 charitatis
2158 840 2312 893 ﬂam-

737 946 879 986 mam
938 932 1164 985 excitat.
1212 935 1388 1000 Atque
1435 932 1540 986 hoc
1594 948 1693 986 nos
1724 949 1833 986 non
1864 934 2042 986 solum
2080 949 2311 1003 magnus

737 1023 926 1075 docuit
955 1023 1165 1086 Moses,
1201 1026 1293 1077 sed
1324 1024 1487 1076 etiam
1518 1033 1708 1077 sancta
1738 1026 1829 1077 illa
1852 1039 2085 1093 sponsa,
2114 1025 2181 1079 dc
2203 1040 2310 1094 qua

735 1115 958 1169 divinus
983 1117 1057 1168 ait
1089 1115 1330 1170 Paulus:
1364 1135 1381 1165 ι
1425 1116 1692 1185 Despondi
1722 1132 1816 1171 vos
1854 1118 1947 1171 uni
1980 1119 2116 1183 viro,
2140 1119 2310 1189 virgi-

738 1222 861 1258 nem
893 1215 1104 1260 castam
1123 1207 1379 1261 exhibere
1410 1207 1628 1262 Christo
1649 1211 1694 1261 °.
1730 1227 1747 1259 ι
1777 1208 1898 1263 Haec
1915 1212 2060 1263 enim
2084 1210 2137 1263 in
2166 1210 2310 1265 Can-

738 1298 846 1349 tico
881 1298 1219 1351 canticorum
1268 1298 1331 1350 ad
1368 1313 1634 1365 sponsum
1693 1301 1895 1354 clamat
1945 1319 1958 1355 :
2002 1322 2019 1351 ‹
2072 1300 2311 1356 Ostende

739 1386 869 1437 mihi
907 1386 1102 1440 faciem
1130 1394 1317 1449 tuam,
1353 1396 1515 1441 sonet
1538 1404 1641 1441 vox
1673 1396 1763 1441 tua
1789 1390 1843 1442 in
1878 1390 2105 1444 auribus
2130 1391 2306 1445 meis:

738 1490 840 1528 vox
882 1477 1026 1530 enim
1079 1485 1172 1529 tua
1228 1477 1437 1539 dulcis,
1500 1487 1555 1531 et
1610 1478 1782 1533 facies
1831 1488 1923 1532 tua
1969 1482 2169 1535 decora
2192 1481 2240 1535 ἀ.
2286 1500 2304 1534 ›

738 1566 812 1618 lix
849 1568 934 1621 his
959 1568 1104 1621 enim
1130 1583 1252 1637 qua:
1287 1569 1352 1622 de
1379 1569 1497 1636 ipso
1532 1569 1783 1622 audierat
1814 1570 1943 1634 dici,
1974 1571 2093 1638 ejus
2124 1588 2310 1627 amore

738 1667 929 1725 capta,
987 1674 1096 1713 non
1141 1668 1223 1713 est
1272 1667 1531 1712 contenta
1578 1660 1797 1725 verbis,
1836 1661 1928 1715 sed
1976 1663 2147 1731 ipsam
2192 1664 2310 1729 ejus

740 1763 929 1801 vocem
959 1749 1149 1801 audire
1202 1749 1484 1803 desiderat
1534 1768 1550 1805 :
1604 1759 1659 1804 et
1689 1768 1756 1807 ex
1802 1752 1869 1806 iis
1900 1769 2023 1821 qua:
2050 1754 2115 1807 de
2161 1753 2310 1808 illius

1725 364 2211 425 THEODORETI
2250 364 2589 426 EPISCUPI
2637 364 3000 426 CYRENSIS

3850 362 3991 428 150i

2092 477 2172 533 sic
2220 476 2313 530 Dei
2347 482 2391 535 Α
2420 476 2627 537 λαυσις.
2663 476 2769 528 Καὶ
2804 475 3054 544 καθάπερ
3098 472 3161 525 τὸ
3191 472 3337 542 πῦρ,
3374 475 3484 545 ὅσῳ
3513 474 3735 528 πλείονα
3784 477 3996 548 τροφὴν

2420 566 2767 635 ὑποδέχεται,
2833 564 3070 634 τοσούτῳ
3123 564 3345 633 μείζονα
3397 564 3495 634 τὴν
3546 565 3828 636 ἐνέργειαν
3884 568 3994 619 δεί-

2425 672 2610 707 κνυσιν
2658 653 2904 724 (αὒξεται
2937 657 3046 723 γὰρ
3080 653 3213 722 αῦτη
3254 656 3322 724 τῇ
3369 653 3653 725 προσθήκῃ
3701 656 3797 725 τῆς
3833 655 3990 723 ὕλης,

2417 744 2533 796 ἀλλ’
2569 746 2669 796 οὐκ
2718 744 3110 813 ἀμϐλύνεται)ο
3160 743 3332 806 οὕτως
3379 745 3413 813 ή
3466 744 3601 815 πρὸς
3628 745 3760 798 Θεὸν
3798 748 3991 815 ἀγάπη

2417 839 2482 905 τῇ
2512 835 2713 905 θεωρίᾳ
2752 835 2861 888 τῶν
2894 835 3053 888 θείων
3088 834 3449 904 πυρσεύεται,
3499 837 3592 888 καὶ
3625 837 3993 907 σφοδροτέραν

2416 927 2648 990 ἐκεῖθεν,
2700 928 2792 979 καὶ
2823 926 3160 999 θερμοτέραν
3192 928 3295 997 τὴν
3328 927 3610 997 ἐνέργειαν
3644 929 3989 998 ὑποδέχεται.

2415 1019 2525 1071 Καὶ
2545 1019 2653 1090 ὅσῳ
2673 1019 2738 1072 ἄν
2760 1037 2849 1082 τις
2870 1020 3028 1073 πλέον
3055 1021 3165 1080 τοῖς
3191 1018 3357 1082 θείοις
3386 1021 3720 1093 ἐνδιατρίψῃ,
3749 1023 3995 1090 τοσούτῳ

2420 1105 2623 1174 μᾶλλον
2653 1106 2880 1169 ἐξάπτει
2918 1107 3017 1175 τῆς
3068 1106 3292 1173 ἀγάπης
3338 1106 3438 1178 τὴν
3467 1106 3661 1176 φλόγα.
3693 1110 3802 1161 Καὶ
3832 1108 3995 1161 τοῦτο

2414 1198 2563 1267 ἡμᾶς
2591 1199 2650 1251 οὐ
2682 1199 2843 1267 μόνον
2880 1201 2908 1251 6
2960 1198 3136 1268 μέγας
3184 1196 3390 1264 ἐδίδαξε
3421 1199 3682 1269 Μωῦσῆς,
3713 1200 3849 1253 ἀλλά
3897 1202 3995 1253 καὶ

2416 1289 2449 1357 ἡ
2488 1288 2618 1355 ἁγία
2647 1289 2831 1360 νύμφη
2857 1332 2871 1356 ,
2910 1291 3042 1360 περὶ
3070 1284 3138 1359 ἦς
3166 1293 3194 1343 6
3232 1289 3519 1353 θεσπέσιος
3555 1290 3699 1357 λέγει
3738 1291 3951 1353 Παῦλος
3976 1307 3989 1319 ·

2422 1397 2441 1430 ι
2479 1379 2837 1450 Ἥρμοσάμην
2865 1381 3007 1449 ὑμᾶς
3037 1381 3119 1434 ἐνὶ
3138 1380 3294 1451 ἀνδρὶ
3322 1381 3588 1449 παρθένον
3612 1380 3781 1450 ἁγνὴν
3814 1400 3995 1451 παρα.

2419 1469 2613 1538 στῆσαι
2650 1470 2727 1539 τῷ
2753 1469 2995 1540 Χριστῷ.
3037 1489 3057 1522 ι
3088 1470 3237 1540 Αὕτη
3268 1470 3377 1542 γὰρ
3410 1473 3466 1523 ἐν
3494 1472 3573 1542 τῷ
3612 1473 3854 1542 ’ᾼσματι
3880 1474 3994 1524 τῶν

2418 1561 2676 1630 ᾀσμάτων
2708 1561 2842 1631 πρὸς
2874 1561 2963 1613 τὸν
3002 1562 3234 1630 νυμφίον
3274 1561 3374 1631 βοᾷ
3399 1578 3413 1593 ·
3452 1581 3472 1614 ι
3520 1562 3701 1626 Δεῖξόν
3746 1579 3837 1631 μοι
3889 1567 3993 1632 τὴν

2415 1648 2537 1717 ὄψιν
2568 1665 2661 1701 σου
2684 1690 2699 1716 ,
2733 1651 2827 1702 καὶ
2862 1650 3150 1704 ἀκούτισόν
3185 1668 3274 1721 μοι
3306 1652 3407 1721 τῆς
3437 1651 3624 1720 φωνῆς
3671 1668 3763 1704 σου
3788 1691 3803 1713 ,
3841 1653 3923 1704 ὃτι
3958 1653 3991 1720 ή

2416 1741 2567 1809 φωνή
2604 1757 2697 1793 σου
2731 1740 2904 1811 ήδεία,
2952 1742 3045 1793 καὶ
3085 1742 3269 1812 ήϐψις
3302 1759 3398 1796 σου
3429 1744 3625 1816 ὡραῖα.
3668 1763 3685 1795 ι
3736 1745 3830 1796 Ἐκ
3879 1745 3991 1813 γὰρ

740 1837 1151 1906 pulchritudine
1182 1840 1396 1893 narrari
1431 1840 1711 1906 audierat,
1748 1850 2007 1910 tanquam
2041 1844 2163 1897 aliis
2184 1845 2313 1899 sub-
2345 1833 2385 1886 Β

2345 1833 2385 1886 Β
2412 1832 2522 1885 τῶν
2561 1834 2691 1903 περὶ
2743 1834 2909 1886 αὑτοῦ
2954 1833 3126 1901 λόγων
3169 1834 3437 1905 δεξαμένη
3470 1835 3563 1888 τὸν
3611 1835 3788 1906 ἔρωτα
3813 1876 3827 1897 ,
3888 1836 3990 1887 οὐκ

739 1935 930 1988 vecta,
981 1927 1156 1995 ipsius
1194 1944 1416 1997 quoque
1445 1940 1747 1999 conspectu
1802 1930 1908 1985 frui
1963 1934 2153 2002 cupit,
2203 1936 2310 1988 vim

740 2017 943 2071 amoris
1008 2016 1321 2072 laudatione
1378 2020 1466 2072 illa
1522 2019 1896 2090 signiﬁcans:
1952 2040 1971 2073 ι
2023 2022 2309 2091 Ostende,

737 2109 916 2171 mihi,
971 2108 1188 2177 inquit,
1248 2110 1439 2164 facient
1492 2120 1676 2177 tuam,
1737 2121 1790 2167 et
1829 2125 1986 2167 sonet
2048 2130 2151 2168 vox
2216 2126 2309 2169 tua

740 2201 795 2252 iu
840 2199 1068 2255 auribus
1101 2202 1233 2255 meis
1267 2218 1280 2253 :
1330 2217 1429 2255 vox
1461 2204 1606 2257 enim
1647 2212 1741 2256 tua
1793 2206 2006 2267 dulcis,
2048 2217 2103 2261 ct
2147 2206 2315 2264 facies

740 2298 832 2341 tua
870 2290 1089 2345 decora.
1148 2309 1167 2343 ι
1206 2290 1383 2360 Hujus
1438 2294 1603 2350 etiam
1664 2296 2091 2365 pulchritudinis
2132 2314 2316 2356 amore

740 2392 938 2451 captus
994 2384 1143 2440 illius
1190 2400 1425 2455 sponsor
1483 2402 1547 2441 ac
1588 2389 2020 2460 paranymphus,
2069 2390 2312 2458 divinus,

742 2474 990 2542 inquam,
1026 2474 1265 2539 Paulus,
1319 2476 1607 2532 amabilem
1656 2480 1803 2533 illam
1865 2482 2052 2536 amisit
2102 2496 2313 2537 vocent.

748 2586 766 2617 ι
831 2567 970 2631 Quis
1019 2584 1121 2623 nos
1183 2570 1463 2639 separabit
1502 2587 1532 2625 a
1584 2572 1853 2628 charitate
1912 2574 2164 2630 Christi?
2218 2575 2317 2630 tri-

741 2655 989 2721 bulatio,
1045 2672 1114 2711 an
1166 2661 1459 2730 angustia,
1525 2676 1590 2714 an
1627 2661 1821 2727 fames,
1872 2676 1940 2717 an
1982 2667 2315 2734 persecutio,

743 2762 812 2798 an
875 2746 1133 2813 nuditas,
1203 2762 1270 2803 an
1334 2749 1673 2819 periculum,
1734 2766 1804 2805 an
1864 2753 2114 2824 gladius?
2174 2756 2317 2810 sicut

744 2838 1016 2908 scriptum
1064 2847 1148 2893 est
1185 2858 1198 2895 :
1244 2842 1371 2909 quia
1412 2851 1634 2911 propter
1683 2852 1733 2898 te
1775 2844 2171 2899 mortiﬁcamur
2205 2854 2317 2900 tota

742 2928 865 2993 die,
912 2931 1165 2984 aestimati
1216 2946 1408 2988 sumus
1455 2933 1600 2987 sicut
1657 2948 1788 2989 oves
1839 2935 2139 2991 occisionis
2193 2948 2239 2990 ε.
2292 2956 2312 2990 ι

741 3020 950 3076 Deinde
972 3030 1030 3076 et
1054 3024 1359 3078 tolerantiae
1377 3025 1540 3094 hujus
1563 3028 1806 3081 ostendit
1831 3042 2052 3084 causam
2076 3046 2089 3082 :
2126 3049 2144 3081 ι
2180 3030 2315 3086 Nam

741 3112 796 3163 in
828 3112 936 3176 his,
966 3113 1183 3183 inquit,
1221 3117 1478 3172 omnibus
1523 3122 1867 3187 superamus,
1900 3131 2123 3190 propter
2148 3122 2313 3177 Deum

741 3202 834 3270 qui
865 3202 1057 3258 dilexit
1090 3220 1212 3259 nos.
1258 3224 1276 3257 ι
1303 3206 1735 3264 Considerautes
1757 3210 1902 3264 enim
1932 3250 1947 3275 ,
1978 3214 2169 3280 quales
2192 3230 2316 3268 cum

742 3308 1014 3358 essemus,
1055 3294 1369 3363 cujusmodi
1398 3299 1414 3319 ⁶
1448 3296 1609 3351 bonis
1639 3295 1818 3351 aﬂ‘ecti
1865 3298 2061 3362 simus,
2097 3306 2150 3353 et
2182 3315 2320 3369 quo-

742 3386 910 3439 modo
963 3400 1073 3440 non
1130 3387 1290 3456 primi
1336 3403 1438 3443 nos
1483 3388 1795 3453 dileximus,
1832 3389 1929 3443 sed
1981 3392 2155 3445 amari
2200 3391 2319 3446 red-

741 3476 1049 3531 autavimus
1086 3494 1099 3531 :
1131 3488 1185 3531 et
1207 3478 1274 3532 ab
1308 3493 1396 3543 eo,
1433 3494 1594 3547 quem
1618 3479 1744 3533 odio‘
1770 3480 2124 3546 habebamus,
2156 3484 2317 3536 amati

741 3582 965 3633 sumus,
1014 3584 1247 3638 eumque
1284 3569 1491 3624 inimici
1531 3569 1740 3639 1303
1793 3585 2079 3637 essemus,
2127 3587 2319 3626 recon-

740 3659 914 3713 ciliati
949 3676 1141 3715 sumus
1176 3661 1221 3726 ί,
1252 3675 1361 3715 non
1409 3661 1517 3730 ipsi
1570 3675 1670 3731 pro
1702 3663 2148 3717 reconciliatione
2187 3679 2317 3733 sup-

741 3751 1051 3821 plicantes,
1111 3752 1208 3806 sed
1256 3752 1687 3807 intercessorem
1745 3752 2008 3807 habentes
2057 3753 2318 3821 Unigeui-

742 3851 881 3905 tum,
910 3850 964 3895 et
986 3842 1081 3910 qui
1112 3841 1372 3911 injuriam
1397 3843 1785 3906 intuleramus,
1811 3843 1879 3896 ab
1902 3842 2096 3897 aﬂ‘eeto
2118 3844 2316 3912 injuria

742 3934 1176 3988 consolationem
1219 3934 1531 4003 accepimus
1565 3952 1579 3989 :
1608 3949 1827 3988 crucem
1854 3942 2050 4002 praeter
2072 3950 2136 3989 ea
2165 3936 2315 3989 salu-

744 4032 919 4078 tarem
941 4025 1332 4094 expendentes,
1363 4026 1603 4097 itemque
1631 4039 1733 4095 pro
1756 4025 1917 4078 nobis
1947 4026 2272 4080 crucifixum
2299 4065 2313 4089 ,

741 4117 1016 4173 salutares
1062 4118 1351 4186 passiones
1379 4157 1394 4181 ,
1464 4118 1660 4173 mortis
1715 4117 1909 4184 ﬁnem,
1946 4132 2097 4187 spem
2128 4132 2313 4173 resur-

744 4205 1009 4261 rectionis
1036 4206 1198 4261 nobis
1229 4207 1435 4261 datam.

818 4380 939 4435 llaec
958 4387 1019 4435 et
1045 4380 1316 4450 ejusmodi
1338 4381 1445 4436 alia
1466 4382 1899 4451 considerantes,
1933 4383 2091 4441 facile
2114 4385 2308 4456 gravia

745 4486 976 4541 quaeque
1004 4472 1164 4527 nobis
1195 4473 1505 4541 ingruentia
1552 4488 1899 4542 superamus,
1931 4481 1986 4529 et
2022 4475 2313 4530 beneﬁcio-

746 4578 867 4615 rum
902 4563 1342 4617 recordationem
1371 4578 1494 4618 cum
1536 4565 1867 4633 temporaria
1896 4566 2145 4634 corporis
2174 4566 2311 4621 ami-

746 4654 931 4708 ctione
959 4664 1364 4723 comparantes,
1391 4655 1707 4726 graviorum
1744 4671 1924 4710 rerum
1962 4657 2310 4714 incursiones

745 4744 983 4799 libenter
1010 4746 1376 4801 sustinemus:
1411 4747 1670 4815 quoniam
1703 4748 1956 4802 universa
1999 4751 2122 4803 vitae
2156 4751 2313 4803 ttedia

747 4850 874 4887 cum
910 4833 1128 4889 Domini
1180 4851 1365 4891 arnore
1409 4838 1795 4907 ponderantes,
1832 4838 2125 4893 admodum
2176 4841 2315 4894 levia

749 4920 841 4972 illa
872 4920 1356 4991 deprehendimus.
1404 4924 1560 4991 Quod
1599 4927 1642 4981 si
1675 4935 1895 4993 cuncta,
1928 4943 2048 4997 qua
2076 4929 2318 4998 jucunda

749 5020 803 5063 ct
832 5012 1169 5068 delectabilia
1197 5015 1452 5070 videntur
1479 5018 1532 5071 in
1560 5017 1663 5071 hac
1693 5019 1826 5082 vita,
1870 5020 1926 5073 in
1965 5036 2132 5074 unum
2164 5022 2317 5076 rede-

749 5101 1011 5169 gerimus,
1038 5118 1105 5159 ex
1131 5104 1363 5162 adverso
1394 5108 1624 5165 libratus
1658 5109 1877 5165 divinus
1926 5125 2080 5166 amor
2130 5115 2319 5168 umbra

752 5194 947 5259 quavis
983 5194 1343 5251 imbecilliora
1369 5199 1483 5264 illa,
1519 5201 1818 5271 vernisque
1866 5202 2093 5257 ﬂoribus
2124 5219 2317 5259 corru-

757 5284 1033 5352 ptibiliora
1091 5287 1454 5345 demonstrat.
1513 5290 1638 5347 Haec
1688 5293 1885 5362 partim
1941 5306 2069 5349 ante
2120 5296 2320 5363 dictis,

761 5377 957 5442 partim
981 5387 1034 5432 et
1072 5389 1195 5448 post
1226 5380 1478 5437 dicendis
1505 5383 1755 5451 designat
1787 5386 2096 5442 manifeste.
2130 5405 2146 5437 ι
2191 5389 2323 5443 Cer-

756 5474 848 5521 tus
886 5483 1006 5522 sum
1050 5472 1220 5538 enim,
1264 5474 1461 5543 inquit,
1517 5475 1664 5545 quod
1723 5492 1899 5547 neque
1941 5493 2111 5544 mors,
2150 5495 2324 5549 neque

760 5562 890 5621 vita,
920 5576 1097 5632 neque
1133 5566 1329 5635 angeli,
1350 5581 1526 5636 neque
1557 5568 1915 5639 principatus,
1957 5587 2135 5641 neque
2171 5586 2317 5641 pote-

835 5747 856 5776 ⁸
893 5737 934 5792 ll
975 5740 1096 5796 Cor.
1142 5744 1291 5807 ηρ.
1372 5743 1395 5782 ά
1436 5746 1594 5803 Cant.
1621 5761 1680 5814 ll,
1712 5748 1793 5802 l6.

2417 1922 2669 1992 ἀρκεῖται
2720 1926 2835 1987 τοῖς
2865 1924 3077 1993 λόγοις,
3123 1924 3258 1978 ἀλλά
3312 1927 3407 1978 καὶ
3466 1926 3635 1996 αὐτῆς
3686 1927 3992 1980 ἐπακοῦσαι

2418 2012 2573 2066 ποθεῖ
2605 2014 2704 2082 τῆς
2749 2014 2953 2082 φωνῆς.
3004 2015 3113 2068 Καὶ
3160 2017 3499 2086 πτερωθεῖσα
3541 2020 3653 2080 τοῖς
3704 2020 3834 2087 περὶ
3887 2018 3991 2086 τῆς

2416 2102 2565 2172 ὥρας
2594 2104 2759 2156 αὐτοῦ
2786 2105 3103 2175 διηγήμασι,
3147 2107 3239 2159 καὶ
3277 2107 3448 2177 αὐτῆς
3478 2109 3689 2177 ἐφίεται
3728 2111 3825 2179 τῆς
3852 2109 3989 2162 θεω-

2418 2193 2565 2264 ρίας,
2595 2198 2716 2258 ταῖς
2743 2197 3063 2266 εἰρημέναις
3102 2199 3400 2270 εὐφημίαις
3431 2200 3492 2252 τὸ
3539 2201 3757 2272 φίλτρον
3788 2201 3991 2271 σημαί-

2417 2303 2600 2342 νουσα.
2639 2308 2657 2340 ι
2691 2290 2871 2355 Δεῖξόν
2910 2308 3023 2360 μοι,
3059 2293 3212 2360 φησὶ,
3242 2294 3343 2363 τὴν
3380 2293 3506 2362 ὄψιν
3537 2310 3628 2345 σου
3650 2334 3664 2358 ,
3695 2297 3790 2347 καὶ
3817 2294 3989 2347 ἁκού-

2415 2379 2565 2432 τισόν
2607 2396 2697 2448 μοι
2733 2380 2832 2451 τῆς
2883 2382 3069 2451 φωνῆς
3120 2400 3253 2449 σου,
3283 2384 3423 2455 ὄτιή
3487 2387 3635 2456 φωνή
3671 2403 3764 2439 σου
3810 2386 3988 2455 ήδεῖα,

2416 2472 2509 2525 καὶ
2543 2472 2576 2540 ή
2615 2472 2737 2541 ὄψις
2764 2488 2856 2525 σου
2882 2472 3080 2544 ὡραῖα.
3116 2492 3135 2525 ι
3172 2473 3376 2528 Τούτου
3429 2475 3524 2528 τοῦ
3568 2476 3799 2540 κάλλους
3832 2479 3928 2531 καὶ
3962 2480 3993 2530 ὁ

2415 2562 2620 2634 ταύτης
2669 2566 3040 2638 προμνήστωρ
3083 2568 3179 2621 καὶ
3226 2569 3596 2639 νυμφοστόλος
3633 2570 3923 2638 ἐρασθεὶς,
3962 2575 3993 2625 6

2417 2653 2744 2721 θεσπέσιος,
2800 2658 2942 2729 φημὶ
2966 2699 2981 2722 ,
3022 2657 3235 2722 Παῦλος
3260 2701 3274 2725 ,
3311 2658 3412 2729 τὴν
3455 2660 3722 2731 ἐρωτικὴν
3768 2662 3992 2731 ἐκείνην

2416 2746 2596 2815 ἀφῆκε
2628 2749 2843 2815 φωνήν·
2881 2767 2899 2800 ι
2924 2750 3021 2812 Τίς
3052 2751 3201 2821 ἡμᾶς
3226 2752 3450 2821 χωρίσει
3482 2752 3593 2805 ἀπὸ
3636 2754 3732 2823 τῆς
3765 2753 3992 2823 ἀγάπης

2416 2838 2509 2892 τοῦ
2551 2840 2821 2908 Χριστοῦ;
2877 2841 3104 2911 Θλίψις,
3156 2843 3190 2913 ἢ
3235 2842 3597 2914 στενοχωρία,
3642 2845 3675 2914 ἢ
3712 2844 3871 2913 λιμὸς
3902 2887 3915 2909 ,
3954 2846 3990 2913 ἦ

2414 2930 2691 3001 διωγμὸς,
2755 2933 2787 3003 ἢ
2835 2935 3153 3006 γυμνότης,
3209 2935 3242 3003 ἢ
3276 2935 3554 3001 κίνδυνος,
3603 2935 3635 3005 ἢ
3695 2936 3989 3005 μάχαιρας

2417 3020 2598 3085 καθὼς
2636 3024 2969 3092 γέγραπται·
3000 3024 3083 3077 ὅτι
3117 3024 3280 3079 ἕνεκά
3314 3034 3408 3078 σου
3445 3019 3822 3095 θανατούμεθα
3858 3026 3994 3095 ὃλην

2417 3107 2517 3178 τὴν
2540 3110 2775 3180 ἡμέραν,
2800 3111 3158 3183 ἐλογίσθημεν
3176 3113 3250 3177 ὡς
3273 3114 3518 3184 πρόϐατα
3542 3115 3771 3185 σφαγῆς.
3807 3133 3825 3166 ι
3856 3112 3992 3168 Εἶτα

2420 3200 2515 3253 καὶ
2565 3202 2663 3267 τῆς
2707 3201 3009 3272 καρτερίας
3065 3202 3409 3256 ὑποδείκνυσι
3442 3203 3539 3275 τήν
3599 3204 3799 3259 αἰτίαν.
3834 3224 3853 3255 ι
3906 3206 3993 3257 ’Ev

2419 3290 2630 3354 τούτοις
2655 3291 2785 3361 γὰρ,
2818 3294 2978 3362 φησι,
3021 3296 3155 3348 πᾶσι
3186 3295 3569 3365 ὑπερνικῶμεν
3606 3295 3694 3350 διὰ
3721 3296 3814 3350 τοῦ
3849 3299 3990 3365 ἀγα-

2420 3383 2692 3451 πήσαντος
2719 3385 2866 3452 ἡμᾶς
2887 3384 3043 3437 Θεοῦ.
3081 3403 3100 3436 ι
3130 3385 3497 3456 Σκοπούμενοι
3527 3386 3636 3456 γὰρ
3668 3386 3813 3448 τίνες
3836 3387 3992 3449 ὄντες

2419 3472 2579 3527 τίνων
2635 3473 3035 3545 ἀπηλαύσαμεν
3092 3476 3353 3544 ἀγαθῶν,
3414 3477 3509 3532 καὶ
3544 3477 3619 3541 ὡς
3677 3478 3778 3547 οὐχ
3828 3480 3993 3548 ήμεῇ

2419 3566 2786 3636 ἠγαπήσαμεν
2836 3568 3087 3638 πρῶτοι,
3148 3567 3265 3621 ἀλλ’
3316 3567 3693 3639 άγαπηθέντες
3745 3570 3992 3638 ἀντηγα-

2420 3656 2673 3725 πήσαμεν
2700 3674 2712 3686 ·
2766 3657 2860 3710 καὶ
2912 3657 3195 3728 μισοῦντες
3223 3658 3595 3728 ὴγαπήθημεν
3617 3700 3632 3724 ,
3668 3658 3764 3712 καὶ
3802 3659 3995 3728 ἐχθροὶ

2417 3744 2569 3810 ὄντες
2599 3747 3023 3817 κατηλλάγημεν
3048 3764 3060 3777 ·
3096 3750 3197 3801 οὐκ
3228 3749 3381 3802 αὐτοὶ
3413 3752 3595 3820 τυχεῖν
3621 3749 3732 3803 τῶν
3773 3750 3995 3804 διαλλα-

2418 3835 2529 3903 γῶν
2580 3837 2956 3900 ἱκετεύσαντες
2984 3878 2999 3901 ,
3036 3838 3171 3891 ἀλλὰ
3227 3839 3318 3892 τὸν
3372 3841 3656 3910 Μονογενῆ
3704 3841 3996 3912 δεξάμενοι

2418 3926 2757 3997 πρεσϐευτήν
2785 3944 2800 3957 '
2835 3929 2926 3980 καὶ
2957 3930 3007 3981 oi
3033 3929 3355 3999 ἠδικηκότες
3388 3931 3493 3984 ὑπὸ
3518 3930 3613 3984 τοῦ
3641 3932 3997 4002 ἀδικηθέντος

2418 4019 2897 4089 παρακληθέντεςς
2954 4021 3049 4075 καὶ
3082 4022 3219 4092 πρὸς
3259 4023 3467 4086 τούτοις
3517 4022 3865 4093 λογιζόμενοι
3901 4026 3992 4078 τὸν

2418 4108 2681 4173 ζωοποιὸν
2716 4111 2970 4182 σταυρὸν,
3012 4112 3102 4165 τὸν
3128 4113 3267 4184 ὑπὲρ
3293 4113 3450 4184 ήμῶν
3484 4115 3891 4183 σταυρωθέντα,
3926 4117 3993 4168 τά

2416 4201 2662 4270 σωτήρια
2715 4200 2860 4271 πάθη
2884 4241 2899 4265 ,
2939 4203 3035 4255 τοῦ
3078 4202 3311 4259 θανάτου
3358 4207 3459 4274 τὴν
3490 4205 3739 4272 παῦλαν,
3775 4207 3877 4277 τὴν
3908 4208 3992 4261 δο-

2417 4289 2600 4345 θεῖσαν
2628 4292 2758 4361 ἡμῖν
2785 4293 3268 4363 τῆςάναστάσεως
3295 4296 3507 4350 ἐλπίδα.

2486 4381 2669 4434 Ταῦτα
2687 4383 2782 4435 καὶ
2802 4382 2870 4435 τὰ
2884 4386 3105 4439 τοιαῦτα
3127 4386 3487 4455 σκοπούμενοι
3503 4387 3611 4440 τῶν
3625 4389 3996 4457 ageam-mdv-

2416 4489 2522 4526 των
2543 4474 2675 4542 ἡμῖν
2699 4474 3090 4545 περιγινόμεθα
3113 4477 3474 4547 σκυθρωπῶν,
3511 4479 3606 4529 καὶ
3628 4478 3737 4531 τῶν
3770 4480 3997 4548 εὐεργε-

2416 4561 2545 4616 σιῶν
2562 4565 2658 4634 τὴν
2682 4565 2899 4635 μνήμην
2916 4565 3299 4636 παρατιθέντες
3311 4569 3375 4638 τῇ
3394 4567 3714 4639 προσκαίρῳ
3734 4586 3988 4622 κακοπα-

2417 4653 2538 4724 θείᾳ
2551 4654 2644 4707 τοῦ
2664 4654 2932 4725 σώματος,
2949 4656 3184 4727 φέρομεν
3209 4657 3490 4721 ἀσπασίως
3510 4658 3608 4729 τὴν
3622 4658 3731 4711 τῶν
3751 4659 3873 4712 ἀνια
3886 4660 3995 4730 ρῶν

2417 4745 2740 4817 προσϐολήν.
2779 4746 3336 4810 Ἀντιταλαντεύοντες
3369 4749 3476 4820 γὰρ
3502 4749 3580 4819 τῷ
3622 4750 3749 4816 περὶ
3778 4750 3870 4802 τὸν
3902 4754 3994 4802 Δε-

2420 4839 2625 4909 σπότην
2674 4838 2883 4910 φίλτρῳ
2932 4841 3106 4893 πάντα
3158 4841 3224 4895 τὰ
3264 4840 3360 4894 τοῦ
3392 4841 3507 4910 βίου
3540 4843 3781 4913 λυπηρὰ,
3816 4843 3997 4911 κοῦφα

2418 4928 2537 4981 λίαν
2585 4930 2931 5000 εὑρίσκομεν.
2989 4931 3109 4985 Κᾶν
3153 4931 3220 4985 τὰ
3266 4933 3474 5003 τερπνὰ
3514 4933 3572 4986 δὲ
3630 4934 3846 4988 ἅπαντα
3902 4938 3995 4987 καὶ

2418 5019 2639 5090 θυμήρη
2666 5020 2923 5074 δοκοῦντα
2971 5020 3115 5074 κατά
3188 5022 3383 5075 ταυτὸν
3438 5024 3855 5093 συναγάγωμεν,
3894 5026 3993 5077 ἁν-

2414 5113 2856 5183 τισταθμώμενος
2881 5114 2909 5166 ὁ
2938 5113 3077 5177 θεῖος
3102 5113 3283 5180 πόθος,
3311 5117 3467 5178 σκιᾶς
3486 5115 3773 5187 ἀδρανέστε
3784 5133 3871 5185 pa,
3900 5119 3997 5170 καὶ

2415 5201 2620 5255 ἀνθέων
2674 5202 2904 5271 ἐαρινῶν
2937 5202 3344 5273 εὐφθαρτότερα
3390 5204 3649 5257 δείκνυσι.
3679 5204 3865 5257 Ταῦτα
3900 5208 3999 5258 καὶ

2415 5292 2503 5346 διὰ
2526 5292 2635 5345 τῶν
2666 5293 2990 5365 εἰρημένων,
3022 5295 3115 5347 καὶ
3143 5296 3232 5349 διὰ
3278 5295 3389 5349 τῶν
3416 5296 3847 5367 λεχθησομένων,
3892 5316 3997 5368 ση-

2421 5384 2599 5455 μαίνει
2649 5385 2854 5453 σαφῶς,
2917 5404 2935 5437 ι
2990 5388 3297 5458 Πέπεισμαι
3331 5387 3459 5460 γὰρ,
3500 5390 3686 5458 φησιν,
3731 5390 3813 5442 ὅτι
3870 5390 4001 5442 οὔτε

2414 5477 2659 5540 θάνατος,
2695 5477 2817 5530 οὕτε
2848 5478 2982 5548 ζωὴ,
3019 5478 3141 5532 οὔτε
3205 5480 3448 5549 ἄγγελοι,
3492 5480 3616 5533 οὔτε
3656 5482 3843 5552 ἀρχαὶ,
3869 5481 4000 5537 οὔτε

2423 5568 2698 5639 δυνάμεις,
2729 5567 2851 5622 οὒτε
2889 5570 3178 5637 ἐνεστῶτα,
3213 5570 3333 5625 οὔτε
3371 5571 3649 5642 μέλλοντα,
3679 5570 3800 5624 οὔτε
3846 5569 4003 5641 ὕψω-

1896 5762 1915 5787 θ
1958 5748 2113 5806 Rom.
2143 5767 2258 5818 vm,
2298 5753 2364 5807 53
2395 5768 2507 5821 seq.
2593 5751 2608 5789 ί
2644 5751 2797 5806 Rom.
2839 5766 2893 5816 v,
2934 5750 3012 5804 12.
