4216 6456
208 362 349 428 1505

1217 357 1498 419 ORATIO
1545 358 1640 417 DE
1682 355 1944 416 DIVINA
1983 355 2430 419 CHARITATE.

3305 363 3437 429 1506

205 494 305 546 μα,
355 470 481 524 οὕτε
536 466 714 537 βάθος,
757 465 880 519 οὕτε
911 481 994 528 τις
1047 464 1219 528 κτίσις
1259 466 1440 535 ἑτέρα,
1492 463 1778 533 δυνήσεται
1811 470 1851 524 Α

1775 501 1778 512 ,
1811 470 1851 524 Α
1884 471 2074 526 states,
2108 479 2285 534 neque
2316 465 2599 532 instantia,
2630 480 2804 536 neque
2850 466 3054 532 futura,
3088 484 3264 540 neque
3317 475 3440 527 alti-

201 566 353 634 ήμᾶς
407 560 638 631 χωρίσαι
686 559 796 611 ἀπὸ
838 558 937 626 τῆς
982 558 1202 626 ἀγάπης
1252 556 1347 608 τοῦ
1382 555 1538 618 Θεοῦ,
1566 555 1663 622 τῆς
1720 554 1778 604 ἐν

201 652 429 725 Χριστῷ
466 649 639 717 Ἰησοῦ
665 648 743 718 τῷ
774 649 962 718 Κυρίῳ
1000 647 1173 717 ἡμῶν.
1217 665 1235 697 ι
1285 646 1501 714 Ἐπειδὴ
1531 645 1636 713 γάρ
1668 644 1779 697 ἀνω

198 748 266 798 τά
296 740 603 813 σκυθρωπά
657 741 791 810 μόνα
837 738 1117 803 τεθεικὼς,
1178 737 1519 809 παρεξήτασε
1578 734 1775 803 θλίψιν,

201 836 296 887 καὶ
333 832 719 901 στενοχωρίαν,
752 830 845 884 καὶ
894 830 1155 898 διωγμὸν,
1208 829 1302 881 καὶ
1336 827 1513 896 λιμὸν,
1560 827 1654 879 καὶ
1684 842 1779 893 γυ·

205 927 469 995 μνότητα,
504 924 596 976 καὶ
644 921 908 980 κίνδυνον,
937 920 1031 973 καὶ
1081 920 1374 988 μάχαιραν,
1403 917 1649 970 τουτέστι
1679 916 1777 987 τὴν

203 1019 387 1087 βιαίαν
411 1015 627 1082 σφαγήν
651 1030 662 1042 ·
684 1012 905 1073 είκότως
926 1009 1176 1072 ἐνταῦθα,
1197 1010 1290 1061 καί⁸
1310 1010 1378 1060 τὰ
1403 1007 1543 1078 θυμή
1554 1024 1617 1075 ρη
1646 1023 1777 1076 προ-

199 1108 383 1173 τίθησι
402 1107 512 1165 τοῖς
540 1102 825 1167 ἀλγεινοῖς,
869 1098 947 1167 τῷ
964 1098 1177 1165 θανάτῳ
1201 1096 1297 1164 τὴν
1320 1094 1483 1163 ζωὴν,
1516 1094 1584 1147 τὰ
1612 1090 1778 1161 νοητά

199 1199 310 1257 τοῖς
348 1194 651 1260 αἰσθητοῖς,
702 1193 813 1251 τοῖς
841 1189 1139 1258 ὁρωμένοις
1178 1186 1277 1247 τὰς
1322 1185 1583 1254 ἀοράτους
1618 1182 1778 1235 δυνά-

204 1305 345 1357 μεις,
365 1288 479 1346 τοῖς
495 1280 726 1352 παροῦσι
752 1280 843 1333 καὶ
865 1277 1203 1347 παριοῦσιτά
1239 1275 1499 1346 μέλλοντά
1514 1290 1571 1327 τε
1593 1273 1687 1325 καὶ
1708 1272 1776 1325 τά

202 1379 433 1448 μένοντα
459 1392 471 1403 θ
502 1376 637 1444 πρὸς
662 1373 889 1435 τούτοις,
913 1372 1009 1441 τῆς
1032 1371 1252 1438 γεέννης
1269 1369 1330 1420 τὸ
1355 1366 1533 1437 βάθος,
1557 1365 1651 1418 καὶ
1678 1364 1775 1434 τῆς

200 1469 479 1540 βασιλείας
522 1466 582 1518 τὸ
628 1464 781 1534 ὕψος.
830 1462 1015 1516 Ταῦτα
1059 1462 1114 1514 δὲ
1165 1462 1341 1513 πάντα
1384 1457 1772 1527 παρεξετάσας,

198 1564 293 1614 καὶ
330 1559 508 1630 εὑρὼν
547 1558 762 1611 ἅπαντα
811 1555 888 1624 τῷ
927 1554 1133 1624 φίλτρῳ
1183 1550 1632 1622 παραχωροῦντα,
1681 1549 1775 1602 καὶ

197 1654 265 1706 τά
300 1650 525 1721 λυπηρά
579 1649 672 1701 καὶ
721 1648 788 1700 τὰ
831 1646 1072 1716 θυμήρη,
1126 1646 1220 1697 καὶ
1258 1645 1357 1711 τῆς
1417 1643 1633 1711 ἀγάπης
1678 1640 1774 1710 τὴν

200 1744 460 1813 cnspch
492 1742 588 1810 τῆς
620 1743 676 1792 ἐν
713 1739 908 1807 γεέννῃ
956 1736 1231 1796 κολάσεως
1284 1734 1613 1803 πικροτέραν
1639 1746 1652 1760 ⁸
1680 1730 1774 1784 καὶ

196 1836 379 1901 δείξας
413 1834 508 1896 ὡς,
570 1830 729 1900 εἴπερ
778 1825 889 1881 οἷόν
936 1844 992 1880 τε
1028 1823 1115 1897 ἦν,
1154 1826 1324 1878 εἵλετο
1367 1825 1432 1877 ἂν
1482 1824 1617 1892 μετὰ
1674 1822 1775 1887 τῆς

202 1929 354 1989 θείας
388 1925 607 1993 ἀγάπης
636 1925 736 1991 τὴν
759 1920 953 1991 ηπειλη
964 1920 1128 1989 μένην
1158 1918 1399 1979 κόλασιν,
1434 1916 1467 1984 ἢ
1497 1916 1618 1983 δίχα
1650 1913 1775 1966 ταύ-

198 2035 297 2087 της
328 2016 429 2085 τὴν
464 2014 875 2084 ἐπηγγελμένην
914 2011 1023 2063 τῶν
1055 2010 1298 2080 οὐρανῶν
1342 2007 1635 2076 βασιλείαν,
1676 2023 1773 2076 με·

198 2109 347 2160 θύων
395 2107 474 2176 τῷ
527 2106 676 2173 πόθῳ
704 2104 774 2156 τὰ
808 2102 881 2173 μὴ
934 2102 1220 2171 ὑφεστῶτα
1274 2099 1443 2170 ζητεῖ,
1486 2097 1774 2151 καὶταῦτα

202 2201 493 2268 συγκρῖναι
521 2196 598 2266 τῷ
628 2195 755 2261 θείῳ
778 2196 981 2267 φίλτρῳ
1017 2195 1325 2263 φιλονεικεῖ.
1364 2212 1384 2243 ι
1417 2192 1553 2245 Οὔτε
1576 2190 1776 2260 ὕψωμα

199 2292 330 2361 γὰρ,
369 2291 553 2358 φησίν,
586 2288 707 2340 οὕτε
739 2287 922 2356 βάθος,
956 2285 1075 2338 οὔτε
1105 2302 1188 2349 τις
1218 2284 1391 2346 κτίσις
1415 2284 1579 2352 ἐτέρα
1616 2282 1773 2350 δυνή-

202 2397 355 2433 σεται
388 2382 535 2449 ἡμᾶς
572 2378 803 2449 χωρίσαι
841 2377 948 2430 άπὸ
979 2377 1079 2445 τῆς
1102 2376 1322 2445 ἀγάπης
1351 2373 1442 2427 τοῦ
1487 2373 1644 2437 Θεοῦ,
1674 2372 1774 2441 τῆς

200 2475 258 2525 ἐν
284 2472 507 2542 Χριστῷ
542 2470 717 2539 Ἰησοῦ
747 2470 825 2539 τῷ
861 2467 1243 2538 Κυρίῳὴμῶν.
1284 2486 1301 2518 ι
1346 2467 1419 2520 Οὐ
1450 2467 1556 2536 γὰρ
1593 2464 1770 2535 μόνον,

201 2565 361 2634 φησὶ,
381 2563 597 2615 πάντων
622 2560 757 2632 ὁμοῦ
780 2560 885 2613 τῶν
902 2560 1192 2631 ὁρωμένων
1210 2561 1298 2613 καὶ
1314 2558 1561 2629 ἀοράτων
1577 2558 1636 2609 τὸ
1648 2557 1775 2627 περὶ

199 2654 291 2707 τὸν
347 2653 577 2722 Σωτῆρα
612 2652 706 2704 καὶ
725 2652 1017 2721 Λυτρωτὴν
1043 2649 1339 2720 προτίθημι
1370 2647 1611 2716 φίλτρον,
1640 2644 1774 2699 ἀλλά

201 2744 297 2797 καὶ
341 2744 396 2796 εἴ
429 2760 514 2806 τις
552 2742 712 2814 ἑτέρα
746 2742 920 2802 κτίσις
946 2740 1148 2810 ταύτης
1177 2741 1272 2792 καὶ
1303 2738 1503 2809 μείζων
1532 2738 1624 2790 καὶ
1654 2735 1775 2789 καλ-

200 2833 332 2886 λίων
370 2834 693 2903 ἀναφανείη.
722 2834 782 2886 οὐ
815 2832 991 2884 πείσει
1024 2848 1092 2901 με
1149 2833 1247 2901 τὴν
1280 2831 1499 2898 ἀγάπην
1543 2828 1771 2893 ἀλλάξα-

204 2926 351 2979 σθαι·
372 2926 531 2979 Ἀλλά
560 2926 664 2979 κᾶν
685 2925 755 2979 τά
776 2925 995 2995 θυμήρη
1017 2941 1101 2987 τις
1126 2924 1381 2993 παράσχῃ
1402 2922 1522 2991 δίχα
1549 2921 1770 2990 ταύτης,

199 3020 262 3072 ού
293 3018 517 3089 δέξομαι
541 3034 555 3047 °
593 3018 699 3070 κᾶν
736 3016 989 3084 ἐπαγάγῃ
1014 3015 1099 3067 διὰ
1128 3013 1332 3080 ταύτην
1356 3013 1423 3065 τὰ
1454 3009 1771 3081 σκυθρωπά,

200 3110 484 3180 ἐπέραστά
519 3126 604 3179 μοι
635 3111 903 3178 φανεῖται,
928 3109 1023 3161 καὶ
1052 3108 1170 3159 λίαν
1195 3106 1432 3175 ἐράσμια
1458 3118 1471 3131 ·
1498 3101 1590 3155 καὶ
1615 3104 1643 3154 6
1687 3100 1775 3195 διά
1801 3133 1848 3195 c

198 3199 407 3271 ταύτην
447 3200 601 3267 λιμὸς
641 3200 816 3268 πάσης
867 3216 954 3269 μοι
984 3198 1197 3269 τρυφῆς
1228 3196 1651 3267 θυμηρέστερος,
1682 3193 1776 3246 καὶ

201 3293 425 3363 εἰρήνης
471 3292 634 3360 ἡδίων
668 3294 696 3343 ὁ
722 3291 978 3360 διωγμὸς,
1026 3292 1173 3359 καὶὴ
1220 3290 1493 3358 γυμνότης
1526 3284 1776 3355 ἁλουργί-

198 3384 287 3446 δος
353 3385 449 3435 καὶ
498 3382 889 3451 χρυσοπάστων
948 3382 1176 3451 ίματίων
1217 3378 1541 3449 χαριεστέρα
1566 3394 1579 3407 ⁸
1613 3375 1707 3429 καὶ
1747 3377 1775 3428 6

200 3473 446 3535 κίνδυνος
475 3474 647 3540 πάσης
662 3472 843 3533 ἀδείας
866 3470 1215 3539 γλυκύτερος,
1241 3470 1333 3522 καὶ
1358 3470 1391 3539 ἡ
1417 3468 1567 3538 βιαία
1593 3465 1773 3535 σφαγὴ

201 3566 387 3634 πάσης
440 3562 772 3634 αίρετωτέρα
811 3558 974 3629 ζωῆς,
1017 3561 1076 3613 Ἠ
1108 3560 1214 3631 γάρ
1255 3558 1401 3611 αἰτία
1427 3559 1534 3611 τῶν
1564 3557 1772 3620 παθῶν,

198 3653 525 3724 ψυχαγωγία
566 3669 655 3721 μοι
708 3652 937 3719 γίνεται.
976 3650 1073 3704 Διά
1114 3650 1222 3718 γὰρ
1254 3649 1343 3701 τὸν
1374 3650 1608 3717 ἐραστὴν
1638 3646 1771 3715 ὁμοῦ

200 3747 298 3798 καί⁵
360 3744 635 3813 ἐρώμενον
676 3744 899 3813 δέχομαι
955 3743 1053 3804 τὰς
1107 3742 1310 3794 τούτων
1336 3741 1577 3807 νιφάδας.
1616 3758 1633 3791 ι
1670 3739 1772 3791 Τδν

200 3838 313 3907 γάρ
383 3836 458 3905 μὴ
513 3837 711 3902 γνόντα
767 3833 1043 3904 ἁμαρτίαν
1088 3833 1229 3901 ὑπὲρ
1287 3832 1443 3901 ἡμῶν
1500 3831 1771 3901 ἁμαρτίαν

199 3928 481 3996 ἐποίησεν,
534 3927 622 3977 ἵνα
667 3927 827 3995 ἡμεῖς
874 3923 1161 3993 γενώμεθα
1191 3922 1327 3975 θεοῦ
1358 3922 1670 3992 δικαιοσύνη
1716 3923 1773 3975 ἐν

200 4017 372 4087 αύτῷ.
397 4048 468 4057 -
492 4018 588 4079 ’ος
617 4016 871 4078 πλούσιος
897 4015 972 4067 ὣν
1014 4014 1080 4067 δι’
1107 4016 1256 4083 ἡμᾶς
1292 4013 1655 4083 ἐπτώχευσεν,
1688 4014 1772 4065 ἴνα

200 4112 365 4180 ἡμεῖς
419 4111 485 4179 τῇ
549 4108 760 4160 ἐκείνου
811 4107 1053 4177 πτωχείᾳ
1090 4106 1498 4175 πλουτήσωμεν,
1536 4124 1554 4156 ι
1615 4104 1722 4157 Καί
1756 4119 1769 4133 ’

206 4220 226 4254 ι
250 4200 614 4271 Ἐξηγόρασεν
644 4199 790 4267 ἡμᾶς
816 4198 882 4250 ἐκ
902 4197 1000 4266 τῆς
1024 4197 1267 4267 κατάρας
1287 4194 1379 4249 τοῦ
1408 4197 1593 4264 νόμου,
1619 4194 1774 4264 γενό-

202 4308 367 4362 μενος
413 4290 553 4359 ὑπὲρ
608 4289 764 4358 ἡμῶν
785 4289 1023 4357 κατάρα.
1062 4307 1081 4340 ι
1121 4288 1231 4340 Καί
1264 4304 1275 4316 ·
1318 4306 1335 4339 ι
1382 4286 1771 4340 Ἐταπείνωσεν

199 4383 415 4448 ἑαυτὸν,
440 4383 728 4451 γενόμενος
750 4383 986 4453 ὑπήκοος
1015 4384 1174 4454 μέχρι
1198 4382 1446 4445 θανάτου,
1468 4382 1694 4435 θανάτου
1714 4381 1771 4434 δὲ

1880 554 2031 617 tudo,
2061 568 2233 623 neque
2263 555 2609 625 profundum,
2642 573 2817 627 neque
2846 569 3102 615 creatura
3128 563 3233 615 alia
3266 566 3441 631 possit

1878 658 1979 699 nos
2016 660 2326 713 separarea
2370 648 2638 703 charitate
2674 648 2790 715 Dei,
2825 667 2944 721 quae
2998 662 3081 708 est
3114 653 3169 707 in
3218 654 3439 710 Christo

1874 735 2003 792 Jesu
2031 736 2262 793 Domino
2288 749 2479 795 nostro
2501 744 2545 796 ³.
2583 760 2601 793 ι
2628 742 2768 807 Quia
2797 744 2938 798 enim
2968 760 3131 814 supra
3163 761 3225 800 ea
3258 747 3435 801 solum

1874 844 1997 898 qua:
2036 829 2210 883 tristia
2241 838 2402 885 erant
2432 832 2615 900 posuit
2639 843 2691 887 et
2730 836 3085 903 comparavit,
3128 837 3441 889 tribulatio-

1876 934 2019 981 nem,
2049 927 2101 973 et
2136 921 2469 990 angustiam,
2514 930 2569 975 et
2615 926 3075 992 persecutionem,
3109 935 3162 979 et
3218 928 3437 989 famem.

1874 1017 1927 1063 et
1950 1010 2274 1077 nuditatem,
2296 1022 2348 1066 et
2380 1013 2704 1082 periculum,
2739 1023 2792 1067 et
2820 1016 3081 1084 gladium,
3111 1017 3161 1069 id
3192 1026 3299 1079 est,
3321 1020 3439 1070 νιος

1876 1102 2076 1154 lentam
2124 1101 2366 1155 caedem:
2418 1105 2540 1172 jure
2587 1106 2795 1175 optimo
2845 1106 2931 1159 hic
2977 1109 3140 1161 etiam
3196 1107 3441 1174 jucunda

1875 1191 2126 1245 tristibus
2160 1191 2428 1261 adjungit,
2476 1195 2637 1248 morti
2677 1196 2862 1260 vitam,
2906 1196 3116 1266 1304
3164 1199 3443 1252 sensibili-

1874 1282 1976 1339 bus
2012 1284 2717 1354 iutelligibilia,visibilibus
2762 1288 2992 1342 virtutes
3026 1289 3129 1342 sub
3165 1299 3440 1356 aspectum

1873 1389 1982 1428 non
2010 1373 2292 1439 cadentes,
2320 1376 2686 1445 praesentibus
2730 1391 2793 1430 ac
2826 1380 3119 1447 praeteritis
3154 1378 3335 1433 futura
3389 1392 3443 1434 ct

1874 1468 2267 1535 permanentia,
2330 1467 2688 1535 profunditati
2749 1468 2987 1538 denique
3048 1471 3308 1538 gehennze
3361 1472 3441 1523 al-

1873 1553 2161 1609 titudinem
2191 1558 2363 1625 regni.
2398 1556 2523 1611 Hmc
2548 1574 2675 1613 vero
2704 1561 2885 1613 omnia
2912 1576 3034 1613 cum
3067 1562 3212 1616 inter
3244 1578 3301 1617 se
3324 1578 3443 1614 mu-

1875 1654 1971 1699 tuo
2006 1650 2395 1713 examinasset,
2429 1658 2741 1718 cunctaque
2770 1652 2942 1704 amori
2991 1653 3240 1705 cedentia
3299 1668 3444 1705 com-

1877 1736 2133 1805 perisset,
2179 1737 2354 1791 tristia
2420 1740 2663 1793 simulet
2723 1740 2991 1806 jucunda,
3048 1741 3444 1809 charitatisqne

1877 1827 2235 1895 privationem
2268 1828 2464 1894 quovis
2490 1844 2612 1883 esse
2652 1830 2920 1897 supplicio
2975 1831 3237 1897 gehennae
3284 1846 3440 1885 arer-

1875 1917 2104 1980 biorem,
2139 1926 2193 1971 et
2233 1920 2392 1972 malle
2425 1934 2502 1981 se,
2543 1920 2587 1973 si
2649 1919 2855 1983 liceret,
2916 1920 3252 1976 ostendisset
3315 1937 3438 1974 cum

1876 2008 2169 2063 dilectione
2193 2008 2376 2062 divina
2410 2010 2734 2062 intentatam
2773 2010 3098 2078 gehennam,
3134 2027 3293 2079 quam
3321 2014 3441 2068 sine

1876 2100 1970 2154 illa
1998 2101 2327 2168 promissum
2366 2116 2592 2169 regnum
2623 2105 2638 2122 '
2671 2101 2959 2163 cmlorum,
2998 2099 3303 2156 inebriatus
3348 2104 3437 2157 de-

1877 2191 2101 2254 siderio,
2126 2207 2234 2245 non
2264 2192 2620 2247 subsistentia
2649 2194 2865 2261 quaerit,
2894 2203 2951 2247 et
2971 2208 3097 2247 cum
3130 2193 3222 2248 Dei
3250 2209 3437 2249 amore

1875 2296 2195 2351 comparare
2236 2282 2327 2335 illa
2355 2282 2662 2335 contendit.
2717 2301 2734 2334 ι
2777 2280 2963 2351 Neque
2995 2283 3228 2337 altitudo
3261 2284 3441 2344 enim,

1876 2374 1969 2438 ait,
2002 2387 2179 2441 neque
2212 2373 2569 2441 profundum,
2612 2388 2789 2443 neque
2820 2381 3072 2428 creatura
3100 2374 3204 2428 alia
3243 2375 3444 2444 pulerit

1875 2478 1977 2518 nos
2007 2478 2265 2532 separare
2297 2478 2324 2515 a
2361 2463 2630 2516 charitate
2652 2462 2768 2527 Dei,
2832 2478 2957 2534 quae
2993 2470 3079 2519 est
3133 2464 3188 2519 in
3222 2463 3445 2519 Christo

1873 2555 2003 2611 Jesu
2034 2556 2267 2609 Domino
2300 2564 2511 2609 nostro.
2554 2573 2573 2606 ι
2603 2554 2721 2609 Non
2751 2556 2950 2618 solum,
2988 2555 3184 2625 inquit,
3225 2558 3444 2611 cunctis

1878 2646 2041 2703 simul
2076 2646 2387 2700 visibilibus
2412 2656 2464 2699 et
2495 2645 2867 2700 invisibilibus
2898 2660 3139 2700 amorem
3174 2648 3228 2700 in
3255 2645 3444 2701 Salva-

1878 2746 2048 2793 torem
2075 2746 2129 2793 et
2164 2738 2583 2807 Rcdemptorem
2613 2753 2891 2808 praepono,
2922 2741 3015 2795 sed
3045 2751 3098 2796 et
3120 2741 3166 2794 si
3195 2756 3302 2811 qua
3335 2742 3445 2796 alia

1875 2838 2135 2883 creatura
2164 2830 2268 2882 hac
2331 2830 2511 2898 major
2569 2838 2624 2883 et
2681 2830 2968 2900 pulchrior
3011 2833 3343 2901 apparuerit,
3383 2840 3445 2887 ut

1875 2920 2198 2975 charitatem
2251 2928 2453 2974 mutent
2502 2936 2846 2991 nequaquam
2909 2924 3281 2992 persuadebit.
3336 2926 3444 2980 Sed

1877 3027 2051 3081 neque
2084 3012 2326 3080 jucunda
2366 3013 2411 3066 si
2448 3013 2574 3081 quis
2605 3013 2821 3079 onerat,
2852 3013 2970 3069 sine
3006 3014 3111 3069 hac
3140 3016 3396 3086 recipiam
3425 3032 3439 3068 :

1877 3114 1930 3157 et
1956 3103 2082 3157 licet
2136 3103 2317 3157 tristia
2357 3112 2577 3173 propter
2644 3105 2785 3159 hanc
2836 3104 3071 3174 ingerat,
3129 3108 3437 3175 expetenda

1883 3192 2040 3259 mihi,
2072 3193 2339 3262 valdeque
2369 3193 2628 3247 amabilia
2657 3194 3028 3249 videbuntur:
3074 3204 3128 3250 et
3160 3210 3283 3265 qua:
3319 3196 3443 3266 ejus

1878 3299 2045 3339 causa
2076 3284 2342 3339 toleratur
2374 3283 2566 3346 fames,
2603 3286 3029 3355 quibuscunque
3054 3287 3269 3343 deliciis
3308 3290 3442 3344 mihi

1876 3374 2083 3446 gratior
2117 3382 2221 3440 est,
2258 3382 2310 3428 et
2349 3374 2657 3442 persecutio
2700 3390 2832 3443 pace
2860 3376 3098 3443 dulcior,
3127 3384 3183 3433 et
3221 3380 3441 3434 nuditas

1878 3479 2118 3534 purpura
2151 3479 2396 3534 auroque
2425 3465 2648 3520 intextis
2687 3466 2933 3523 vestibus
2981 3469 3267 3526 venustior
3315 3489 3330 3526 :
3388 3481 3443 3527 et

1876 3571 2179 3641 periculum
2204 3573 2396 3641 quavis
2426 3572 3062 3642 securitatejucundius,
3092 3576 3443 3649 violentaque

1872 3662 2145 3732 jugulatio
2182 3663 2468 3717 omni-vita
2504 3664 2677 3734 magis
2728 3666 3055 3733 expetenda.
3119 3667 3441 3726 Passionum

1875 3754 2020 3808 enim
2047 3767 2209 3808 causa
2243 3753 2637 3808 consolationis
2674 3753 2806 3807 mihi
2845 3755 2966 3809 loco
2999 3762 3105 3820 est,
3155 3772 3280 3813 cum
3312 3775 3441 3825 pro-

1876 3853 1994 3914 pter
2032 3853 2331 3899 amatorem
2378 3842 2540 3897 simul
2591 3850 2645 3896 et
2685 3850 2925 3897 amatum
2962 3844 3180 3900 illarum
3230 3855 3439 3917 tempe-

1875 3943 2045 3991 states
2077 3934 2365 4005 perferam.
2404 3931 2613 4002 1305
2651 3949 2670 3982 ι
2709 3930 2844 3986 Eum
2877 3934 3022 3989 enim
3048 3937 3141 4005 qui
3175 3952 3284 3993 non
3336 3955 3437 3995 no-

1876 4034 2027 4081 verat
2049 4035 2359 4095 peccatum,
2395 4039 2495 4092 pro
2532 4025 2693 4080 nobis
2723 4033 3004 4094 peccatum
3052 4026 3198 4092 fecit,
3233 4038 3292 4083 ut
3340 4047 3442 4089 nos

1874 4115 2209 4171 elﬁceremur
2232 4115 2446 4184 justitia
2474 4114 2567 4170 Dei
2595 4117 2649 4170 in
2680 4116 2863 4185 ipsoh.
2891 4135 2910 4169 ι
2936 4147 3007 4158 -
3026 4136 3044 4170 ι
3072 4118 3175 4185 Qui
3206 4136 3329 4176 cum
3359 4122 3442 4177 di-

1874 4224 1968 4264 ves
1995 4219 2159 4273 esset,
2199 4215 2424 4278 propter
2458 4223 2558 4263 nos
2587 4224 2794 4278 egenus
2842 4209 3022 4267 factus
3051 4218 3157 4276 est,
3204 4222 3264 4269 ut
3294 4215 3440 4273 illius

1875 4298 2057 4367 inopia
2089 4312 2191 4351 nos
2213 4296 2410 4350 divites
2443 4312 2692 4353 essemus
2720 4300 2763 4352 ί.
2796 4317 2814 4349 ι
2854 4297 2917 4353 Et
2945 4316 2960 4355 :
2996 4316 3016 4350 ι
3055 4298 3303 4356 Redemit
3330 4319 3434 4360 nos

1876 4388 1942 4442 de
1974 4387 2262 4441 maledicto
2290 4386 2440 4457 legis,
2463 4386 2642 4442 factus
2672 4402 2769 4457 pro
2790 4388 2951 4443 nobis
2974 4389 3322 4445 maledictum
3350 4392 3429 4446 ι.»

202 4473 437 4544 σταυροῦ
457 4516 470 4529 .
495 4484 517 4524 ‘r
540 4475 647 4526 Καί
664 4491 677 4503 ο
702 4493 720 4525 ι
755 4475 873 4527 Ἔτι
893 4475 1228 4546 ἁμαρτωλῶν
1260 4475 1425 4528 ὅντων
1452 4475 1626 4544 ἡμῶν.
1649 4476 1773 4543 Χρι·
1806 4481 1849 4535 ι)

1770 4504 1773 4515 ι
1806 4481 1849 4535 ι)
1879 4477 1943 4532 Et
1975 4499 1986 4533 :
2034 4496 2051 4528 ι
2095 4462 2408 4532 Humiliavit
2445 4479 2795 4547 semetipsum
2836 4478 3015 4537 factus
3058 4481 3317 4557 obediens
3343 4500 3435 4539 us-

200 4564 327 4627 στὸς
376 4565 515 4636 ὑπὲρ
566 4564 722 4635 ἡμῶν
748 4558 1003 4618 ἀπέθανε.
1049 4584 1067 4617 ι
1118 4564 1299 4618 Ταῦτα
1332 4566 1423 4617 καὶ
1458 4566 1526 4617 τά
1550 4565 1774 4619 τοιαῦτα

199 4657 571 4726 λογιζόμενος,
631 4658 729 4709 ούκ
787 4658 853 4711 ἂν
905 4657 1167 4727 δεξαίμην
1216 4657 1313 4727 τὴν
1371 4656 1478 4709 τῶν
1525 4655 1771 4726 οὐρανῶν

202 4749 499 4819 βασιλείαν,
552 4748 673 4817 δίχα
714 4750 813 4817 τῆς
870 4750 997 4818 περὶ
1032 4748 1234 4801 τούτων
1278 4748 1498 4817 ἀγάπης
1528 4764 1541 4777 °
1573 4749 1672 4799 οὐκ
1704 4747 1769 4800 ἂν

200 4840 429 4909 φύγοιμι
464 4841 563 4908 τὴν
592 4840 650 4891 ἐν
677 4839 869 4910 γεέννῃ
892 4839 1186 4910 τιμωρίαν,
1223 4840 1380 4909 εἴπερ
1411 4839 1556 4901 είκὸς
1584 4835 1651 4908 ἦν
1676 4838 1769 4891 τὸν

193 4932 403 5001 ταύτην
438 4931 628 5000 ἔχοντα
665 4932 884 4985 κόλασιν
919 4933 1230 5002 ὑπομένειν.
1270 4932 1440 4985 Τοῦτο
1482 4933 1575 4985 καὶ
1602 4932 1766 4984 ἀλλα-

923 5042 940 5073 ι
988 5024 1052 5075 'H
1108 5024 1213 5094 γὰρ
1260 5025 1445 5095 ἀγάπη
1498 5023 1591 5077 τοῦ
1632 5023 1766 5077 Θεοῦ

197 5115 412 5185 συνέχει
454 5117 619 5185 ἡμᾶς,
671 5116 961 5185 κρίναντας
1004 5116 1179 5180 τοῦτο,
1210 5117 1287 5169 ὅτι
1322 5112 1402 5177 εἷς
1446 5116 1586 5186 ὑπὲρ
1628 5116 1767 5169 πάν-

196 5225 303 5259 των
334 5206 624 5267 ἀπέθανεν,
657 5207 741 5258 ἵνα
772 5209 819 5259 oi
864 5205 1083 5270 ζῶντες,
1123 5208 1317 5277 μηκέτι
1341 5209 1551 5269 ἐαυτοῖς
1577 5207 1763 5272 ζῶσιν,

195 5298 329 5351 ἀλλὰ
364 5297 440 5366 τῷ
487 5298 626 5367 ὑπὲρ
672 5297 850 5351 αὐτῶν
897 5299 1219 5351 ἀποθανόντι
1261 5300 1354 5351 καὶ
1392 5298 1700 5353 ἀναστάντι.
1741 5319 1759 5351 ι

197 5392 259 5441 Ui
289 5389 468 5441 τοίνυν
506 5388 579 5459 μὴ
628 5390 840 5451 ἑαυτοῖς
874 5388 1095 5454 ζῶντες,
1146 5391 1281 5443 ἀλλά
1319 5389 1396 5460 τῷ
1431 5392 1567 5460 ὑπὲρ
1593 5391 1771 5444 αὐτῶν

198 5481 521 5533 ἀποθανόντι
574 5482 669 5534 καὶ
718 5482 1031 5548 ἀναστάντι,
1076 5484 1253 5538 πάντα
1310 5485 1447 5555 ὑπὲρ
1478 5484 1643 5539 αὐτοῦ
1679 5486 1771 5538 καὶ

198 5023 292 5093 χοῦ
346 5024 585 5075 διδάσκει
642 5024 824 5091 σαφῶς
858 5039 870 5052 ⁸

266 5683 291 5721 8
328 5680 482 5734 Rom.
513 5697 631 5742 vm,
662 5682 749 5745 38,
787 5687 868 5743 39.
953 5687 975 5725 ιι
1011 5686 1050 5739 ll
1083 5685 1210 5741 Cor.
1252 5703 1301 5744 v.
1333 5687 1421 5743 Ἡ.

194 5761 233 5791 ³³³
267 5751 308 5807 ιι
336 5753 465 5806 Cur.
498 5768 547 5817 ι’,
584 5753 675 5807 H.‘

1871 4584 1976 4637 que
2016 4568 2082 4622 ad
2118 4580 2367 4633 mortem,
2427 4578 2657 4624 mortem
2714 4581 2892 4624 autem
2928 4572 3108 4626 crucis
3135 4573 3185 4627 ιι.
3241 4593 3261 4627 ι
3331 4575 3434 4630 Et:

1875 4678 1892 4710 ι
1935 4659 2071 4713 Cum
2106 4658 2283 4711 adhuc
2331 4667 2646 4727 peccatores
2703 4675 2970 4724 essemus,
3029 4660 3283 4717 Christus
3339 4678 3437 4732 pro

1868 4749 2024 4804 nobis
2056 4756 2305 4803 mortuus
2337 4756 2419 4804 est
2445 4747 2488 4803 ι.
2529 4767 2547 4799 ι
2588 4748 2711 4804 Haec
2739 4757 2792 4805 et
2819 4751 2872 4804 id
2914 4765 3089 4821 genus
3116 4752 3221 4805 alia
3252 4756 3439 4807 consi-

1867 4857 2087 4921 derans,
2140 4871 2364 4925 regnum
2413 4857 2677 4911 cmlorum
2709 4856 2828 4910 sine
2860 4855 3129 4911 charitate
3184 4858 3236 4912 in
3269 4858 3435 4913 Deum

1876 4949 2103 5018 adipisci
2135 4948 2342 5002 nolim:
2392 4963 2570 5017 neque
2619 4947 2880 5017 gehennae
2908 4949 3235 5017 supplicium
3289 4949 3437 5004 refu-

1873 5056 2020 5109 gere,
2057 5040 2103 5094 si
2137 5054 2235 5109 par
2266 5049 2463 5102 essset,
2495 5054 2617 5093 eum
2651 5041 2740 5107 qui
2767 5039 2869 5092 hac
2899 5039 3157 5109 prteditus
3188 5042 3278 5105 sit,
3306 5058 3435 5111 sup-

1876 5132 2101 5201 plicium
2138 5130 2307 5184 ullum
2341 5130 2639 5186 sustinere.
2675 5129 2787 5185 Hoc
2814 5147 3035 5201 quoque
3068 5133 3197 5187 alibi
3228 5133 3439 5203 perspi-

1873 5235 1973 5274 cue
2006 5219 2207 5274 docet:
2249 5237 2268 5271 t
2301 5219 2558 5275 Charitas
2587 5220 2731 5273 enim
2772 5218 2861 5274 Dei
2904 5229 3059 5290 urget
3114 5237 3234 5288 nos,
3285 5224 3435 5277 aesti-

1872 5318 2085 5364 mantes
2116 5311 2242 5374 hoc,
2277 5310 2532 5380 quoniam
2565 5326 2710 5365 unus
2754 5325 2854 5381 pro
2887 5313 3143 5368 omnibus
3178 5325 3431 5369 mortuus

1868 5410 1973 5465 est,
2006 5410 2066 5455 ut
2094 5403 2187 5473 qui
2225 5403 2433 5469 vivunt,
2459 5402 2569 5471 jam
2600 5418 2707 5457 non
2736 5403 2841 5457 sibi
2874 5404 3084 5471 vivant,
3115 5405 3209 5461 sed
3236 5408 3281 5459 ei
3336 5407 3428 5475 qui

1868 5506 1967 5562 pro
1996 5491 2131 5562 ipsis
2166 5500 2415 5547 mortuus
2450 5498 2534 5546 est
2558 5498 2613 5547 et
2642 5494 2942 5546 resurrexit
2965 5500 3025 5545 ιη.
3077 5508 3095 5543 ι
3131 5489 3236 5557 Qui
3265 5491 3430 5560 igitur

1510 5685 1521 5724 ί
1554 5688 1687 5744 ibid.
1714 5705 1827 5752 vm,
1855 5690 1903 5745 9.
1989 5689 2208 5746 iGala1.
2243 5706 2323 5755 ιιι,
2361 5692 2443 5747 l3.
2511 5693 2532 5731 ιι
2562 5691 2793 5762 Philipp.
2824 5708 2883 5755 ιι,
2914 5693 2965 5746 8.
3050 5690 3063 5728 ι
3112 5691 3175 5745 Β(

1773 5707 1827 5752 ιι,
1855 5690 1903 5745 9.
1989 5689 2208 5746 tGalaf.
2243 5706 2323 5755 ιιι,
2361 5692 2443 5747 l3.
2511 5693 2532 5731 ιι
2562 5691 2793 5762 Philipp.
2824 5708 2883 5755 ιι,
2914 5693 2965 5746 8.
3050 5690 3063 5728 ¹
3112 5691 3265 5745 Rom.
3296 5705 3348 5757 ν,
3373 5688 3430 5749 8.
