4216 6456
780 392 799 454 1
816 394 915 458 537

1765 388 2246 450 THEODORETI
2281 387 2618 446 EPISCOPI
2672 388 3032 446 CYRENSIS

3873 386 4018 449 1508

773 520 883 558 non
916 501 1148 569 amplius
1185 500 1286 553 sibi
1320 500 1530 559 vivunt,
1564 501 1655 551 sed
1693 500 1738 552 ci
1768 500 1859 565 qui
1892 513 1986 565 pro
2026 500 2157 564 ipsis
2196 510 2340 547 mor-

2446 495 2638 563 δρᾶσαι
2679 496 2772 548 καὶ
2804 495 2996 549 παθεῖν
3046 495 3296 565 ἀσμένως
3341 495 3644 564 ἀνέχονται.
3690 496 3799 548 Καὶ
3837 498 3907 551 τά
3949 504 4016 569 τῇ

781 610 909 646 tuus
934 600 1019 645 est
1058 600 1109 643 et
1147 593 1469 652 resurrexit,
1502 590 1685 643 omnia
1720 606 1816 657 pro
1846 605 1909 639 eo
1943 604 2102 655 agere
2133 598 2184 639 et
2229 586 2338 654 pati

778 683 1053 735 sustinent
1082 681 1333 732 libenter.
1369 679 1501 731 Hinc
1531 690 1584 731 et
1615 694 1734 748 qua:
1769 696 1865 733 sua
1905 687 2097 729 natura
2147 691 2341 744 magna

778 780 923 833 sunt,
951 787 1318 838 perpessuque
1351 770 1607 832 dimt'iiiﬂ,
1633 787 1753 824 cum
1782 785 1966 822 amore
1992 782 2340 836 comparans,

779 874 940 929 pzirva
967 860 1121 920 dicit,
1154 869 1205 911 ct
1236 861 1467 912 toleratu
1496 857 1696 910 facilia.
1736 877 1752 907 ι
1789 857 1839 909 Id
1871 858 2036 917 enim,
2071 858 2167 917 ait,
2201 856 2344 922 quod

780 953 831 1003 in
865 952 1123 1017 prresenli
1154 958 1235 1002 est
1266 958 1705 1001 momentaneum
1738 956 1795 1000 ct
1833 949 1947 999 leve
1977 945 2347 1000 tribulationis

780 1054 1000 1101 nostras,
1056 1057 1220 1108 supra
1272 1041 1533 1092 modum‘
1577 1041 1629 1092 in
1684 1040 2021 1091 sublimitate
2082 1046 2346 1090 aeternum

781 1133 966 1200 gloria:
1021 1132 1233 1198 pondus
1290 1139 1552 1199 Operatur
1608 1132 1841 1184 nobis“.
1880 1150 1897 1180 ι
1939 1129 2131 1182 Postea
2185 1130 2347 1181 etiam

770 1235 887 1287 .quo
924 1230 1086 1286 pacto
1113 1220 1481 1287 comparanda
1509 1218 1868 1272 smtedocet:
1905 1237 1921 1268 ι
1962 1217 2077 1270 Νοιι
2108 1232 2351 1270 contem-

781 1311 1057 1376 plantihus
1085 1310 1241 1361 nobis
1269 1311 1675 1376 quaevidentur,
1702 1309 1794 1361 sed
1813 1324 2053 1375 quaeuon
2080 1308 2348 1361 videntur.

781 1398 911 1462 Qua:
944 1398 1382 1464 cnimvidentur,
1418 1408 1789 1450 tuoinentauea
1834 1407 2135 1463 sunt;qua:
2171 1405 2349 1450 autent

782 1504 887 1541 non
912 1488 1186 1546 videntur,
1210 1495 1412 1539 aeterna
1435 1496 1479 1538 υ.
1508 1506 1526 1537 ι
1555 1487 1779 1554 Oportet
1802 1488 1969 1549 enim,
1992 1487 2353 1549 ait,conlerre

782 1595 904 1629 eum
924 1565 1277 1644 pra-sontibus
1299 1578 1411 1628 lutu
1423 1593 1496 1638 ra,
1515 1594 1637 1630 cum
1660 1580 2048 1646 temporalibus
2067 1593 2193 1631 vero
2208 1587 2357 1630 atter-

786 1687 873 1732 ua,
900 1669 1109 1737 1303
1137 1678 1186 1719 et
1224 1684 1346 1721 cum
1384 1670 1735 1722 tribulatione
1773 1670 2018 1736 gloriam.
2067 1668 2157 1719 Illa
2182 1670 2353 1734 siqui—

784 1766 901 1811 dezu
930 1769 1203 1812 momento
1224 1761 1480 1828 prmterit,
1501 1761 1611 1812 hate
1632 1768 1810 1812 autem
1830 1770 2031 1811 mterua
2045 1769 2147 1813 est.
2166 1760 2273 1813 llac
2292 1760 2356 1813 de

2447 586 2605 651 φύσει
2629 586 2684 638 δὲ
2722 587 2951 653 μεγάλα,
2982 586 3076 638 καὶ
3104 585 3318 654 χαλεπά
3347 585 3667 656 παθήματα,
3695 586 3773 656 τῷ
3800 587 4014 657 φίλτρῳ

2447 672 2769 737 συγκρίνων,
2793 673 2964 743 μικρά
3004 672 3150 740 λέγει
3186 674 3279 726 καὶ
3308 672 3530 742 εὔφορα.
3575 694 3592 724 ε
3625 675 3697 727 Τὸ
3730 677 3837 745 γὰρ
3873 694 4019 746 τταρ⁸

2446 759 2667 819 αυτῐκα,
2740 762 2925 829 φησὶν,
2979 763 3213 831 ἐλαφρὸν
3260 763 3358 830 τῆς
3407 763 3634 831 θλίψεως
3684 766 3861 833 ἡμῶν,
3895 769 4020 819 καθ’

2448 850 2749 920 ὑπερϐολὴν
2771 854 2849 914 εἰς
2892 853 3192 922 ὑπερϐολὴν
3232 853 3446 907 αἰώνιον
3496 856 3655 925 βάρος
3700 858 3856 925 δόξης
3889 876 4022 911 κατ-

2448 939 2743 1004 εργάζεται
2776 942 2927 1007 ἡμῖν.
2964 938 3097 993 Εἶτα
3157 943 3253 993 καὶ
3288 942 3404 1003 πῶς
3441 943 3521 994 δεῖ
3574 944 3884 1010 συγκρίνειν
3940 945 4023 995 δι-

2447 1030 2636 1083 δάσκει
2662 1048 2674 1061 ·
2706 1049 2723 1081 ι
2761 1033 2850 1099 Μὴ
2884 1034 3231 1084 σκοπούντων
3258 1033 3413 1102 ἡμῶν
3440 1034 3508 1086 τὰ
3539 1034 3861 1102 βλεπόμενα,
3884 1036 4025 1087 ἀλλὰ

2448 1121 2516 1172 τά
2556 1122 2629 1191 μὴ
2677 1121 2981 1191 βλεπόμενα
3015 1139 3026 1152 ·
3062 1124 3133 1175 τὰ
3164 1125 3271 1194 γάρ
3320 1125 3625 1193 βλεπόμενα
3667 1128 3977 1195 πρόσκαιρα
4009 1144 4022 1156 ’

2451 1213 2518 1263 τὰ
2547 1212 2602 1264 δὲ
2637 1214 2709 1283 μὴ
2745 1213 3053 1281 βλεπόμενα
3078 1216 3292 1270 αἰώνια.
3332 1233 3349 1266 ι
3395 1217 3668 1284 Προσήκει
3709 1219 3836 1283 γὰρ,
3866 1219 4024 1284 φησὶ,

2455 1303 2808 1371 παρατιθέναι
2844 1306 2959 1365 τοῖς
3002 1305 3099 1373 μὲν
3139 1304 3374 1375 παροῦσι
3404 1306 3472 1356 τὰ
3508 1306 3787 1373 μέλλοντα,
3826 1308 3941 1368 τοῖς
3967 1307 4025 1357 δὲ

2456 1395 2811 1465 προσκαίροις
2855 1395 2922 1447 τὰ
2965 1395 3177 1457 αἰώνια,
3213 1398 3277 1464 τῇ
3328 1395 3383 1447 δὲ
3427 1395 3600 1463 θλίψει
3632 1396 3729 1464 τὴν
3756 1397 3914 1459 δόξαν
3948 1414 3963 1427 ’
3993 1400 4025 1465 ἡ

2460 1489 2555 1555 μὲν
2584 1486 2690 1554 γὰρ
2714 1486 2822 1554 ἔχει
2856 1486 2917 1538 τὸ
2948 1487 3281 1554 παραυτίκα,
3315 1489 3344 1556 ἡ
3377 1487 3433 1538 δὲ
3462 1487 3522 1538 τὸ
3549 1486 3764 1539 αἰώνιον
3790 1505 3802 1516 ·
3830 1488 4025 1540 τούτου

2455 1578 2613 1646 χάριν
2647 1576 2785 1644 αὕτη
2830 1577 2928 1646 μὲν
2965 1577 3135 1647 κούφη
3164 1580 3259 1629 καὶ
3286 1577 3536 1646 εὔφορος,
3574 1579 3756 1646 ἐκείνη
3789 1578 3844 1629 δὲ
3872 1579 4031 1629 πολυο

2454 1665 2613 1733 τελής
2634 1683 2694 1718 τε
2719 1670 2813 1718 καὶ
2843 1667 3160 1736 βαρύτιμος.
3187 1666 3369 1736 Ταύτῃ
3391 1667 3454 1736 δὴ
3482 1670 3573 1718 καὶ
3592 1668 3652 1719 τὸ
3682 1670 3811 1719 καθ’
3846 1671 4026 1732 ὑπερ·

2459 1756 2648 1821 ϐολὶιν
2679 1757 3009 1827 ἀμφοτέροις
3037 1758 3414 1826 προστέθεικε,
3447 1758 3539 1810 καὶ
3574 1758 3652 1826 τῷ
3683 1759 3901 1827 ἐλαφρῷ
3929 1762 4029 1826 τῆς

784 1866 945 1903 elusi
966 1851 1096 1902 levis
1116 1851 1201 1900 illa
1216 1859 1320 1913 est,
1336 1858 1388 1902 et
1409 1858 1620 1917 portatu
1644 1850 1819 1902 facilis
1842 1867 1853 1901 :
1875 1852 1984 1902 ha‘c
2005 1866 2129 1903 vero
2152 1850 2350 1918 magni-

2455 1848 2706 1916 θλίψεως,
2754 1850 2847 1901 καὶ
2898 1847 2974 1916 τῷ
3005 1848 3159 1918 βάρει
3198 1850 3296 1917 τῆς
3326 1849 3503 1918 δόξης.
3542 1850 3650 1902 Καὶ
3686 1850 3855 1901 ταῦτα
3886 1852 4022 1919 γάρ,

788 1946 882 1992 lira
916 1952 997 1993 est
1028 1950 1079 1992 et
1138 1942 1316 2009 uiagui
1374 1942 1555 2009 pretii.
1595 1940 1731 1994 lliuc
1769 1958 1986 2009 quoque
2017 1941 2146 1994 illud
2194 1957 2355 2008 supra

791 2036 999 2086 modum
1036 2035 1249 2101 utrique
1284 2034 1532 2087 attribuit
1562 2042 1613 2087 et
1648 2034 1849 2086 levitati
1876 2034 2269 2095 tribulationis,
2303 2043 2355 2086 ct

797 2126 1021 2193 [inrideri
1054 2126 1260 2193 glurim.
1301 2123 1425 2176 llzec
1452 2126 1620 2187 enim,
1677 2124 1873 2191 inquit,
1914 2138 2080 2191 supra
2135 2124 2353 2175 modum

791 2229 951 2280 parva
986 2222 1133 2269 sunt.
1165 2222 1219 2265 et
1254 2214 1412 2271 levia.
1449 2227 1512 2265 ac
1547 2223 1962 2267 momentauea:
2000 2224 2051 2267 et
2085 2214 2174 2266 illa
2214 2216 2357 2268 simi-

791 2306 912 2356 liter
940 2319 1103 2371 supra
1142 2303 1361 2355 modum
1403 2304 1664 2371 gloriosa,
1695 2313 1747 2355 et
1783 2304 2090 2370 magniﬁca,
2132 2312 2185 2356 et
2220 2318 2347 2372 pre-

789 2393 927 2443 liusa
953 2404 1113 2459 atque
1142 2400 1363 2444 teterua.
1402 2390 1686 2455 Quomodo
1739 2393 1938 2444 clamat
1972 2403 2026 2444 et
2084 2393 2210 2445 alibi
2265 2392 2345 2444 dio

788 2500 918 2538 cens
947 2504 959 2537 :
998 2502 1013 2534 ι
1049 2484 1239 2537 l’laceo
1262 2485 1388 2535 mihi
1421 2485 1472 2539 iu
1499 2485 1907 2537 inﬁrmitatibus
1939 2483 2095 2546 meis,
2127 2485 2180 2537 in
2210 2500 2344 2537 con-

2454 1942 2639 2007 φησὶν,
2687 1939 3132 2009 ὑπερϐαλλόντως
3163 1941 3256 1991 καὶ
3298 1942 3529 2011 σμικρὰ,
3570 1943 3664 1992 καὶ¹
3699 1940 3896 2007 κοῦφα,
3934 1945 4031 1993 καὶ

2456 2030 2766 2100 πρόσκαιρα
2794 2036 3058 2084 ’κάκεῖνα
3104 2031 3368 2094 ὡσαύτως
3418 2032 3535 2100 μεθ’
3590 2032 3896 2100 ὑπερϐολῆς
3942 2033 4031 2083 ἓν·

2452 2122 2601 2187 δοξα,
2643 2125 2737 2175 καὶ
2771 2124 3055 2192 πολυτελῆ,
3092 2125 3184 2176 καὶ
3215 2123 3513 2194 βαρύτιμα,
3545 2127 3637 2178 καὶ
3666 2126 3879 2178 αἰώνια.
3919 2125 4031 2177 Καὶ

2454 2209 2680 2279 ἑτέρωθι
2731 2211 2931 2279 ὁμοίως
2978 2211 3117 2281 βοᾷ·
3165 2231 3183 2263 ‹
3223 2212 3443 2264 Εὑδοκῶ
3500 2214 3559 2264 ὲν
3607 2212 3938 2276 ἀσθενείαις,
3974 2215 4034 2265 ἐν

2460 2300 2702 2370 ὕϐρεσιν,
2741 2305 2796 2353 ὲν
2844 2303 3129 2369 ἀνάγκαις,
3182 2303 3239 2354 ὲν
3284 2303 3564 2371 διωγμοῇ,
3613 2305 3667 2353 ἐν
3724 2306 4035 2356 unum-

2456 2392 2597 2454 σίαις
2624 2395 2762 2465 ὑπὲρ
2792 2394 3051 2465 Χριστοῦ.
3079 2394 3243 2448 Ὅταν
3268 2394 3376 2463 γὰρ
3400 2393 3628 2457 ἀσθενῶ,
3654 2394 3775 2447 τότε
3807 2394 4036 2457 δυνατός

2457 2502 2593 2554 ειμι.
2625 2504 2643 2537 ι

788 2579 1045 2637 tumeliis,
1080 2579 1131 2631 iu
1165 2580 1605 2643 necessitatibus,
1644 2579 1698 2632 in
1728 2580 2238 2647 persecutionihus,
2287 2579 2341 2632 in
2379 2580 2651 2649 angustiis
2727 2596 2825 2649 pro
2888 2580 3131 2635 Christo.
3163 2579 3298 2634 Cum
3368 2578 3514 2634 enim
3570 2578 3844 2645 inﬁrmus,
3899 2589 4037 2635 tunc

792 2680 981 2740 puteus
1021 2688 1140 2724 sum
1167 2680 1215 2725 P.

862 2763 971 2815 lloc
1001 2778 1219 2831 quoque
1266 2777 1498 2832 magnus
1542 2763 1733 2818 Petrus
1772 2766 2165 2820 exstimulatus
2208 2764 2356 2819 desi—

789 2856 943 2907 derio
965 2895 978 2915 ,
1009 2869 1322 2922 quanquam
1356 2854 1594 2908 futuram
1623 2858 1963 2925 negationem
1986 2857 2354 2925 praavidisset,

792 2947 966 2999 noluit
1003 2955 1182 2997 tamen
1230 2960 1292 2999 se
1335 2947 1618 3000 occultare
1652 2966 1664 2999 :
1700 2948 1794 3000 sed
1841 2947 2038 3000 melius
2086 2947 2241 3001 duxit
2272 2962 2358 2999 se-

790 3036 1008 3104 quendo
1062 3052 1295 3104 negare,
1342 3052 1505 3104 quam
1568 3036 1826 3105 fugiendo
1880 3038 2151 3090 conﬁteri.
2203 3036 2355 3102 Quod

790 3128 936 3178 Cllilll
975 3142 1039 3178 ex
1074 3142 1292 3187 amore,
1342 3138 1396 3179 et
1436 3142 1543 3178 non
1584 3142 1649 3181 ex
1690 3128 1957 3188 audacia,
1992 3136 2210 3180 secutus
2252 3129 2355 3187 sit,

2523 2760 2709 2830 Τούτῳ
2738 2760 2831 2811 καὶ
2854 2763 2882 2813 ὁ
2920 2760 3091 2829 μέγας
3130 2760 3332 2827 Πέτρος
3378 2757 3717 2827 τετρωμένος
3749 2757 3827 2827 τῷ
3858 2758 4036 2828 πόθῳ,

2453 2852 2574 2906 οὑδὲ
2595 2850 2890 2921 προμαθὼν
2921 2851 3019 2920 τὴν
3052 2851 3316 2918 ἐσομένην
3349 2848 3579 2917 ἄρνησιν
3599 2848 3779 2899 λαθεῖν
3804 2849 4034 2901 κατεδέ-

2457 2943 2584 3007 ξατο
2610 2958 2624 2973 ·
2655 2941 2768 2994 ἀλλ’
2792 2942 3009 3009 ἄμεινον
3064 2938 3330 2991 ὑπέλαϐεν
3389 2939 3654 3006 ἑπόμενος
3702 2938 4033 3008 ἀρνηθῆναι,

2454 3034 2729 3103 ἢφεύγων
2761 3031 3108 3100 ὁμολογῆσαι.
3144 3032 3264 3081 Ὅτι
3303 3028 3412 3099 γὰρ
3457 3029 3657 3096 ἔρωτος
3707 3026 3795 3098 ἧν,
3847 3032 3945 3081 καὶ
3970 3032 4034 3082 οὐ

2455 3123 2875 3195 θρασύτητος,ή
2922 3120 3278 3190 ἀκολούθησις
3329 3121 3570 3188 ἔκγονος,
3625 3120 3693 3171 τὰ
3731 3122 4036 3189 πράγματα

791 3234 880 3272 res
916 3218 1045 3285 ipsa:
1069 3225 1365 3269 testantur.
1398 3216 1585 3286 Neque
1609 3218 1752 3271 enim
1783 3226 1842 3271 ut
1888 3219 2207 3287 magistrum
2238 3228 2350 3287 post

2466 3218 2748 3285 μαρτυρεῖ.
2776 3214 2911 3265 osa:
2955 3214 3060 3282 γὰρ
3094 3214 3232 3282 μετά
3284 3213 3380 3283 τὴν
3437 3214 3661 3281 ἄρνησιν
3709 3211 4041 3263 καταλιπεῖν

791 3310 1135 3376 negationem
1181 3308 1516 3375 relinqueret
1559 3308 1754 3361 adduci
1809 3309 2030 3377 potuit:
2071 3310 2162 3361 sed
2213 3307 2357 3361 ﬂevit

790 3396 1011 3463 quidem
1061 3409 1264 3459 amare,
1311 3395 1454 3447 sicut
1498 3395 1729 3449 historia
1777 3396 2002 3460 decen,
2034 3396 2357 3462 clademque

792 3498 985 3548 suam,
1020 3492 1073 3536 et
1120 3485 1557 3539 imbecillitatem
1605 3486 1941 3553 deploravit,
1990 3487 2227 3539 vinculis
2256 3502 2355 3539 au-

795 3585 902 3627 tem
933 3572 1139 3626 amoris
1171 3574 1507 3627 constrictus
1535 3589 1595 3627 se
1614 3576 1842 3643 przebuit
1875 3574 2180 3630 assiduum.
2214 3574 2354 3640 Quin

789 3666 989 3722 etnon,
1022 3678 1148 3714 eum
1183 3663 1360 3717 hetum
1408 3664 1704 3719 Dominicae
1747 3668 2170 3722 resurrectionis
2216 3685 2357 3721 nun-

792 3756 925 3805 tium
957 3753 1292 3820 accepisset,
1347 3753 1556 3821 primus
1603 3756 1670 3807 ad
1720 3758 2034 3823 sepulcrum
2082 3758 2262 3816 venit;
2305 3764 2357 3807 et

794 3842 846 3890 in
881 3837 1103 3892 Galilaza
1135 3856 1367 3899 rursus.
1401 3858 1523 3895 cum
1561 3844 1867 3911 piscaretur
1906 3854 1925 3880 τ
1966 3884 1981 3908 ,
2033 3857 2192 3915 atque
2234 3860 2358 3899 esse

792 3929 1079 3981 Dominum
1134 3932 1525 3997 cognovisset,
1572 3934 1661 4000 qui
1725 3935 1778 3985 in
1836 3935 2019 3988 littore
2070 3936 2251 3991 stabat
2305 3948 2358 3991 et

790 4018 1169 4085 alloquebatur
1194 4035 1324 4079 eos,
1360 4037 1469 4075 non
1520 4037 1718 4091 passus
1760 4036 1845 4077 est
1893 4041 2083 4080 navem
2146 4026 2358 4080 tardius

790 4109 959 4160 maris
996 4117 1145 4175 terga
1197 4117 1474 4163 secantem
1499 4150 1513 4175 ,
1548 4112 1641 4164 sed
1685 4113 1801 4166 alas
1833 4116 2075 4183 Optavit,
2120 4131 2355 4184 quarum

790 4199 1121 4251 adminiculo
1154 4214 1249 4266 per
1278 4214 1405 4253 aera
1431 4201 1584 4257 littus
1624 4219 1785 4272 quam
1817 4205 2161 4261 velocissime
2184 4222 2353 4261 occu-

790 4294 963 4355 paret.
1001 4284 1199 4340 Verum
1232 4289 1358 4356 quia
1406 4291 1598 4357 pennis
1633 4292 1843 4362 1307
1876 4304 2067 4348 natura
2112 4305 2197 4351 est
2254 4298 2352 4352 de-

788 4368 1001 4431 sﬁtuta,
1038 4384 1137 4436 pro
1168 4384 1295 4425 aere
1321 4373 1516 4440 aquis,
1557 4389 1618 4427 ac
1665 4392 1762 4443 pro
1806 4378 1909 4430 alis
1948 4380 2202 4433 manibus
2240 4383 2354 4434 uti-

790 4466 919 4507 tur:
953 4465 1292 4526 trauansqne
1318 4461 1384 4513 ad
1420 4476 1542 4513 cum
1571 4478 1732 4530 quem
1764 4464 2032 4533 diligebat
2063 4470 2313 4535 pervenit
2341 4511 2353 4533 ,

2461 3310 2716 3376 ἠνέσχετο
2743 3307 2830 3359 τὸν
2869 3304 3183 3358 διδάσκαλον
3206 3320 3217 3333 ⁸
3243 3303 3357 3356 ἀλλ’
3388 3303 3616 3355 ἕκλαυσε
3662 3301 3760 3371 μὲν
3794 3302 4033 3370 πικρῶς,

2456 3399 2530 3459 ὡς
2570 3398 2779 3468 ἱστορία
2839 3397 3102 3458 διδάσκει,
3158 3394 3251 3446 καὶ
3308 3394 3406 3463 τὴν
3454 3389 3621 3464 ἧτταν
3682 3391 4029 3460 ἀπωδύρατο.

2459 3487 2834 3556 Προσήδρευσε
2870 3485 2927 3537 δὲ
2955 3487 3065 3546 τοῖς
3094 3483 3186 3536 τοῦ
3218 3483 3443 3551 φίλτρου
3478 3481 3692 3549 δεσμοῖς
3721 3481 4032 3549 κατεχόμε-

2458 3596 2565 3640 νος.
2600 3578 2706 3628 Καὶ
2760 3578 2941 3645 μέντοι
2985 3575 3077 3627 καὶ
3125 3575 3192 3626 τὰ
3224 3573 3325 3641 τῆς
3371 3574 3714 3637 ἀναστάσεως
3739 3571 4036 3639 δεξάμενος

2458 3668 2786 3734 Εὑαγγέλια,
2820 3665 3034 3734 πρῶτος
3058 3664 3149 3715 τὸν
3196 3664 3362 3727 τάφον
3406 3661 3669 3714 κατέλαϐε
3692 3679 3705 3691 ’
3742 3661 3838 3712 καὶ
3877 3664 3937 3712 ὲν
3970 3664 4031 3728 τῇ

2457 3757 2715 3825 Γαλιλαίᾳ
2736 3756 2791 3807 δὲ
2847 3756 3004 3807 πάλιν
3029 3753 3279 3814 ἁλιεύων,
3326 3748 3446 3804 εἶτα
3479 3750 3662 3820 μαθὼν
3699 3751 3863 3802 αὑτὸν
3896 3745 4032 3803 εἶναι

2457 3849 2548 3899 τὸν
2577 3847 2797 3917 Κύριον,
2822 3846 2912 3897 τὸν
2940 3846 3033 3897 ἐπὶ
3053 3844 3150 3911 τῆς
3184 3844 3359 3912 ὴῖόνος
3402 3842 3630 3899 ἑστῶτα.
3663 3841 3756 3893 καὶ
3782 3842 4037 3910 προσδια-

2457 3940 2766 4007 λεγόμενον,
2791 3939 2887 3989 οὑκ
2912 3938 3169 4004 ἠνέσχετο
3194 3934 3291 4002 μὲν
3335 3931 3429 3984 τοῦ
3485 3932 3750 4001 πορθμίου
3788 3932 4037 3999 σχολαιό-

2458 4046 2613 4099 τερον
2635 4028 3009 4095 διατέμνοντος
3030 4026 3127 4093 τῆς
3173 4022 3445 4090 θαλάσσης
3474 4020 3542 4072 τὰ.
3576 4021 3718 4073 νῶτα
3748 4032 3761 4047 ⁸
3797 4021 4037 4091 ἐπόθησε

2457 4118 2514 4170 δὲ
2577 4117 2880 4183 ὑπόπτερος
2921 4117 3208 4182 γενόμενος
3253 4112 3320 4163 δι’
3363 4110 3527 4163 αὑτοῦ
3574 4111 3732 4178 ἀέρος
3800 4111 4036 4180 τάχιστα

2459 4207 2783 4261 καταλαϐεῖν
2804 4206 2901 4276 τὴν
2925 4207 3119 4274 ἀκτήν.
3167 4202 3384 4271 Ἐπειδὴ
3440 4202 3496 4255 δὲ
3556 4202 3832 4272 πτερῶνὴ
3872 4203 4036 4272 φύσις

2458 4298 2739 4369 ἐστέρητο,
2764 4297 2963 4367 χρῆται
2999 4296 3097 4365 μὲν
3151 4294 3270 4348 ἀντὶ
3322 4292 3417 4345 τοῦ
3463 4292 3623 4360 ἀέρος
3666 4296 3779 4356 τοῖς
3825 4293 4032 4357 ὕδασιν,

2458 4391 2578 4443 ἀντὶ
2601 4390 2657 4442 δὲ
2696 4388 2911 4458 πτερῶν
2936 4390 3057 4449 ταῖς
3114 4385 3291 4456 χερσί.
3344 4387 3739 4454 Διανηχόμενος
3778 4385 3833 4436 δὲ
3864 4403 4035 4438 κατα-

2461 4480 2724 4549 λαμϐάνει
2755 4481 2845 4532 τὸν
2889 4475 3270 4545 ἀγαπώμενον,
3312 4477 3406 4528 καὶ
3441 4472 3600 4527 ἆθλον
3635 4475 3907 4542 λαμϐάνει
3942 4476 4033 4528 τοῦ

789 4557 841 4598 et
870 4562 1065 4601 cursus
1097 4549 1179 4601 sui
1213 4550 1492 4617 prmmium
1522 4553 1791 4617 obtinuit,
1825 4559 1971 4624 quod
2003 4559 2204 4612 honore
2234 4562 2350 4615 aliis

2458 4569 2685 4638 δρόμου,
2738 4569 2835 4636 τὴν
2889 4566 2998 4618 τῶν
3044 4564 3217 4616 ἄλλων
3284 4565 3649 4633 προτίμησιν·
3701 4565 3891 4633 ἐπειδὴ
3927 4566 4034 4633 γὶερ

793 4637 1045 4703 praelatus
1074 4650 1175 4691 est.
1207 4635 1341 4691 Nam
1375 4639 1469 4693 ubi
1501 4641 2058 4711 discumberejussit,
2089 4648 2352 4717 cibosque

764 4721 1043 4783 'inventos
1072 4728 1389 4795 distribuit,
1418 4747 1538 4785 mox
1570 4734 1812 4803 colloqui
1859 4753 1981 4789 cum
2033 4752 2097 4791 eo
2135 4741 2300 4809 ccepit
2332 4726 2350 4795 ἰ

791 4822 1136 4887 interrOgans
1160 4819 1376 4889 quidem
1402 4836 1465 4875 ac
1496 4824 1789 4879 sciscitans
1812 4866 1825 4888 ,
1856 4836 2123 4894 quantum
2153 4831 2170 4849 ‘
2200 4845 2352 4883 amo-

791 4944 904 4981 rem
960 4929 1196 4994 habeat,
1233 4932 1446 4987 ueteris
1501 4948 1631 4987 vero
1685 4936 1867 5005 magni
1918 4935 2065 4991 Petri
2112 4954 2351 4994 amorem

790 5019 1044 5089 detegens
1072 5039 1083 5073 :
1121 5040 1139 5072 ι
1190 5020 1378 5076 Simon
1424 5024 1569 5077 enim
1601 5024 1758 5080 Pctre
1780 5070 1799 5088 ,
1833 5027 2029 5097 inquit,
2061 5029 2243 5098 diligis
2270 5048 2353 5085 me

790 5109 913 5175 plus
945 5108 1113 5161 hiss?
1159 5127 1176 5158 ι
1216 5108 1309 5162 Ille
1350 5118 1530 5163 autem
1566 5110 1744 5179 ipsum
1792 5120 1989 5167 testem
2037 5116 2240 5170 amoris
2268 5118 2352 5172 sui

790 5196 1101 5264 appellavit.
1130 5214 1146 5246 ι
1174 5194 1399 5249 Domine
1423 5198 1565 5250 enim
1588 5238 1601 5260 ,
1635 5200 1744 5262 ait,
1774 5208 1830 5252 tu
1867 5201 1976 5254 scis
2001 5200 2145 5269 quod
2177 5219 2351 5255 amem

791 5293 844 5339 te
861 5286 904 5338 ‘.
932 5305 951 5337 ι
975 5285 1253 5341 Scrutaris
1284 5287 1427 5339 enim
1460 5287 1628 5341 corda
1658 5290 1964 5355 hominum,
1998 5300 2055 5344 et
2081 5291 2175 5344 tibi
2204 5294 2350 5363 cogi-

791 5377 1053 5430 tationum
1080 5386 1259 5431 motus
1288 5386 1502 5445 patent,
1537 5380 1784 5447 nihilque
1816 5396 1879 5432 ex
1910 5382 2070 5434 rebus
2101 5384 2353 5435 humanis

790 5468 887 5522 tibi
923 5477 1100 5521 manet
1127 5467 1512 5522 absconditum
1542 5486 1554 5521 :
1583 5479 1783 5524 cuncta
1808 5472 1951 5524 enim
1977 5474 2142 5536 nosti,
2170 5476 2353 5529 novis-

859 5667 885 5693 “
920 5665 956 5717 ἷΙ
991 5667 1113 5718 Cur.
1147 5684 1218 5720 iv.
1256 5668 1331 5719 l7.

794 5749 945 5796 quit,
983 5735 1071 5789 ‘27.

1413 5678 1436 5703 °
1472 5671 1602 5725 ibid.
1640 5670 1728 5732 18,
1805 5682 1831 5720 P
1855 5671 1892 5723 ll
1925 5672 2051 5725 Cor.
2084 5687 2179 5734 xu,
2210 5673 2295 5727 10.

1153 5745 1173 5773 τ
1212 5736 1373 5793 .1ι›;ηι.
1409 5755 1520 5803 xxx,
1552 5740 1604 5796 6.
1683 5752 1703 5777 ⁸
1734 5742 1864 5795 ibid.
1898 5742 1980 5794 15.
2062 5744 2079 5777 ⁸
2117 5743 2248 5795 ibid.

2450 4660 2674 4713 καθίσαι
2704 4657 3020 4728 προσέταξε,
3057 4657 3151 4709 καὶ
3178 4656 3245 4709 τὰ
3281 4655 3570 4726 εὑρεθέντα
3606 4655 3747 4708 σιτία
3768 4655 4031 4725 διένειμε,

2448 4752 2549 4820 τῆς
2592 4749 2725 4815 πρὸς
2755 4749 2915 4801 αὑτὸν
2970 4748 3129 4810 εὐθὺς
3169 4747 3371 4817 ἤρξατο
3393 4746 3699 4812 διαλέξεωςν
3752 4744 4034 4815 ἐρώμενοῖ

2455 4842 2553 4911 μὲν
2596 4838 2781 4906 δῆθεν,
2823 4840 2916 4892 καὶ
2970 4838 3271 4906 πυθόμενος
3313 4836 3475 4888 πόσον
3530 4835 3639 4904 ἔχοι
3684 4836 3744 4887 τὸ
3788 4837 4031 4905 φίλτρον,

2450 4932 2853 4985 ἀποκαλύπτων
2878 4930 2932 4982 δὲ
2965 4932 3075 4991 τοῖς
3106 4928 3280 4990 ἄλλοις
3312 4928 3401 4979 τοῦ
3442 4927 3674 4996 μεγάλου
3704 4927 3912 4997 Πέτρου
3944 4930 4033 4979 τὶν

2450 5023 2629 5092 ἔρωτα
2654 5037 2666 5050 ·
2709 5040 2725 5071 ι
2766 5022 2948 5090 Σίμων
2988 5021 3095 5088 γὰρ
3153 5019 3346 5087 Πέτρε,
3398 5018 3521 5085 ἔφη,
3566 5016 3736 5085 φιλεῖς
3764 5036 3831 5086 με
3870 5020 4033 5071 πλέον

2448 5111 2691 5175 τούτων;
2734 5130 2751 5161 ι
2791 5112 2849 5163 Ὀ
2904 5112 2959 5163 δὲ
3012 5111 3170 5163 αὑτὸν
3205 5112 3283 5171 είς
3326 5108 3628 5179 μαρτυρίαν
3665 5108 3894 5162 ἐκάλεσε
3929 5109 4022 5163 τεῦ

2450 5203 2675 5271 φίλτρου
2703 5219 2715 5232 ·
2748 5220 2762 5251 ι
2800 5202 2988 5271 Κύριε,
3011 5203 3138 5271 γὰρ,
3174 5197 3312 5265 εἷπε,
3342 5202 3405 5252 σὺ
3436 5198 3581 5263 οἶδας
3613 5200 3693 5251 ὅτι
3724 5200 3862 5265 φιλῶ
3906 5219 4017 5254 σεδ

2461 5293 2817 5362 Ἐμϐατεύεις
2856 5292 2963 5361 γὰρ
3014 5294 3093 5353 εἰς
3120 5291 3217 5353 τὰς
3242 5289 3349 5341 τῶν
3373 5290 3669 5361 ἀνθρώπων
3704 5292 3903 5361 ψυχας,
3938 5297 4031 5347 καὶ

2452 5384 2639 5452 σαφῶς
2685 5385 2983 5437 ἐπίστασαι
3033 5382 3101 5435 τά
3144 5383 3240 5450 τῆς
3287 5382 3523 5443 διανοίας
3582 5383 3877 5451 κινήματα,
3940 5388 4034 5437 καὶ

2450 5477 2509 5528 οὑ
2555 5475 2811 5529 λανθάνει
2856 5492 2913 5527 σε
2950 5474 3059 5527 τῶν
3106 5473 3458 5543 ἀνορωπίνων
3497 5473 3666 5526 οὐδέν,
3734 5474 4034 5538 Γινώσκεις

2372 5683 2398 5724 ιι
2430 5672 2619 5728 Matth.
2654 5676 2928 5740 xxv-,TS;
2966 5675 3129 5731 Marc.
3166 5692 3261 5740 xu,
3288 5676 3388 5738 79.;
3431 5676 3561 5730 Luc.
3597 5673 4030 5742 nummum.
