4216 6456
180 396 320 462 1509

1197 349 1480 452 ORATIO
1527 390 1625 451 DE
1668 387 1931 450 DIVINA
1974 388 2423 448 cumnam.

3303 384 3442 451 1510

174 515 288 584 γάρ
311 510 516 573 πάντα,
537 506 608 561 τά
634 506 858 577 ἔσχατα,
904 504 997 558 καὶ
1039 504 1109 558 τά
1141 505 1363 575 ἀρχαῖα.
1392 503 1535 574 Πρὸς
1555 505 1760 564 τούτοις

1868 504 2036 568 sima,
2090 512 2143 555 ct
2187 505 2433 571 antiqua.
2483 499 2695 566 Quibus
2743 499 3007 557 Dominus
3061 499 3354 571 subjunxit
3387 510 3436 563 ει,

173 610 202 658 6
226 604 509 671 Δεσπότης
537 600 786 669 ἐπήγαγε
814 614 829 630 ο
862 616 879 649 ι
916 596 1175 665 Ποίμαινε
1200 596 1268 647 τά
1291 592 1538 663 πρόϐατά
1575 610 1696 662 μου.
1739 610 1757 642 ι

188 693 332 763 Ἐγὼ
360 693 460 762 μὲν
502 690 633 760 γὰρ,
688 688 872 758 φησιν,
905 686 1191 757 ἀνενδεής’
1228 684 1551 755 εὐεργεσίαν
1577 683 1632 735 δὲ
1668 697 1763 752 με·

176 788 376 854 γίστην
404 782 539 853 ἡγοῦ
549 797 666 852 μαι,
686 779 796 832 τῶν
820 778 969 849 έμῶν
992 778 1277 849 προδάτων
1300 777 1399 846 τὴν
1426 773 1759 843 ἐπιμέλειαν,

177 879 271 932 καὶ
302 877 407 947 τὴν
452 877 531 938 εἰς
589 874 773 927 ἐκεῖνα
804 871 1131 941 κηδεμονίαν
1166 871 1245 933 είς
1290 866 1531 939 ἐμαυτὸν
1572 865 1762 921 ἀναδέ-

177 986 365 1039 χομαι.
404 966 677 1036 Προσήκει
700 962 877 1017 τοίνυν
897 979 977 1025 σε,
1000 957 1068 1033 ἦς
1089 961 1383 1022 ἀπολαύεις
1403 958 1763 1029 προμηθείας,

181 1059 523 1129 μεταδιδόναι
556 1059 671 1119 τοῖς
697 1054 1028 1126 ὁμοδούλοις,
1069 1054 1163 1105 καὶ
1200 1052 1435 1123 βόσκειν,
1464 1050 1538 1113 ὡς
1574 1050 1763 1120 βόσκῃ.

178 1149 272 1201 καὶ
316 1149 398 1211 ὡς
461 1144 746 1217 ποιμαίνῃ,
785 1144 1116 1213 ποιμαίνειν,
1153 1142 1249 1196 καὶ
1276 1145 1345 1210 ἢν
1394 1139 1630 1208 ὀφείλεις
1677 1155 1765 1207 μοι

176 1241 360 1310 χάριν,
394 1240 461 1292 δι’
487 1237 715 1290 ἐκείνων
741 1233 1060 1288 ὲκτιννύειν.
1111 1232 1293 1286 Ταῦτα
1328 1231 1486 1285 πάλιν
1515 1233 1609 1285 καὶ
1634 1230 1715 1291 δὶς
1741 1230 1769 1281 ό

177 1332 456 1401 Δεσπότης
478 1330 662 1398 ἤρετο,
686 1326 780 1379 καὶ
813 1326 895 1388 δὶς
925 1326 953 1377 6
985 1324 1160 1395 μέγας
1182 1324 1513 1393 ἀπεκρίνατο
1542 1322 1766 1390 Πέτρος,

177 1422 270 1474 καὶ
296 1420 382 1482 δὶς
402 1417 497 1472 τοῦ
534 1417 791 1487 ποιμένος
810 1414 908 1485 τὴν
931 1414 1265 1485 χειροτονίαν
1288 1413 1521 1476 ἐδέξατο.
1554 1410 1767 1481 Ἐπειδὴ

176 1510 232 1563 δὲ
255 1512 351 1563 καὶ
380 1509 539 1581 τρίτῃ
564 1504 909 1576 προσηνέχθη
937 1504 1149 1569 πεῦσις,
1182 1504 1280 1557 οὐκ
1312 1503 1388 1556 ἔθ’
1418 1502 1615 1572 ὁμοίως
1638 1502 1769 1572 θιιρ⁴

179 1599 387 1661 σαλέως
422 1599 516 1651 καὶ
550 1596 724 1658 ἀδεῶς
763 1595 791 1648 6
840 1596 1110 1666 μακάριος
1154 1593 1504 1664 ἀποκρίνεται
1532 1592 1764 1663 Πέτρος·

176 1687 314 1741 ἀλλά
341 1688 494 1748 δέους
534 1684 895 1756 ιμπίπλαται,
930 1684 1022 1736 καὶ
1080 1683 1306 1753 θόρυϐον
1365 1682 1663 1751 εἰσδέχεται
1701 1681 1768 1748 τῇ

175 1782 343 1850 ψυχῇ,
382 1778 475 1831 καὶ
515 1778 722 1847 ἀγωνιᾷ
776 1779 842 1847 τῇ
896 1775 1082 1845 ψήφῳ,
1125 1774 1218 1827 καὶ
1273 1773 1526 1835 δέδοικεν’,
1552 1772 1765 1841 ὑφορώ-

1868 611 1888 646 ι
1930 593 2099 648 Pasce
2134 609 2262 648 oves
2296 602 2506 649 tuens“.
2538 615 2556 647 ι
2586 593 2699 661 Ego
2729 594 2903 657 enim,
2946 595 3045 656 ait,
3078 593 3287 645 nullius
3316 609 3435 646 sum

1865 684 2116 754 indigens
2148 703 2161 737 :
2195 687 2489 739 maximum
2520 700 2651 739 vero
2684 684 3007 739 benelicium
3051 687 3196 739 duco
3246 700 3437 739 coram

1864 778 2047 833 ovium
2079 792 2327 832 mearum
2353 820 2367 843 ,
2393 778 2931 845 sollicitudinemqne
2960 784 3087 845 erga
3125 780 3247 832 illas
3279 777 3441 831 adiri.

1865 871 2033 925 bitam
2071 870 2127 925 in
2164 872 2432 939 meipsmn
2462 871 2690 939 recipio.
2725 872 2955 939 Oportet
2985 872 3154 938 igitur
3182 879 3233 925 te
3264 871 3441 939 prori-

1867 960 2105 1014 dentiam
2142 976 2261 1014 eam
2294 977 2398 1030 qua
2435 961 2636 1015 frueris
2680 962 2963 1017 conservis
3001 963 3113 1015 tuis
3146 962 3436 1030 impertiri,

1852 1064 2070 1119 ~e05que
2104 1066 2351 1119 pascere,
2395 1052 2557 1105 sicuti
2600 1054 2868 1120 pasceris,
2900 1060 2953 1105 et
2995 1062 3052 1105 ut
3083 1054 3309 1119 reperis,
3352 1068 3440 1104 re-

1868 1155 2027 1210 gere,
2070 1151 2125 1195 et
2170 1143 2315 1209 quod
2372 1144 2502 1196 milii
2548 1151 2835 1212 acceptum
2881 1144 3046 1197 debes
3092 1144 3439 1203 beneiirium,

1868 1250 1965 1304 per
2014 1233 2141 1287 illos
2180 1233 2497 1301 rependere.
2527 1232 2653 1287 Haec
2692 1236 2891 1287 iterum
2935 1234 3297 1303 interrogavit
3331 1234 3436 1286 Uo-

1869 1324 2090 1386 minus,
2143 1332 2196 1377 et
2251 1322 2337 1375 bis
2378 1338 2607 1391 magnus
2650 1325 2937 1392 respondit
2985 1323 3215 1384 Petrus,
3258 1332 3314 1377 et
3354 1323 3440 1376 bis

1872 1416 2112 1486 pastoris
2163 1415 2572 1469 ordinationem
2623 1416 2891 1483 suscepit.
2950 1414 3249 1479 Postquam
3309 1428 3440 1465 vero

1870 1506 2034 1561 tertia
2074 1519 2292 1574 quoque
2339 1504 2555 1571 adjecta
2606 1512 2689 1557 est
2731 1503 3121 1570 interrogatio,
3165 1517 3273 1553 non
3322 1501 3436 1573 pari

1867 1598 1976 1667 jam
2014 1596 2214 1650 ﬁducia
2244 1602 2300 1648 et
2333 1594 2631 1647 securitate
2662 1593 2953 1661 respondet
2988 1593 3178 1645 beatus
3224 1591 3440 1654 Petrus,

1873 1686 1967 1741 sed
1986 1694 2041 1740 et
2078 1686 2276 1738 timore
2297 1685 2512 1749 plenus,
2542 1691 2596 1736 et
2615 1684 2798 1736 animo
2820 1683 3317 1751 l3081urbatus.
3344 1696 3442 1733 an-

1873 1778 2042 1847 gitur,
2079 1776 2401 1845 metuitque,
2433 1774 2802 1828 reformidans
2847 1788 2916 1826 ne
2959 1773 3239 1830 Dominus.
3278 1774 3440 1823 aliam

404 1869 477 1939 μὴ
510 1845 707 1938 ἑτέραν
758 1845 988 1937 ἄρνησιν
1030 1868 1058 1919 ό
1107 1866 1381 1934 Δεσπότης
1410 1864 1759 1935 προθεωρῶν,

1865 1845 1985 1938 ejus
2006 1870 2350 1939 negationem
2384 1865 2708 1935 praevidens,
2744 1865 2949 1917 amoris
2980 1864 3145 1915 verba
3178 1864 3439 1916 derideat.

173 1959 283 2010 τῶν
309 1959 408 2028 τῆς
431 1960 652 2027 ἀγάπης
677 1956 936 2026 ῥημάτων
971 1954 1247 2025 καταγελᾷ
1276 1969 1288 1981 ·
1334 1955 1604 2024 ἀνέδραμε
1655 1953 1761 2023 γὰρ

173 2046 348 2109 ὁνοῦς
381 2049 461 2109 είς
490 2046 561 2099 τά
592 2046 855 2116 πρότερα,
906 2046 1000 2098 καὶ
1031 2045 1305 2115 άνέμησεν
1337 2043 1521 2109 αὐτὸν,
1555 2043 1628 2106 ὡς
1662 2043 1763 2114 ἤδη

174 2141 269 2192 καὶ
301 2140 572 2209 πρότερον
601 2138 862 2201 πολλάκις
888 2138 985 2207 μὲν
1029 2139 1189 2207 μέχρι
1230 2137 1461 2191 θανάτου
1486 2138 1561 2209 μὴ
1590 2153 1760 2191 κατα-

174 2232 353 2284 λιπεῖν
402 2230 775 2302 διισχυρίσατο
813 2230 904 2282 τὸν
958 2229 1296 2293 διδάσκαλον,
1346 2231 1543 2301 ἢκουσε
1596 2230 1653 2281 δὲ
1688 2229 1763 2292 ὼς

182 2345 199 2373 ι
238 2325 376 2393 Πρὶν
406 2322 677 2391 ἀλέκτορα
706 2322 976 2389 φωνῆσαι,
1002 2322 1121 2391 τρὶς
1160 2323 1451 2392 ἀπαρνήσῃ
1485 2339 1571 2391 με.
1610 2341 1627 2372 ι
1656 2324 1762 2375 Καὶ

172 2408 354 2484 εὗρεν,
385 2414 447 2467 οὐ
478 2414 575 2483 τὴν
604 2414 811 2466 οἰκείαν
841 2413 1133 2483 ὑπόσχεσιν
1164 2414 1597 2483 περατουμένην,
1626 2414 1763 2466 ἀλλά

171 2507 266 2559 τοῦ
300 2504 575 2557 Δεσπότου
608 2503 1001 2574 βεϐαιουμένην
1057 2503 1155 2573 τὴν
1183 2505 1505 2574 πρόρρησιν.
1540 2503 1603 2557 Ἣ
1634 2505 1760 2559 τού-

170 2616 280 2651 των
306 2597 471 2650 αὐτὸν
504 2596 801 2649 έδεδίττετο
833 2596 1043 2665 μνήμη,
1081 2597 1175 2647 καὶ
1204 2595 1302 2646 οὐκ
1342 2597 1423 2647 εἴα
1450 2594 1762 2665 θαρσαλέως

170 2692 271 2761 τὴν
293 2688 559 2762 ἀρμοδίαν
592 2687 925 2757 προσφέρειν
948 2685 1259 2756 ἀπόκρισιν.
1281 2686 1416 2737 Ἀλλ’
1453 2685 1630 2753 ὀξείας
1662 2686 1760 2755 μὲν

170 2784 267 2835 καὶ
294 2780 502 2850 πικρὰς
535 2779 751 2843 ἐδέξατο
780 2778 879 2840 τὰς
894 2777 1113 2840 ἀκίδας’
1139 2777 1505 2848 παρεχώρησε
1537 2779 1592 2830 δὲ
1610 2778 1760 2848 ὅμως

171 2876 249 2947 τῷ
293 2875 542 2947 Δεσπότῃ
586 2874 683 2942 τῆς
729 2871 1018 2941 γνώσεως·
1066 2872 1165 2924 οὐκ
1207 2872 1542 2935 ἀντιτείνων,
1571 2871 1646 2934 ὡς
1699 2872 1759 2924 τὸ

174 2971 469 3039 πρότερον,
511 2966 632 3019 οὐδὲ
684 2965 891 3033 λέγων⁹
940 2983 956 3015 ι
1000 2964 1119 3017 Κᾶν
1152 2963 1247 3037 δὲῃ
1280 2981 1347 3035 με
1382 2965 1477 3016 σὺν
1506 2966 1587 3017 σοὶ
1623 2965 1760 3018 ἀπο-

174 3060 379 3123 θανεῖν,
432 3060 495 3111 ού
562 3060 637 3127 μή
685 3074 743 3109 σε
788 3058 1197 3127 ἀπαρνήσομαι.
1240 3076 1257 3107 ι
1315 3056 1476 3109 Ἀλλὰ
1503 3055 1607 3124 τῆς
1661 3056 1759 3125 μὲν

1868 1959 2095 2014 Reﬂexit
2124 1958 2268 2013 enim
2314 1972 2439 2013 sese
2474 1971 2629 2011 mens
2660 1957 2726 2009 ad
2762 1970 2823 2009 ea
2866 1971 2986 2023 qua:
3018 1963 3438 2023 prmcesscrant,

1864 2060 1917 2106 et
1948 2052 2001 2105 in
2043 2051 2361 2105 memoriam
2410 2049 2722 2112 revocavit,
2755 2062 2864 2116 quo
2914 2055 3073 2116 pacto
3123 2049 3234 2111 jam
3283 2056 3441 2101 antea

1866 2145 2066 2213 saepius
2097 2148 2489 2207 asseverasset,
2525 2142 2846 2209 magistrum
2876 2155 2935 2193 se
2970 2139 3037 2193 ad
3066 2150 3297 2192 mortem
3346 2154 3440 2193 us-

1866 2252 1971 2305 que
2001 2250 2107 2288 non
2142 2234 2458 2287 relicturum
2484 2274 2499 2297 ,
2541 2232 2815 2285 audiisset
2849 2240 3059 2297 autem,
3090 2231 3233 2300 quod
3268 2231 3444 2300 prius-

1865 2341 2025 2395 quam
2060 2326 2238 2394 gallus
2269 2334 2536 2385 cantaret,
2566 2334 2648 2376 ter
2679 2324 3049 2393 abnegaturns
3081 2340 3206 2377 cum
3244 2331 3391 2377 esset
3422 2343 3438 2379 :

1863 2433 2031 2487 reque
2066 2419 2183 2486 ipsa
2221 2414 2614 2484 comperisset,
2665 2428 2772 2466 non
2823 2413 3248 2482 promissionem
3279 2428 3440 2465 suam

1863 2524 1986 2564 esse
2012 2508 2338 2577 completam
2369 2549 2379 2566 .
2424 2506 2518 2561 sed
2551 2506 2963 2575 praedictionem
2995 2504 3206 2557 Domini
3237 2507 3441 2557 contir-

1864 2610 2089 2655 matam.
2117 2600 2361 2664 Quorum
2411 2598 2725 2651 recordatio
2755 2600 2951 2651 timore
2983 2598 3141 2650 illum
3173 2596 3440 2666 percelle-

1863 2694 1988 2757 bat,
2048 2707 2148 2746 nec
2199 2691 2552 2759 permittebat
2602 2706 2726 2743 eum
2774 2690 3117 2744 confidenter
3160 2688 3301 2743 idem
3356 2704 3445 2743 re-

1863 2784 2154 2856 spondere.
2175 2781 2375 2835 Verum
2410 2781 2633 2835 aculeos
2651 2781 2869 2849 quidem
2904 2787 3196 2849 peracutus
3215 2789 3269 2834 et
3287 2794 3445 2834 acer-

1862 2875 1962 2929 bos
1996 2872 2266 2944 persensit
2301 2889 2313 2925 :
2352 2870 2717 2939 cognitionem
2751 2878 2931 2923 tamen
2982 2869 3215 2923 Domino
3245 2870 3438 2930 cessit.

1862 2982 1972 3023 nun
2005 2973 2063 3020 ut
2098 2965 2252 3035 prius
2300 2966 2595 3026 resistens,
2644 2976 2824 3031 neque
2870 2962 3103 3015 dicens:
3147 2979 3165 3012 ι
3211 2961 3443 3016 Etiamsi

1861 3061 2165 3131 Oportuerit
2199 3072 2285 3111 me
2330 3056 2468 3110 mori
2517 3063 2697 3109 tccmn
2722 3094 2735 3115 .
2769 3070 2878 3107 non
2930 3063 2984 3108 te
3030 3054 3344 3123 relinquam
3374 3062 3441 3121 νς

173 3153 395 3220 ἀγάπης
419 3149 581 3201 αὐτὸν
613 3149 756 3217 ἐχειν
783 3147 1069 3216 συνίστορα
1099 3147 1322 3215 φάσκων
1351 3147 1441 3199 τὸν
1462 3147 1756 3218 Δεσπότην,

1864 3152 1958 3205 sed
1989 3147 2277 3203 charitatis
2313 3160 2427 3200 sua:
2457 3144 2650 3198 dicens
2677 3143 2877 3199 habere
2923 3159 2982 3199 se
3018 3143 3304 3198 Dominum
3358 3145 3443 3214 ip-

172 3242 271 3307 τὴν
332 3237 539 3310 ἀκριδῆ
583 3238 640 3290 δὲ
705 3238 811 3290 τῶν
840 3238 975 3290 ὅλων
1028 3237 1229 3304 γνῶσιν
1266 3239 1395 3307 παρ’
1439 3239 1587 3310 αύτῷ
1617 3235 1753 3293 εἶναι

174 3332 325 3400 μόνῳ
353 3330 430 3398 τῷ
460 3331 655 3398 ποιητῇ
690 3328 797 3379 τῶν
832 3328 968 3381 ὅλων
1001 3328 1279 3397 ὁμολογῶν
1299 3346 1313 3360 ο
1353 3348 1372 3379 ‹
1412 3330 1750 3401 Κῦριενγάρ,

171 3418 301 3487 ι’ρη,
334 3417 401 3469 σὺ
433 3416 608 3469 πάντα
630 3412 799 3478 οἶδας,
828 3418 890 3468 σὺ
930 3417 1106 3469 πάντα
1146 3417 1467 3484 γινώσκεις,
1509 3422 1572 3472 σὺ
1608 3417 1754 3479 οἶδας

170 3512 253 3564 ὅτι
284 3508 425 3578 φιλῶ
468 3524 549 3561 σε.
595 3526 614 3558 ι
656 3508 779 3559 Ὅτι
825 3508 923 3571 μὲν
975 3508 1082 3577 γὰρ
1131 3507 1291 3575 φιλῶ,
1342 3511 1435 3560 καὶ
1456 3504 1627 3573 οἶδας,
1661 3512 1755 3565 καὶ

176 3600 495 3670 μαρτυρεῖς.
552 3596 615 3648 Et
674 3596 729 3647 δὲ
786 3597 879 3647 καὶ
916 3595 1157 3666 διαμενῶ
1184 3595 1373 3663 φιλῶν,
1422 3599 1756 3671 σαφέστερον

170 3684 320 3751 οἶδας
354 3686 534 3749 αὐτός.
558 3686 723 3737 Οὐδὲν
758 3686 865 3756 γὰρ
888 3685 997 3752 ἐγὼ
1023 3686 1150 3758 περὶ
1180 3687 1285 3740 τῶν
1321 3690 1595 3759 ἐσομένων
1622 3691 1751 3760 ἐρῶ,

171 3778 294 3833 οὐδὲ
324 3778 693 3848 ζυγομαχήσω
729 3778 858 3847 περὶ
890 3770 965 3830 ὧν
994 3778 1095 3830 οὐκ
1156 3778 1461 3846 ἐπίσταμαι
1483 3796 1494 3807 ο
1553 3779 1755 3849 ἔμαθον

170 3877 239 3944 τῇ
267 3873 431 3942 πείρᾳ
464 3872 537 3941 μὴ
568 3870 868 3938 ἀντιλέγειν
898 3869 975 3940 τῷ
1007 3872 1272 3940 Δεσπότῃ.
1305 3872 1376 3923 Σὺ
1413 3872 1469 3924 δὲ
1498 3873 1598 3941 τῆς
1625 3874 1755 3940 ἁλη-

173 3964 325 4027 θείας
376 3964 546 4034 πηγὴ,
587 3963 649 4015 σὺ
707 3963 803 4032 τῆς
847 3961 1101 4030 γνώσεως
1145 3962 1416 4025 ἄϐυσσος·
1480 3967 1591 4026 τοῖς
1648 3967 1757 4027 σοῖς

171 4057 321 4128 ὅροις
340 4054 597 4125 ἐμμένειν
618 4053 947 4123 δεδίδαγμαι.
975 4053 1144 4105 Τοῦτο
1163 4054 1222 4106 τὸ
1243 4054 1358 4117 δέος
1380 4056 1542 4107 αὐτοῦ
1561 4054 1758 4108 θεασά-

176 4165 340 4219 μενος
368 4149 395 4199 6
416 4147 712 4215 Δεσπότης,
738 4146 833 4198 καὶ
856 4145 917 4197 τὸ
944 4145 1166 4215 φίλτρον
1190 4145 1246 4197 δὲ
1268 4146 1510 4218 ἀκριϐῶς
1534 4148 1757 4201 ὲπιστά-

175 4257 363 4308 μενος,
398 4240 463 4307 τῇ
491 4237 887 4309 προαγορεύσει
916 4237 1014 4307 τῆς
1043 4237 1296 4306 τελευτῆς
1324 4238 1437 4291 λύει
1460 4238 1549 4290 τὸν
1574 4238 1756 4306 φόϐον,

175 4330 272 4382 καὶ
304 4328 484 4381 δίδωσι
506 4329 569 4397 τῇ
589 4327 777 4399 ἀγάπῃ
826 4326 923 4396 τὴν
960 4327 1284 4397 μαρτυρίαν,
1316 4328 1524 4381 καὶτοῦ
1554 4330 1759 4398 ῐιέτρου

174 4420 275 4488 τὴν
309 4418 603 4489 ὁμολογίαν
668 4420 843 4487 κυροῖ,
896 4418 992 4470 καὶ
1032 4417 1110 4487 τῷ
1142 4418 1309 4470 ,ἕλκει
1349 4420 1445 4489 τῆς
1476 4419 1759 4489 ἀρνήσεως

1858 3258 1978 3298 smn
2046 3238 2357 3298 conscium,
2437 3234 2817 3303 conﬁtensque
2879 3248 3062 3287 veram
3126 3242 3444 3300 certamque

1856 3342 2183 3387 cunctorum
2225 3326 2475 3382 notitiam
2516 3323 2660 3394 apud
2705 3325 2882 3393 ipsum
2932 3324 3110 3378 solum
3153 3327 3445 3378 universo-

1856 3440 1980 3481 rum
2011 3423 2273 3477 factorem
2304 3434 2447 3473 esse.
2487 3435 2505 3468 ι
2552 3416 2780 3469 Domine
2805 3416 2975 3479 enim,
3020 3416 3117 3480 ait,
3162 3423 3217 3468 tu
3251 3416 3441 3470 omnia

1858 3512 1968 3567 scis
1995 3552 2010 3577 ,
2041 3517 2097 3561 tu
2132 3509 2242 3562 scis
2275 3504 2419 3576 quod
2454 3520 2579 3559 amo
2614 3515 2666 3559 te
2698 3512 2747 3557 ι.
2781 3502 2938 3569 Quod
2982 3506 3128 3558 enim
3158 3513 3210 3559 te
3240 3519 3441 3569 amem,

1857 3612 1910 3658 et
1937 3603 2070 3661 scis.
2102 3609 2155 3653 et
2190 3598 2563 3654 testimonium
2600 3596 2831 3665 praabes.
2863 3595 2921 3649 In
2946 3596 3238 3651 dilectione
3259 3607 3442 3651 autem

1858 3712 1925 3749 an
1949 3690 2493 3764 permansurus‘sim,
2519 3689 2723 3744 clarius
2748 3688 2866 3758 ipse
2894 3691 3038 3742 nosti
3067 3707 3079 3743 :
3112 3688 3441 3743 nihil'enim

1857 3800 1957 3855 ego
2015 3784 2081 3838 de
2137 3782 2341 3835 futuris
2391 3780 2655 3843 dixerim,
2713 3795 2889 3849 neque
2946 3781 3013 3834 de
3052 3780 3117 3835 iis
3165 3795 3287 3849 quae
3330 3795 3443 3835 non

1859 3871 2021 3941 novi,’
2043 3874 2359 3937 decertabo,
2405 3874 2517 3941 ipsa
2550 3871 2749 3927 doctus
2780 3886 2901 3925 sum
2930 3872 3289 3941 experientia,
3332 3885 3443 3926 nun

1860 3965 2239 4020 contradicere
2273 3962 2526 4015 Domino.
2560 3960 2641 4013 Tu
2688 3975 2822 4014 vero
2873 3959 2997 4014 l'ons
3049 3960 3332 4024 veritatis,
3383 3968 3443 4015 tu

1863 4054 2233 4125 intelligentia:
2267 4053 2496 4122 abyssus
2545 4070 2557 4104 :
2601 4051 2711 4106 tuis
2749 4051 3006 4105 insistere
3042 4052 3269 4105 statutis
3306 4050 3440 4106 edo-

1861 4158 1982 4205 ctus
2018 4162 2163 4203 sum.
2208 4144 2364 4197 iltmc
2426 4144 2557 4212 ejus
2604 4144 2854 4196 timorem
2912 4142 3101 4196 videns
3153 4140 3440 4205 Dominus,

1863 4254 2216 4307 amoremque
2241 4237 2454 4307 penitus
2471 4236 2814 4305 exploratum
2843 4235 3069 4295 habens,
3089 4234 3443 4304 prmdictione

1863 4330 2055 4385 mortis
2090 4327 2255 4381 solvit
2290 4328 2564 4390 timorem,
2595 4332 2648 4379 et
2670 4325 2922 4379 charitati
2955 4324 3169 4396 1309
3190 4327 3441 4380 testimo-

1868 4420 2014 4473 nium
2070 4417 2277 4487 praabet
2302 4456 2317 4477 ,
2349 4414 2607 4486 Petrique
2638 4415 3043 4471 confessionem
3083 4417 3432 4482 corroborat,

177 4512 481 4583 προσφέρει
513 4509 615 4579 τῆς
667 4509 958 4578 ὁμολογίας
1014 4509 1074 4561 τὸ
1117 4508 1426 4581 φάρμακον.
1465 4510 1563 4561 Δια
1606 4509 1760 4563 τοῦτο

1863 4521 1917 4565 et
1949 4510 2254 4581 negationis
2303 4509 2472 4563 ulceri
2520 4507 2887 4564 confessionis
2935 4509 3293 4579 plnarmacnm
3338 4509 3436 4563 ad-

177 4603 289 4674 γάρ
331 4598 486 4671 οἶμαι
541 4602 635 4653 καὶ
682 4599 916 4670 τριπλῆν
936 4598 1140 4668 ταύτην
1187 4600 1500 4671 ἀπῄτησεν*
1543 4601 1627 4653 ἴνα
1658 4602 1765 4654 ἰσά-

181 4695 357 4764 ριθμα
386 4696 498 4756 τοῖς
525 4693 738 4745 ἕλκεσιν
769 4690 932 4762 ἐπιθῇ
965 4690 1032 4743 τά
1058 4690 1347 4764 φάρμακα,
1379 4692 1471 4743 καὶ
1501 4691 1765 4764 γυμνώσῃ

177 4788 293 4848 τοῖς
316 4783 554 4853 παροῦσι
582 4783 690 4835 τῶν
719 4781 977 4853 μαθητῶν
1037 4785 1134 4852 τῆς
1189 4782 1404 4851 ἀγάπης
1441 4783 1535 4852 τὴν
1570 4783 1760 4849 φλόγα.

190 4878 256 4930 Ἥ
282 4877 463 4929 τοίνυν
494 4874 800 4947 πρόρρησις
840 4875 938 4944 τῆς
977 4874 1255 4943 τελευτῆς.
1294 4875 1506 4928 καὶτὸν
1559 4876 1763 4947 Πέτρον

180 4966 553 5038 ἐψυχαγώγει,
579 4966 672 5019 καὶ
704 4966 829 5029 τοὺς
880 4964 1070 5027 ἄλλους
1102 4966 1401 5024 ἐδίδασκεν.
1446 4966 1521 5028 ὡς
1555 4969 1763 5019 οἰκονο-

184 5062 315 5130 μίας
338 5055 426 5130 ἦν,
452 5058 564 5111 ἀλλ’
596 5059 654 5109 οὐ
688 5056 913 5125 γνώμης
940 5058 972 5127 ἠ
1004 5057 1250 5127 ἄρνησις.
1280 5057 1388 5109 Καὶ
1417 5056 1574 5109 τοῦτο
1599 5055 1762 5118 αὐτὸς

181 5152 210 5203 6
239 5149 432 5219 Σωτὴρ
463 5148 555 5201 καὶ
585 5147 788 5217 Κύριος
819 5144 979 5214 ἡμῶν
1026 5145 1265 5217 ᾐνίξατο,
1322 5144 1458 5213 πρὸς
1496 5148 1656 5199 αὑτὸν
1690 5148 1767 5199 εἱ-

187 5240 404 5312 ρηκὼς’
464 5258 481 5290 ι
538 5238 754 5307 Σίμων,
806 5238 1026 5307 Σίμων,
1074 5239 1374 5308 ἐξῃτήσατο
1435 5241 1461 5289 ὁ
1525 5238 1767 5300 Σατανᾶς

188 5336 429 5387 σινιᾶσαι
465 5333 607 5400 ὑμᾶς
637 5332 712 5394 ὡς
740 5331 829 5383 τὸν
864 5334 1030 5397 σῖτον,
1064 5331 1218 5398 κάγὼ
1246 5332 1467 5401 ἐδεήθην
1500 5331 1626 5401 περὶ
1652 5332 1765 5395 σοῦ,

188 5426 266 5479 ἶνα
300 5426 374 5495 μὴ
412 5424 607 5495 ἐκλίπῃ
639 5426 671 5493 ἡ
700 5424 879 5485 πίστις
928 5440 1021 5475 σου
1045 5440 1058 5453 ·
1092 5423 1223 5477 ἀλλὰ
1267 5425 1359 5476 καί
1394 5423 1455 5475 σύ
1493 5441 1618 5475 ποτε
1648 5424 1765 5475 ἐπι-

190 5518 315 5586 στρέ
335 5517 446 5587 ᾇας,
478 5516 728 5587 στήριξον
757 5518 882 5579 τους
914 5515 1176 5585 ἀδελφούς
1210 5534 1325 5568 σου.
1360 5535 1377 5566 ι
1412 5517 1623 5586 ’Ὠσπερ
1655 5517 1763 5586 γὰρ

194 5611 325 5679 ἰτὼ,
378 5607 532 5678 φησι,
585 5606 941 5677 σαλευόμενον
997 5607 1093 5677 οὐχ
1134 5606 1411 5678 ὐπερείδόν
1461 5624 1539 5669 σε,
1593 5607 1762 5670 οὕτως

270 5782 293 5808 ⁸⁸
319 5786 477 5839 Joan.
514 5801 625 5848 ικι,
660 5784 744 5842 15.
824 5794 848 5821 ν
881 5782 1070 5837 Matth.
1100 5799 1245 5851 xxvr,
1269 5782 1357 5838 55.

1441 5797 1465 5823 ι
1488 5782 1644 5837 Joan.
1677 5783 1899 5849 “1,17.

1866 4614 2063 4660 movet.
2101 4601 2183 4657 Ob
2218 4602 2266 4655 id
2297 4601 2440 4655 enim
2473 4602 2726 4665 arbitror,
2761 4610 2814 4653 et
2854 4601 2993 4653 hanc
3037 4600 3219 4668 exegit
3253 4600 3436 4668 tripli-

1863 4712 2002 4759 cem,
2039 4708 2097 4747 ut
2120 4693 2267 4763 paris
2320 4692 2531 4746 numeri
2565 4692 2959 4746 medicamenta
3009 4691 3289 4746 ulceribus
3337 4690 3442 4744 im-

1867 4795 2061 4856 ponat,
2093 4783 2517 4852 discipuiisque,
2549 4782 2641 4851 qui
2671 4780 2921 4847 aderant,
2959 4782 3254 4836 cliaritatis
3281 4781 3438 4834 ﬂam-

1867 4892 2011 4929 mam
2046 4873 2378 4928 manil’estet.
2420 4872 2708 4926 Prmdictiu
2752 4873 2936 4943 itaque
2968 4873 3161 4927 mortis
3184 4914 3199 4940 ,
3256 4881 3312 4927 et
3343 4872 3443 4928 Pe-

1866 4978 2008 5023 trum
2042 4967 2322 5022 consolata
2353 4975 2458 5031 est,
2489 4976 2541 5019 et
2575 4966 2714 5019 alios
2742 4966 2950 5031 docuit,
2995 4967 3340 5035 negationem
3371 4965 3441 5020 il-

1862 5060 1967 5115 lam
2006 5059 2431 5127 dispensationis
2478 5058 2669 5122 i'uisse,
2714 5074 2821 5112 non
2871 5059 3091 5111 mentis.
3128 5059 3308 5129 Atque
3339 5058 3441 5111 hoc

1863 5158 1980 5223 tpse
2003 5152 2256 5208 Salvator
2285 5159 2337 5205 et
2371 5150 2635 5204 Dominus
2662 5160 2847 5205 noster
2874 5151 3172 5204 insinuavit
3194 5190 3208 5211 ,
3243 5151 3433 5204 dicens

1865 5244 1942 5297 illi
1988 5262 2001 5297 :
2045 5261 2063 5293 ι
2113 5244 2338 5303 Simon,
2393 5240 2617 5304 Simon,
2649 5257 2775 5295 ecce
2824 5240 3059 5294 Satanas
3094 5241 3443 5310 expetivitut

1869 5350 1964 5388 vos
1994 5335 2258 5389 cribraret
2292 5336 2435 5387 sicut
2461 5334 2741 5398 triticum,
2776 5349 2874 5403 ego
2906 5342 3085 5387 autem
3132 5333 3311 5401 rogavi
3346 5346 3443 5401 pro

1869 5437 1919 5481 te
1960 5436 2015 5478 ut
2048 5442 2152 5479 non
2187 5425 2403 5479 deliriat
2439 5424 2573 5479 ﬁdes
2602 5435 2716 5489 tua,
2770 5433 2824 5478 et
2860 5433 2916 5478 tu
2960 5426 3257 5493 aliquando
3298 5440 3432 5477 con-

1872 5530 2087 5577 versus.
2121 5516 2382 5569 Conﬁrma
2419 5513 2613 5567 fratres
2652 5523 2776 5568 tuos
2799 5522 2851 5567 1.
2898 5533 2915 5566 ι
2961 5513 3432 5578 Quemadmodum

1872 5607 2042 5671 enim,
2074 5610 2168 5669 ait,
2207 5621 2306 5676 ego
2338 5615 2392 5661 te
2440 5606 2798 5661 ﬂuctuantem
2844 5622 2951 5662 non
3001 5604 3251 5675 despexi,
3285 5604 3359 5656 ita
3389 5610 3443 5656 ct

1988 5790 2016 5832 1
2054 5780 2182 5837 Luc.
2227 5795 2358 5845 χιιι,
2391 5780 2479 5844 3|,
2516 5781 2603 5833 '59..
