  <div class='ocr_page' id='page_1' title='image "/cluster/home/n/w/nwhite01/storage/ocr_20150623/82/nnc1.0046979700/802.png"; bbox 0 0 4216 6456; ppageno 0'>
   <div class='ocr_carea' id='block_1_1' title="bbox 222 406 3472 481">
    <p class='ocr_par' dir='ltr' id='par_1_1' title="bbox 222 406 3472 481">
     <span class='ocr_line' id='line_1_1' title="bbox 222 406 3472 481; baseline -0.002 -3"><span class='ocrx_word' id='word_1_1' title='bbox 222 414 360 481; x_wconf 76' lang='grc'><strong>1513</strong></span> <span class='ocrx_word' id='word_1_2' title='bbox 1016 413 1299 475; x_wconf 82' lang='lat' dir='ltr'><strong>ORATIO</strong></span> <span class='ocrx_word' id='word_1_3' title='bbox 1337 412 1434 474; x_wconf 76' lang='lat' dir='ltr'><strong>DE</strong></span> <span class='ocrx_word' id='word_1_4' title='bbox 1474 409 1738 473; x_wconf 81' lang='lat' dir='ltr'><strong>DIVINA</strong></span> <span class='ocrx_word' id='word_1_5' title='bbox 1764 408 1857 469; x_wconf 80' lang='grc' dir='ltr'>ΕΤ</span> <span class='ocrx_word' id='word_1_6' title='bbox 1897 406 2177 468; x_wconf 77' lang='lat' dir='ltr'><strong>SANCTA</strong></span> <span class='ocrx_word' id='word_1_7' title='bbox 2216 406 2666 469; x_wconf 75' lang='lat' dir='ltr'><strong>CllARITATE.</strong></span> <span class='ocrx_word' id='word_1_8' title='bbox 3339 408 3472 473; x_wconf 72' lang='lat' dir='ltr'><strong>15M</strong></span> 
     </span>
    </p>
   </div>
   <div class='ocr_carea' id='block_1_2' title="bbox 229 521 1809 601">
    <p class='ocr_par' dir='ltr' id='par_1_2' title="bbox 229 524 1799 601">
     <span class='ocr_line' id='line_1_2' title="bbox 229 524 1799 601; baseline -0.003 -19"><span class='ocrx_word' id='word_1_9' title='bbox 229 528 426 601; x_wconf 78' lang='grc' dir='ltr'>’Δρετὴ</span> <span class='ocrx_word' id='word_1_10' title='bbox 458 529 516 583; x_wconf 67' lang='grc' dir='ltr'>δὲ</span> <span class='ocrx_word' id='word_1_11' title='bbox 547 530 641 584; x_wconf 73' lang='grc' dir='ltr'>καὶ</span> <span class='ocrx_word' id='word_1_12' title='bbox 670 529 976 599; x_wconf 78' lang='grc' dir='ltr'>φιλοσοφία.</span> <span class='ocrx_word' id='word_1_13' title='bbox 1014 534 1148 600; x_wconf 89' lang='grc' dir='ltr'>μόνη</span> <span class='ocrx_word' id='word_1_14' title='bbox 1195 530 1345 598; x_wconf 77' lang='grc' dir='ltr'>μένει</span> <span class='ocrx_word' id='word_1_15' title='bbox 1378 527 1617 597; x_wconf 89' lang='grc' dir='ltr'>ἀγαθῶν.</span> <span class='ocrx_word' id='word_1_16' title='bbox 1652 524 1799 594; x_wconf 52' lang='lat' dir='ltr'><strong>Nix;</strong></span> 
     </span>
    </p>
   </div>
   <div class='ocr_carea' id='block_1_3' title="bbox 1860 521 3471 601">
    <p class='ocr_par' dir='ltr' id='par_1_3' title="bbox 1860 521 3471 593">
     <span class='ocr_line' id='line_1_3' title="bbox 1860 521 3471 593; baseline -0.001 -13"><span class='ocrx_word' id='word_1_17' title='bbox 1860 554 1872 580; x_wconf 69' lang='grc' dir='ltr'><strong>ι</strong></span> <span class='ocrx_word' id='word_1_18' title='bbox 1899 532 2045 593; x_wconf 81' lang='lat' dir='ltr'><strong>gent.</strong></span> <span class='ocrx_word' id='word_1_19' title='bbox 2069 522 2253 578; x_wconf 82' lang='lat' dir='ltr'><strong>Virtus</strong></span> <span class='ocrx_word' id='word_1_20' title='bbox 2278 532 2457 578; x_wconf 90' lang='lat' dir='ltr'><strong>autem</strong></span> <span class='ocrx_word' id='word_1_21' title='bbox 2488 532 2541 578; x_wconf 91' lang='lat' dir='ltr'><strong>et</strong></span> <span class='ocrx_word' id='word_1_22' title='bbox 2563 521 2906 593; x_wconf 78' lang='lat' dir='ltr'><strong>philosophia</strong></span> <span class='ocrx_word' id='word_1_23' title='bbox 2930 522 3127 578; x_wconf 92' lang='lat' dir='ltr'><strong>stabile</strong></span> <span class='ocrx_word' id='word_1_24' title='bbox 3163 530 3249 578; x_wconf 88' lang='lat' dir='ltr'><strong>est</strong></span> <span class='ocrx_word' id='word_1_25' title='bbox 3270 524 3471 579; x_wconf 89' lang='lat' dir='ltr'><strong>bonum</strong></span> 
     </span>
    </p>
   </div>
   <div class='ocr_carea' id='block_1_4' title="bbox 216 614 1809 695">
    <p class='ocr_par' dir='ltr' id='par_1_4' title="bbox 216 618 1791 695">
     <span class='ocr_line' id='line_1_4' title="bbox 216 618 1791 695; baseline -0.004 -20"><span class='ocrx_word' id='word_1_26' title='bbox 216 622 325 692; x_wconf 80' lang='grc' dir='ltr'><strong>γάρ</strong></span> <span class='ocrx_word' id='word_1_27' title='bbox 358 623 455 675; x_wconf 80' lang='grc' dir='ltr'>καὶ</span> <span class='ocrx_word' id='word_1_28' title='bbox 499 622 696 695; x_wconf 78' lang='grc' dir='ltr'><strong>λῃστοῦ</strong></span> <span class='ocrx_word' id='word_1_29' title='bbox 732 624 942 693; x_wconf 82' lang='grc' dir='ltr'>χεῖρας,</span> <span class='ocrx_word' id='word_1_30' title='bbox 992 626 1084 675; x_wconf 74' lang='grc' dir='ltr'>καὶ</span> <span class='ocrx_word' id='word_1_31' title='bbox 1144 622 1480 690; x_wconf 79' lang='grc' dir='ltr'><strong>συκοφάντου</strong></span> <span class='ocrx_word' id='word_1_32' title='bbox 1520 618 1791 688; x_wconf 87' lang='grc' dir='ltr'>γλῶσσαν,</span> 
     </span>
    </p>
   </div>
   <div class='ocr_carea' id='block_1_5' title="bbox 1860 614 3475 695">
    <p class='ocr_par' dir='ltr' id='par_1_5' title="bbox 1899 614 3475 685">
     <span class='ocr_line' id='line_1_5' title="bbox 1899 614 3475 685; baseline 0.004 -17"><span class='ocrx_word' id='word_1_33' title='bbox 1899 629 1962 669; x_wconf 83' lang='lat' dir='ltr'><strong>ac</strong></span> <span class='ocrx_word' id='word_1_34' title='bbox 2003 630 2354 684; x_wconf 84' lang='lat' dir='ltr'><strong>permanens.</strong></span> <span class='ocrx_word' id='word_1_35' title='bbox 2392 614 2573 669; x_wconf 86' lang='lat' dir='ltr'><strong>Vincit</strong></span> <span class='ocrx_word' id='word_1_36' title='bbox 2619 615 2763 669; x_wconf 90' lang='lat' dir='ltr'><strong>enim</strong></span> <span class='ocrx_word' id='word_1_37' title='bbox 2800 624 2854 669; x_wconf 88' lang='lat' dir='ltr'><strong>et</strong></span> <span class='ocrx_word' id='word_1_38' title='bbox 2897 616 3216 685; x_wconf 67' lang='lat' dir='ltr'><strong>praedonum</strong></span> <span class='ocrx_word' id='word_1_39' title='bbox 3253 631 3475 682; x_wconf 88' lang='lat' dir='ltr'><strong>manus.</strong></span> 
     </span>
    </p>
   </div>
   <div class='ocr_carea' id='block_1_6' title="bbox 217 707 1809 784">
    <p class='ocr_par' dir='ltr' id='par_1_6' title="bbox 217 709 1797 784">
     <span class='ocr_line' id='line_1_6' title="bbox 217 709 1797 784; baseline -0.005 -15"><span class='ocrx_word' id='word_1_40' title='bbox 217 717 315 771; x_wconf 78' lang='grc' dir='ltr'>καὶ</span> <span class='ocrx_word' id='word_1_41' title='bbox 344 714 660 784; x_wconf 82' lang='grc' dir='ltr'>πολεμικῶν</span> <span class='ocrx_word' id='word_1_42' title='bbox 696 714 864 782; x_wconf 86' lang='grc' dir='ltr'>βελῶν</span> <span class='ocrx_word' id='word_1_43' title='bbox 893 714 986 765; x_wconf 81' lang='grc' dir='ltr'>καὶ</span> <span class='ocrx_word' id='word_1_44' title='bbox 1017 712 1259 782; x_wconf 78' lang='grc' dir='ltr'><strong>δοράτων</strong></span> <span class='ocrx_word' id='word_1_45' title='bbox 1282 712 1509 780; x_wconf 87' lang='grc' dir='ltr'>νιφάδας</span> <span class='ocrx_word' id='word_1_46' title='bbox 1535 726 1548 739; x_wconf 67' lang='grc' dir='ltr'>θ</span> <span class='ocrx_word' id='word_1_47' title='bbox 1576 709 1637 762; x_wconf 86' lang='grc' dir='ltr'><strong>ού</strong></span> <span class='ocrx_word' id='word_1_48' title='bbox 1658 710 1797 777; x_wconf 85' lang='grc' dir='ltr'>γίνε-</span> 
     </span>
    </p>
   </div>
   <div class='ocr_carea' id='block_1_7' title="bbox 1860 707 3474 784">
    <p class='ocr_par' dir='ltr' id='par_1_7' title="bbox 1895 707 3474 776">
     <span class='ocr_line' id='line_1_7' title="bbox 1895 707 3474 776; baseline 0.001 -15"><span class='ocrx_word' id='word_1_49' title='bbox 1895 716 1950 762; x_wconf 91' lang='lat' dir='ltr'><strong>et</strong></span> <span class='ocrx_word' id='word_1_50' title='bbox 2001 707 2462 761; x_wconf 86' lang='lat' dir='ltr'><strong>calumniatorum</strong></span> <span class='ocrx_word' id='word_1_51' title='bbox 2506 708 2749 776; x_wconf 85' lang='lat' dir='ltr'><strong>linguas,</strong></span> <span class='ocrx_word' id='word_1_52' title='bbox 2806 716 2861 761; x_wconf 90' lang='lat' dir='ltr'><strong>et</strong></span> <span class='ocrx_word' id='word_1_53' title='bbox 2902 708 3185 763; x_wconf 92' lang='lat' dir='ltr'><strong>hostilium</strong></span> <span class='ocrx_word' id='word_1_54' title='bbox 3237 711 3474 765; x_wconf 88' lang='lat' dir='ltr'><strong>telorum</strong></span> 
     </span>
    </p>
   </div>
   <div class='ocr_carea' id='block_1_8' title="bbox 217 800 1809 875">
    <p class='ocr_par' dir='ltr' id='par_1_8' title="bbox 217 800 1793 875">
     <span class='ocr_line' id='line_1_8' title="bbox 217 800 1793 875; baseline -0.005 -16"><span class='ocrx_word' id='word_1_55' title='bbox 217 823 308 859; x_wconf 88' lang='grc' dir='ltr'><strong>ται</strong></span> <span class='ocrx_word' id='word_1_56' title='bbox 334 803 577 875; x_wconf 86' lang='grc' dir='ltr'>πυρετοῦ</span> <span class='ocrx_word' id='word_1_57' title='bbox 607 802 1011 874; x_wconf 80' lang='grc' dir='ltr'>παρανάλωμα.</span> <span class='ocrx_word' id='word_1_58' title='bbox 1043 802 1164 855; x_wconf 71' lang='grc' dir='ltr'>ούδι</span> <span class='ocrx_word' id='word_1_59' title='bbox 1198 801 1463 863; x_wconf 80' lang='grc' dir='ltr'><strong>κλύδωνος</strong></span> <span class='ocrx_word' id='word_1_60' title='bbox 1496 800 1793 869; x_wconf 87' lang='grc' dir='ltr'>πάρεργον,</span> 
     </span>
    </p>
   </div>
   <div class='ocr_carea' id='block_1_9' title="bbox 1860 800 3476 875">
    <p class='ocr_par' dir='ltr' id='par_1_9' title="bbox 1898 800 3476 869">
     <span class='ocr_line' id='line_1_9' title="bbox 1898 800 3476 869; baseline 0.001 -16"><span class='ocrx_word' id='word_1_61' title='bbox 1898 800 2291 868; x_wconf 76' lang='lat' dir='ltr'><strong>hastarumque</strong></span> <span class='ocrx_word' id='word_1_62' title='bbox 2327 808 2683 869; x_wconf 80' lang='lat' dir='ltr'><strong>tempestates</strong></span> <span class='ocrx_word' id='word_1_63' title='bbox 2733 817 2745 851; x_wconf 88' lang='lat'><strong>:</strong></span> <span class='ocrx_word' id='word_1_64' title='bbox 2780 814 2890 853; x_wconf 90' lang='lat' dir='ltr'><strong>non</strong></span> <span class='ocrx_word' id='word_1_65' title='bbox 2951 800 3261 854; x_wconf 80' lang='lat' dir='ltr'><strong>absumitur</strong></span> <span class='ocrx_word' id='word_1_66' title='bbox 3302 800 3476 867; x_wconf 78' lang='lat' dir='ltr'><strong>febre,</strong></span> 
     </span>
    </p>
   </div>
   <div class='ocr_carea' id='block_1_10' title="bbox 215 892 1809 966">
    <p class='ocr_par' dir='ltr' id='par_1_10' title="bbox 215 893 1791 966">
     <span class='ocr_line' id='line_1_10' title="bbox 215 893 1791 966; baseline -0.005 -15"><span class='ocrx_word' id='word_1_67' title='bbox 215 898 336 951; x_wconf 79' lang='grc' dir='ltr'>οὐδά</span> <span class='ocrx_word' id='word_1_68' title='bbox 367 897 629 963; x_wconf 85' lang='grc' dir='ltr'>ναυαγίου</span> <span class='ocrx_word' id='word_1_69' title='bbox 654 895 844 966; x_wconf 76' lang='grc' dir='ltr'>ζημία.</span> <span class='ocrx_word' id='word_1_70' title='bbox 874 896 1089 963; x_wconf 78' lang='grc' dir='ltr'><strong>Ταύτης</strong></span> <span class='ocrx_word' id='word_1_71' title='bbox 1114 896 1143 946; x_wconf 94' lang='lat'><strong>6</strong></span> <span class='ocrx_word' id='word_1_72' title='bbox 1173 896 1361 964; x_wconf 81' lang='grc' dir='ltr'>χρόνος</span> <span class='ocrx_word' id='word_1_73' title='bbox 1394 895 1497 946; x_wconf 79' lang='grc' dir='ltr'>οὐκ</span> <span class='ocrx_word' id='word_1_74' title='bbox 1534 893 1791 963; x_wconf 82' lang='grc' dir='ltr'>ἀφαιρεῖ-</span> 
     </span>
    </p>
   </div>
   <div class='ocr_carea' id='block_1_11' title="bbox 1860 892 3477 966">
    <p class='ocr_par' dir='ltr' id='par_1_11' title="bbox 1895 892 3477 963">
     <span class='ocr_line' id='line_1_11' title="bbox 1895 892 3477 963; baseline 0.002 -17"><span class='ocrx_word' id='word_1_75' title='bbox 1895 908 2072 961; x_wconf 89' lang='lat' dir='ltr'><strong>neque</strong></span> <span class='ocrx_word' id='word_1_76' title='bbox 2098 894 2357 947; x_wconf 85' lang='lat' dir='ltr'><strong>ﬂuctibus</strong></span> <span class='ocrx_word' id='word_1_77' title='bbox 2378 894 2783 956; x_wconf 86' lang='lat' dir='ltr'><strong>obruitur;uon</strong></span> <span class='ocrx_word' id='word_1_78' title='bbox 2809 893 2952 961; x_wconf 90' lang='lat' dir='ltr'><strong>perit</strong></span> <span class='ocrx_word' id='word_1_79' title='bbox 2976 892 3261 963; x_wconf 75' lang='lat' dir='ltr'><strong>naufragio</strong></span> <span class='ocrx_word' id='word_1_80' title='bbox 3302 894 3477 963; x_wconf 81' lang='lat' dir='ltr'><strong>Hujus</strong></span> 
     </span>
    </p>
   </div>
   <div class='ocr_carea' id='block_1_12' title="bbox 216 980 1809 1058">
    <p class='ocr_par' dir='ltr' id='par_1_12' title="bbox 216 980 1790 1058">
     <span class='ocr_line' id='line_1_12' title="bbox 216 980 1790 1058; baseline -0.006 -16"><span class='ocrx_word' id='word_1_81' title='bbox 216 1007 328 1052; x_wconf 85' lang='grc' dir='ltr'>ται,</span> <span class='ocrx_word' id='word_1_82' title='bbox 361 989 478 1041; x_wconf 79' lang='grc' dir='ltr'>ἀλλ’</span> <span class='ocrx_word' id='word_1_83' title='bbox 506 988 659 1054; x_wconf 76' lang='grc' dir='ltr'>αῦξει</span> <span class='ocrx_word' id='word_1_84' title='bbox 686 988 782 1058; x_wconf 83' lang='grc' dir='ltr'><strong>τὴν</strong></span> <span class='ocrx_word' id='word_1_85' title='bbox 817 986 1066 1056; x_wconf 88' lang='grc' dir='ltr'>δύναμιν.</span> <span class='ocrx_word' id='word_1_86' title='bbox 1088 986 1229 1056; x_wconf 84' lang='grc' dir='ltr'>’Ύλη</span> <span class='ocrx_word' id='word_1_87' title='bbox 1279 985 1336 1038; x_wconf 72' lang='grc' dir='ltr'>δὲ</span> <span class='ocrx_word' id='word_1_88' title='bbox 1361 984 1561 1054; x_wconf 77' lang='grc' dir='ltr'><strong>ταύτης</strong></span> <span class='ocrx_word' id='word_1_89' title='bbox 1595 985 1628 1054; x_wconf 79' lang='grc' dir='ltr'><strong>η</strong></span> <span class='ocrx_word' id='word_1_90' title='bbox 1662 980 1790 1052; x_wconf 75' lang='grc' dir='ltr'>περὶ</span> 
     </span>
    </p>
   </div>
   <div class='ocr_carea' id='block_1_13' title="bbox 1860 980 3478 1058">
    <p class='ocr_par' dir='ltr' id='par_1_13' title="bbox 1898 984 3478 1055">
     <span class='ocr_line' id='line_1_13' title="bbox 1898 984 3478 1055; baseline 0.001 -15"><span class='ocrx_word' id='word_1_91' title='bbox 1898 986 2005 1040; x_wconf 89' lang='lat' dir='ltr'><strong>vim</strong></span> <span class='ocrx_word' id='word_1_92' title='bbox 2036 1002 2143 1041; x_wconf 89' lang='lat' dir='ltr'><strong>non</strong></span> <span class='ocrx_word' id='word_1_93' title='bbox 2172 986 2429 1040; x_wconf 91' lang='lat' dir='ltr'><strong>diminuit</strong></span> <span class='ocrx_word' id='word_1_94' title='bbox 2462 994 2700 1055; x_wconf 88' lang='lat' dir='ltr'><strong>tempus.</strong></span> <span class='ocrx_word' id='word_1_95' title='bbox 2742 986 2835 1039; x_wconf 91' lang='lat' dir='ltr'><strong>sed</strong></span> <span class='ocrx_word' id='word_1_96' title='bbox 2878 993 3059 1055; x_wconf 88' lang='lat' dir='ltr'><strong>auget.</strong></span> <span class='ocrx_word' id='word_1_97' title='bbox 3092 984 3269 1053; x_wconf 83' lang='lat' dir='ltr'><strong>Hujus</strong></span> <span class='ocrx_word' id='word_1_98' title='bbox 3314 1002 3478 1054; x_wconf 88' lang='lat' dir='ltr'><strong>porro</strong></span> 
     </span>
    </p>
   </div>
   <div class='ocr_carea' id='block_1_14' title="bbox 216 1074 1809 1149">
    <p class='ocr_par' dir='ltr' id='par_1_14' title="bbox 216 1074 1800 1149">
     <span class='ocr_line' id='line_1_14' title="bbox 216 1074 1800 1149; baseline -0.005 -16"><span class='ocrx_word' id='word_1_99' title='bbox 216 1081 308 1135; x_wconf 81' lang='grc' dir='ltr'>τὸν</span> <span class='ocrx_word' id='word_1_100' title='bbox 358 1080 494 1134; x_wconf 80' lang='grc' dir='ltr'>Θεὸν</span> <span class='ocrx_word' id='word_1_101' title='bbox 546 1080 755 1149; x_wconf 88' lang='grc' dir='ltr'>ἀγάπη.</span> <span class='ocrx_word' id='word_1_102' title='bbox 804 1078 1088 1132; x_wconf 77' lang='grc' dir='ltr'>’Δδύνατον</span> <span class='ocrx_word' id='word_1_103' title='bbox 1138 1077 1245 1147; x_wconf 90' lang='grc' dir='ltr'><strong>γάρ</strong></span> <span class='ocrx_word' id='word_1_104' title='bbox 1280 1076 1621 1147; x_wconf 87' lang='grc' dir='ltr'>κατορθῶσαι</span> <span class='ocrx_word' id='word_1_105' title='bbox 1657 1074 1800 1143; x_wconf 79' lang='grc' dir='ltr'>φιλο-</span> 
     </span>
    </p>
   </div>
   <div class='ocr_carea' id='block_1_15' title="bbox 1860 1074 3480 1149">
    <p class='ocr_par' dir='ltr' id='par_1_15' title="bbox 1896 1078 3480 1149">
     <span class='ocr_line' id='line_1_15' title="bbox 1896 1078 3480 1149; baseline 0.001 -16"><span class='ocrx_word' id='word_1_106' title='bbox 1896 1081 2123 1134; x_wconf 83' lang='lat' dir='ltr'><strong>materia</strong></span> <span class='ocrx_word' id='word_1_107' title='bbox 2144 1080 2231 1134; x_wconf 88' lang='lat' dir='ltr'><strong>Dei</strong></span> <span class='ocrx_word' id='word_1_108' title='bbox 2258 1089 2341 1134; x_wconf 88' lang='lat' dir='ltr'><strong>est</strong></span> <span class='ocrx_word' id='word_1_109' title='bbox 2365 1080 2602 1134; x_wconf 79' lang='lat' dir='ltr'><strong>dilectio.</strong></span> <span class='ocrx_word' id='word_1_110' title='bbox 2641 1078 2787 1132; x_wconf 85' lang='lat' dir='ltr'><strong>Fieri</strong></span> <span class='ocrx_word' id='word_1_111' title='bbox 2813 1078 2956 1131; x_wconf 86' lang='lat' dir='ltr'><strong>enim</strong></span> <span class='ocrx_word' id='word_1_112' title='bbox 2981 1080 3188 1149; x_wconf 88' lang='lat' dir='ltr'><strong>nequit,</strong></span> <span class='ocrx_word' id='word_1_113' title='bbox 3220 1088 3279 1133; x_wconf 90' lang='lat' dir='ltr'><strong>ut</strong></span> <span class='ocrx_word' id='word_1_114' title='bbox 3304 1080 3480 1149; x_wconf 88' lang='lat' dir='ltr'><strong>philo-</strong></span> 
     </span>
    </p>
   </div>
   <div class='ocr_carea' id='block_1_16' title="bbox 220 1168 1809 1240">
    <p class='ocr_par' dir='ltr' id='par_1_16' title="bbox 220 1168 1794 1240">
     <span class='ocr_line' id='line_1_16' title="bbox 220 1168 1794 1240; baseline -0.004 -17"><span class='ocrx_word' id='word_1_115' title='bbox 220 1172 416 1237; x_wconf 79' lang='grc' dir='ltr'>σοφίαν</span> <span class='ocrx_word' id='word_1_116' title='bbox 444 1172 535 1224; x_wconf 78' lang='grc' dir='ltr'>τὸν</span> <span class='ocrx_word' id='word_1_117' title='bbox 565 1172 639 1240; x_wconf 81' lang='grc' dir='ltr'>μὴ</span> <span class='ocrx_word' id='word_1_118' title='bbox 671 1171 873 1240; x_wconf 84' lang='grc' dir='ltr'>θερμὸν</span> <span class='ocrx_word' id='word_1_119' title='bbox 898 1171 989 1223; x_wconf 82' lang='grc' dir='ltr'><strong>τοῦ</strong></span> <span class='ocrx_word' id='word_1_120' title='bbox 1032 1170 1168 1223; x_wconf 82' lang='grc' dir='ltr'><strong>Θεοῦ</strong></span> <span class='ocrx_word' id='word_1_121' title='bbox 1198 1170 1490 1237; x_wconf 86' lang='grc' dir='ltr'>γενόμενον</span> <span class='ocrx_word' id='word_1_122' title='bbox 1526 1168 1794 1239; x_wconf 71' lang='grc' dir='ltr'>ἐραστήν·</span> 
     </span>
    </p>
   </div>
   <div class='ocr_carea' id='block_1_17' title="bbox 1860 1168 3481 1240">
    <p class='ocr_par' dir='ltr' id='par_1_17' title="bbox 1899 1168 3481 1240">
     <span class='ocr_line' id='line_1_17' title="bbox 1899 1168 3481 1240; baseline 0 -15"><span class='ocrx_word' id='word_1_123' title='bbox 1899 1172 2147 1239; x_wconf 86' lang='lat' dir='ltr'><strong>sopliiam</strong></span> <span class='ocrx_word' id='word_1_124' title='bbox 2189 1170 2429 1240; x_wconf 73' lang='lat' dir='ltr'><strong>perfecte</strong></span> <span class='ocrx_word' id='word_1_125' title='bbox 2457 1178 2822 1238; x_wconf 88' lang='lat' dir='ltr'><strong>assequatur,</strong></span> <span class='ocrx_word' id='word_1_126' title='bbox 2862 1168 2957 1237; x_wconf 89' lang='lat' dir='ltr'><strong>qui</strong></span> <span class='ocrx_word' id='word_1_127' title='bbox 3008 1183 3117 1223; x_wconf 92' lang='lat' dir='ltr'><strong>non</strong></span> <span class='ocrx_word' id='word_1_128' title='bbox 3166 1170 3235 1223; x_wconf 86' lang='lat' dir='ltr'><strong>sit</strong></span> <span class='ocrx_word' id='word_1_129' title='bbox 3262 1170 3481 1225; x_wconf 81' lang='lat' dir='ltr'><strong>lervens</strong></span> 
     </span>
    </p>
   </div>
   <div class='ocr_carea' id='block_1_18' title="bbox 222 1260 1809 1331">
    <p class='ocr_par' dir='ltr' id='par_1_18' title="bbox 222 1260 1797 1331">
     <span class='ocr_line' id='line_1_18' title="bbox 222 1260 1797 1331; baseline -0.002 -17"><span class='ocrx_word' id='word_1_130' title='bbox 222 1263 425 1329; x_wconf 66' lang='grc' dir='ltr'>μᾶλλον</span> <span class='ocrx_word' id='word_1_131' title='bbox 452 1263 510 1314; x_wconf 85' lang='grc' dir='ltr'>δὲ</span> <span class='ocrx_word' id='word_1_132' title='bbox 532 1264 662 1314; x_wconf 75' lang='grc' dir='ltr'>αὐτὸ</span> <span class='ocrx_word' id='word_1_133' title='bbox 682 1263 839 1315; x_wconf 89' lang='grc' dir='ltr'>τοῦτο</span> <span class='ocrx_word' id='word_1_134' title='bbox 861 1263 1149 1331; x_wconf 76' lang='grc' dir='ltr'>φιλοσοφία</span> <span class='ocrx_word' id='word_1_135' title='bbox 1194 1262 1458 1315; x_wconf 80' lang='grc' dir='ltr'>καλεῖται.</span> <span class='ocrx_word' id='word_1_136' title='bbox 1492 1261 1662 1330; x_wconf 81' lang='grc' dir='ltr'>Σοφία</span> <span class='ocrx_word' id='word_1_137' title='bbox 1690 1260 1797 1331; x_wconf 80' lang='grc' dir='ltr'><strong>γὰρ</strong></span> 
     </span>
    </p>
   </div>
   <div class='ocr_carea' id='block_1_19' title="bbox 1860 1260 3473 1331">
    <p class='ocr_par' dir='ltr' id='par_1_19' title="bbox 1901 1260 3473 1331">
     <span class='ocr_line' id='line_1_19' title="bbox 1901 1260 3473 1331; baseline -0.002 -15"><span class='ocrx_word' id='word_1_138' title='bbox 1901 1262 1993 1317; x_wconf 89' lang='lat' dir='ltr'><strong>Dei</strong></span> <span class='ocrx_word' id='word_1_139' title='bbox 2036 1270 2294 1315; x_wconf 83' lang='lat' dir='ltr'><strong>amator:</strong></span> <span class='ocrx_word' id='word_1_140' title='bbox 2332 1262 2463 1330; x_wconf 90' lang='lat' dir='ltr'><strong>quin</strong></span> <span class='ocrx_word' id='word_1_141' title='bbox 2504 1262 2608 1316; x_wconf 88' lang='lat' dir='ltr'><strong>hoc</strong></span> <span class='ocrx_word' id='word_1_142' title='bbox 2638 1262 2818 1330; x_wconf 88' lang='lat' dir='ltr'><strong>ipsum</strong></span> <span class='ocrx_word' id='word_1_143' title='bbox 2867 1260 3215 1331; x_wconf 84' lang='lat' dir='ltr'><strong>philosophia</strong></span> <span class='ocrx_word' id='word_1_144' title='bbox 3240 1300 3253 1321; x_wconf 94' lang='lat'><strong>,</strong></span> <span class='ocrx_word' id='word_1_145' title='bbox 3288 1262 3341 1315; x_wconf 91' lang='lat' dir='ltr'><strong>id</strong></span> <span class='ocrx_word' id='word_1_146' title='bbox 3388 1267 3473 1316; x_wconf 85' lang='lat' dir='ltr'><strong>est</strong></span> 
     </span>
    </p>
   </div>
   <div class='ocr_carea' id='block_1_20' title="bbox 217 1350 1809 1422">
    <p class='ocr_par' dir='ltr' id='par_1_20' title="bbox 217 1350 1797 1422">
     <span class='ocr_line' id='line_1_20' title="bbox 217 1350 1797 1422; baseline -0.003 -16"><span class='ocrx_word' id='word_1_147' title='bbox 217 1357 246 1405; x_wconf 97' lang='lat'><strong>6</strong></span> <span class='ocrx_word' id='word_1_148' title='bbox 288 1354 425 1417; x_wconf 78' lang='grc' dir='ltr'>Θεὸς</span> <span class='ocrx_word' id='word_1_149' title='bbox 476 1356 569 1406; x_wconf 75' lang='grc' dir='ltr'>καὶ</span> <span class='ocrx_word' id='word_1_150' title='bbox 620 1354 732 1406; x_wconf 78' lang='grc' dir='ltr'>ἔστι</span> <span class='ocrx_word' id='word_1_151' title='bbox 782 1354 876 1405; x_wconf 72' lang='grc' dir='ltr'>καὶ</span> <span class='ocrx_word' id='word_1_152' title='bbox 922 1354 1194 1407; x_wconf 83' lang='grc' dir='ltr'>καλεῖται.</span> <span class='ocrx_word' id='word_1_153' title='bbox 1233 1353 1367 1422; x_wconf 72' lang='grc' dir='ltr'>Περὶ</span> <span class='ocrx_word' id='word_1_154' title='bbox 1405 1352 1503 1422; x_wconf 80' lang='grc' dir='ltr'>μὲν</span> <span class='ocrx_word' id='word_1_155' title='bbox 1535 1350 1643 1420; x_wconf 77' lang='grc' dir='ltr'><strong>γὰρ</strong></span> <span class='ocrx_word' id='word_1_156' title='bbox 1701 1350 1797 1402; x_wconf 92' lang='grc' dir='ltr'><strong>τοῦ</strong></span> 
     </span>
    </p>
   </div>
   <div class='ocr_carea' id='block_1_21' title="bbox 1860 1350 3481 1422">
    <p class='ocr_par' dir='ltr' id='par_1_21' title="bbox 1899 1352 3481 1422">
     <span class='ocr_line' id='line_1_21' title="bbox 1899 1352 3481 1422; baseline -0.002 -12"><span class='ocrx_word' id='word_1_157' title='bbox 1899 1353 2139 1410; x_wconf 85' lang='lat' dir='ltr'><strong>studium</strong></span> <span class='ocrx_word' id='word_1_158' title='bbox 2180 1353 2481 1422; x_wconf 65' lang='lat' dir='ltr'><strong>sapientiae.</strong></span> <span class='ocrx_word' id='word_1_159' title='bbox 2516 1362 2764 1407; x_wconf 81' lang='lat' dir='ltr'><strong>vocatur.</strong></span> <span class='ocrx_word' id='word_1_160' title='bbox 2810 1352 3087 1422; x_wconf 65' lang='lat' dir='ltr'><strong>Sapientia</strong></span> <span class='ocrx_word' id='word_1_161' title='bbox 3136 1354 3282 1405; x_wconf 90' lang='lat' dir='ltr'><strong>enim</strong></span> <span class='ocrx_word' id='word_1_162' title='bbox 3339 1352 3481 1407; x_wconf 84' lang='lat' dir='ltr'><strong>Deus</strong></span> 
     </span>
    </p>
   </div>
   <div class='ocr_carea' id='block_1_22' title="bbox 218 1440 1809 1514">
    <p class='ocr_par' dir='ltr' id='par_1_22' title="bbox 218 1442 1795 1514">
     <span class='ocr_line' id='line_1_22' title="bbox 218 1442 1795 1514; baseline -0.003 -17"><span class='ocrx_word' id='word_1_163' title='bbox 218 1445 357 1497; x_wconf 88' lang='grc' dir='ltr'>Θεοῦ</span> <span class='ocrx_word' id='word_1_164' title='bbox 388 1445 497 1496; x_wconf 92' lang='grc' dir='ltr'><strong>τῶν</strong></span> <span class='ocrx_word' id='word_1_165' title='bbox 516 1446 654 1497; x_wconf 80' lang='grc' dir='ltr'>ὅλων</span> <span class='ocrx_word' id='word_1_166' title='bbox 674 1446 700 1496; x_wconf 88' lang='lat'><strong>6</strong></span> <span class='ocrx_word' id='word_1_167' title='bbox 721 1446 989 1514; x_wconf 86' lang='grc' dir='ltr'>μακάριος</span> <span class='ocrx_word' id='word_1_168' title='bbox 1004 1445 1150 1511; x_wconf 83' lang='grc' dir='ltr'>λέγει</span> <span class='ocrx_word' id='word_1_169' title='bbox 1170 1442 1376 1506; x_wconf 86' lang='grc' dir='ltr'>Παῦλος</span> <span class='ocrx_word' id='word_1_170' title='bbox 1401 1461 1411 1471; x_wconf 91' lang='grc'><strong>·</strong></span> <span class='ocrx_word' id='word_1_171' title='bbox 1436 1462 1455 1495; x_wconf 76' lang='grc' dir='ltr'><strong>ε</strong></span> <span class='ocrx_word' id='word_1_172' title='bbox 1492 1442 1795 1512; x_wconf 80' lang='grc' dir='ltr'>Ἀφθάρτῳ,</span> 
     </span>
    </p>
   </div>
   <div class='ocr_carea' id='block_1_23' title="bbox 1860 1440 3479 1514">
    <p class='ocr_par' dir='ltr' id='par_1_23' title="bbox 1905 1440 3479 1499">
     <span class='ocr_line' id='line_1_23' title="bbox 1905 1440 3479 1499; baseline -0.001 0"><span class='ocrx_word' id='word_1_173' title='bbox 1905 1452 1959 1499; x_wconf 89' lang='lat' dir='ltr'><strong>et</strong></span> <span class='ocrx_word' id='word_1_174' title='bbox 1990 1452 2074 1497; x_wconf 91' lang='lat' dir='ltr'><strong>est</strong></span> <span class='ocrx_word' id='word_1_175' title='bbox 2118 1454 2171 1495; x_wconf 91' lang='lat' dir='ltr'><strong>et</strong></span> <span class='ocrx_word' id='word_1_176' title='bbox 2200 1449 2449 1495; x_wconf 84' lang='lat' dir='ltr'><strong>vocatur.</strong></span> <span class='ocrx_word' id='word_1_177' title='bbox 2482 1440 2558 1496; x_wconf 81' lang='lat' dir='ltr'><strong>De</strong></span> <span class='ocrx_word' id='word_1_178' title='bbox 2582 1440 2690 1495; x_wconf 86' lang='lat' dir='ltr'><strong>Deo</strong></span> <span class='ocrx_word' id='word_1_179' title='bbox 2711 1442 2854 1495; x_wconf 88' lang='lat' dir='ltr'><strong>enim</strong></span> <span class='ocrx_word' id='word_1_180' title='bbox 2880 1442 3263 1497; x_wconf 89' lang='lat' dir='ltr'><strong>universorum</strong></span> <span class='ocrx_word' id='word_1_181' title='bbox 3286 1441 3479 1497; x_wconf 84' lang='lat' dir='ltr'><strong>beatus</strong></span> 
     </span>
    </p>
   </div>
   <div class='ocr_carea' id='block_1_24' title="bbox 218 1533 1809 1608">
    <p class='ocr_par' dir='ltr' id='par_1_24' title="bbox 218 1536 1797 1608">
     <span class='ocr_line' id='line_1_24' title="bbox 218 1536 1797 1608; baseline -0.001 -18"><span class='ocrx_word' id='word_1_182' title='bbox 218 1538 461 1608; x_wconf 85' lang='grc' dir='ltr'>ἀοράτῳ,</span> <span class='ocrx_word' id='word_1_183' title='bbox 494 1536 641 1606; x_wconf 84' lang='grc' dir='ltr'>μόνῳ</span> <span class='ocrx_word' id='word_1_184' title='bbox 678 1536 827 1606; x_wconf 79' lang='grc' dir='ltr'>σοφῷ</span> <span class='ocrx_word' id='word_1_185' title='bbox 850 1536 971 1605; x_wconf 83' lang='grc' dir='ltr'><strong>Θεῴ</strong></span> <span class='ocrx_word' id='word_1_186' title='bbox 998 1552 1010 1566; x_wconf 90' lang='grc'><strong>·</strong></span> <span class='ocrx_word' id='word_1_187' title='bbox 1049 1556 1067 1588; x_wconf 76' lang='grc' dir='ltr'><strong>ι</strong></span> <span class='ocrx_word' id='word_1_188' title='bbox 1093 1536 1223 1607; x_wconf 57' lang='grc' dir='ltr'><strong>περὶ¹</strong></span> <span class='ocrx_word' id='word_1_189' title='bbox 1248 1536 1303 1589; x_wconf 85' lang='grc' dir='ltr'>δὲ</span> <span class='ocrx_word' id='word_1_190' title='bbox 1335 1536 1428 1590; x_wconf 89' lang='grc' dir='ltr'><strong>τοῦ</strong></span> <span class='ocrx_word' id='word_1_191' title='bbox 1465 1536 1797 1604; x_wconf 85' lang='grc' dir='ltr'>Μονογενοῦς</span> 
     </span>
    </p>
   </div>
   <div class='ocr_carea' id='block_1_25' title="bbox 1860 1533 3483 1608">
    <p class='ocr_par' dir='ltr' id='par_1_25' title="bbox 1903 1533 3483 1602">
     <span class='ocr_line' id='line_1_25' title="bbox 1903 1533 3483 1602; baseline -0.002 -13"><span class='ocrx_word' id='word_1_192' title='bbox 1903 1536 2103 1589; x_wconf 78' lang='lat' dir='ltr'><strong>Paulus</strong></span> <span class='ocrx_word' id='word_1_193' title='bbox 2139 1536 2273 1589; x_wconf 85' lang='lat' dir='ltr'><strong>dicit</strong></span> <span class='ocrx_word' id='word_1_194' title='bbox 2313 1553 2326 1588; x_wconf 88' lang='lat'><strong>:</strong></span> <span class='ocrx_word' id='word_1_195' title='bbox 2373 1553 2392 1586; x_wconf 85' lang='grc'><strong><em>‹</em></strong></span> <span class='ocrx_word' id='word_1_196' title='bbox 2435 1534 2756 1598; x_wconf 88' lang='lat' dir='ltr'><strong>lmmortali,</strong></span> <span class='ocrx_word' id='word_1_197' title='bbox 2802 1533 3091 1595; x_wconf 87' lang='lat' dir='ltr'><strong>invisibili,</strong></span> <span class='ocrx_word' id='word_1_198' title='bbox 3125 1533 3225 1587; x_wconf 88' lang='lat' dir='ltr'><strong>soli</strong></span> <span class='ocrx_word' id='word_1_199' title='bbox 3261 1535 3483 1602; x_wconf 87' lang='lat' dir='ltr'><strong>sapien-</strong></span> 
     </span>
    </p>
   </div>
   <div class='ocr_carea' id='block_1_26' title="bbox 220 1623 1809 1697">
    <p class='ocr_par' dir='ltr' id='par_1_26' title="bbox 220 1627 1801 1697">
     <span class='ocr_line' id='line_1_26' title="bbox 220 1627 1801 1697; baseline 0 -18"><span class='ocrx_word' id='word_1_200' title='bbox 220 1643 357 1697; x_wconf 80' lang='grc' dir='ltr'>φησι</span> <span class='ocrx_word' id='word_1_201' title='bbox 381 1642 394 1655; x_wconf 86' lang='grc'><strong>·</strong></span> <span class='ocrx_word' id='word_1_202' title='bbox 420 1645 437 1675; x_wconf 74' lang='grc' dir='ltr'><strong>ι</strong></span> <span class='ocrx_word' id='word_1_203' title='bbox 466 1627 721 1696; x_wconf 79' lang='grc' dir='ltr'>Χριστὸς,</span> <span class='ocrx_word' id='word_1_204' title='bbox 750 1628 884 1680; x_wconf 87' lang='grc' dir='ltr'>Θεοῦ</span> <span class='ocrx_word' id='word_1_205' title='bbox 907 1628 1151 1697; x_wconf 88' lang='grc' dir='ltr'>δύναμις,</span> <span class='ocrx_word' id='word_1_206' title='bbox 1169 1627 1262 1680; x_wconf 72' lang='grc' dir='ltr'>καὶ</span> <span class='ocrx_word' id='word_1_207' title='bbox 1292 1627 1426 1680; x_wconf 91' lang='grc' dir='ltr'>Θεοῦ</span> <span class='ocrx_word' id='word_1_208' title='bbox 1458 1627 1670 1697; x_wconf 71' lang='grc' dir='ltr'>σοφία.»</span> <span class='ocrx_word' id='word_1_209' title='bbox 1692 1627 1801 1680; x_wconf 75' lang='grc' dir='ltr'><strong>Καὶ</strong></span> 
     </span>
    </p>
   </div>
   <div class='ocr_carea' id='block_1_27' title="bbox 1860 1623 3481 1697">
    <p class='ocr_par' dir='ltr' id='par_1_27' title="bbox 1903 1623 3481 1696">
     <span class='ocr_line' id='line_1_27' title="bbox 1903 1623 3481 1696; baseline -0.002 -15"><span class='ocrx_word' id='word_1_210' title='bbox 1903 1628 1939 1681; x_wconf 93' lang='lat' dir='ltr'><strong>ti</strong></span> <span class='ocrx_word' id='word_1_211' title='bbox 1981 1626 2091 1680; x_wconf 87' lang='lat' dir='ltr'><strong>Deo</strong></span> <span class='ocrx_word' id='word_1_212' title='bbox 2114 1636 2160 1678; x_wconf 76' lang='grc' dir='ltr'>ο.</span> <span class='ocrx_word' id='word_1_213' title='bbox 2207 1644 2224 1677; x_wconf 77' lang='grc' dir='ltr'><strong>ι</strong></span> <span class='ocrx_word' id='word_1_214' title='bbox 2273 1624 2350 1679; x_wconf 92' lang='lat' dir='ltr'><strong>De</strong></span> <span class='ocrx_word' id='word_1_215' title='bbox 2396 1624 2689 1696; x_wconf 86' lang='lat' dir='ltr'><strong>Uuigenito</strong></span> <span class='ocrx_word' id='word_1_216' title='bbox 2736 1633 2918 1679; x_wconf 88' lang='lat' dir='ltr'><strong>autem</strong></span> <span class='ocrx_word' id='word_1_217' title='bbox 2960 1626 3035 1677; x_wconf 88' lang='lat' dir='ltr'><strong>ait</strong></span> <span class='ocrx_word' id='word_1_218' title='bbox 3070 1623 3097 1663; x_wconf 74' lang='grc' dir='ltr'><strong>(ι</strong></span> <span class='ocrx_word' id='word_1_219' title='bbox 3130 1642 3143 1677; x_wconf 90' lang='lat'><strong>:</strong></span> <span class='ocrx_word' id='word_1_220' title='bbox 3182 1626 3481 1678; x_wconf 63' lang='lat' dir='ltr'><strong>«Christus</strong></span> 
     </span>
    </p>
   </div>
   <div class='ocr_carea' id='block_1_28' title="bbox 222 1717 1798 1787">
    <p class='ocr_par' dir='ltr' id='par_1_28' title="bbox 222 1717 1798 1787">
     <span class='ocr_line' id='line_1_28' title="bbox 222 1717 1798 1787; baseline -0.003 -14"><span class='ocrx_word' id='word_1_221' title='bbox 222 1722 416 1773; x_wconf 59' lang='grc' dir='ltr'>πάλιν</span> <span class='ocrx_word' id='word_1_222' title='bbox 456 1737 475 1769; x_wconf 84' lang='grc'><strong><em>‹</em></strong></span> <span class='ocrx_word' id='word_1_223' title='bbox 519 1717 702 1786; x_wconf 85' lang='grc' dir='ltr'>Ἐδόθη</span> <span class='ocrx_word' id='word_1_224' title='bbox 727 1720 857 1787; x_wconf 80' lang='grc' dir='ltr'>ἡμῖν</span> <span class='ocrx_word' id='word_1_225' title='bbox 885 1718 1047 1787; x_wconf 81' lang='grc' dir='ltr'>σοφία</span> <span class='ocrx_word' id='word_1_226' title='bbox 1070 1718 1177 1771; x_wconf 82' lang='grc' dir='ltr'>ἀπὸ</span> <span class='ocrx_word' id='word_1_227' title='bbox 1203 1718 1358 1782; x_wconf 91' lang='grc' dir='ltr'>Θεοῦ,</span> <span class='ocrx_word' id='word_1_228' title='bbox 1392 1718 1706 1787; x_wconf 79' lang='grc' dir='ltr'>δικαιοσύνη</span> <span class='ocrx_word' id='word_1_229' title='bbox 1740 1734 1798 1769; x_wconf 88' lang='grc' dir='ltr'><strong>τε</strong></span> 
     </span>
    </p>
   </div>
   <div class='ocr_carea' id='block_1_29' title="bbox 220 1806 1801 1877">
    <p class='ocr_par' dir='ltr' id='par_1_29' title="bbox 220 1806 1801 1877">
     <span class='ocr_line' id='line_1_29' title="bbox 220 1806 1801 1877; baseline -0.001 -18"><span class='ocrx_word' id='word_1_230' title='bbox 220 1809 317 1860; x_wconf 79' lang='grc' dir='ltr'>καὶ</span> <span class='ocrx_word' id='word_1_231' title='bbox 352 1808 651 1877; x_wconf 72' lang='grc' dir='ltr'>ἁγιασμὸς,</span> <span class='ocrx_word' id='word_1_232' title='bbox 684 1808 779 1859; x_wconf 72' lang='grc' dir='ltr'>καὶ</span> <span class='ocrx_word' id='word_1_233' title='bbox 810 1808 1205 1877; x_wconf 88' lang='grc' dir='ltr'>ἀπολύτρωσις.</span> <span class='ocrx_word' id='word_1_234' title='bbox 1248 1826 1265 1858; x_wconf 77' lang='grc' dir='ltr'><strong>ι</strong></span> <span class='ocrx_word' id='word_1_235' title='bbox 1306 1809 1362 1861; x_wconf 87' lang='lat'>&#39;0</span> <span class='ocrx_word' id='word_1_236' title='bbox 1379 1807 1554 1860; x_wconf 80' lang='grc' dir='ltr'>τοίνυν</span> <span class='ocrx_word' id='word_1_237' title='bbox 1583 1807 1658 1876; x_wconf 79' lang='grc' dir='ltr'><strong>τῷ</strong></span> <span class='ocrx_word' id='word_1_238' title='bbox 1687 1806 1801 1858; x_wconf 79' lang='grc' dir='ltr'>δντι</span> 
     </span>
    </p>
   </div>
   <div class='ocr_carea' id='block_1_30' title="bbox 223 1896 1801 1964">
    <p class='ocr_par' dir='ltr' id='par_1_30' title="bbox 223 1896 1801 1964">
     <span class='ocr_line' id='line_1_30' title="bbox 223 1896 1801 1964; baseline 0.001 -16"><span class='ocrx_word' id='word_1_239' title='bbox 223 1898 537 1964; x_wconf 83' lang='grc' dir='ltr'>φιλόσοφος,</span> <span class='ocrx_word' id='word_1_240' title='bbox 567 1898 661 1949; x_wconf 72' lang='grc' dir='ltr'>καὶ</span> <span class='ocrx_word' id='word_1_241' title='bbox 686 1896 929 1964; x_wconf 81' lang='grc' dir='ltr'>φιλόθεος</span> <span class='ocrx_word' id='word_1_242' title='bbox 967 1896 1034 1949; x_wconf 73' lang='grc' dir='ltr'>ἂν</span> <span class='ocrx_word' id='word_1_243' title='bbox 1090 1897 1314 1959; x_wconf 75' lang='grc' dir='ltr'><strong>εἰκότως</strong></span> <span class='ocrx_word' id='word_1_244' title='bbox 1353 1897 1587 1950; x_wconf 89' lang='grc' dir='ltr'>καλοῖτο.</span> <span class='ocrx_word' id='word_1_245' title='bbox 1645 1897 1703 1949; x_wconf 86' lang='lat'><strong>&#39;0</strong></span> <span class='ocrx_word' id='word_1_246' title='bbox 1743 1897 1801 1949; x_wconf 72' lang='grc' dir='ltr'>δὲ</span> 
     </span>
    </p>
   </div>
   <div class='ocr_carea' id='block_1_31' title="bbox 224 1987 1802 2060">
    <p class='ocr_par' dir='ltr' id='par_1_31' title="bbox 224 1987 1802 2060">
     <span class='ocr_line' id='line_1_31' title="bbox 224 1987 1802 2060; baseline 0.001 -21"><span class='ocrx_word' id='word_1_247' title='bbox 224 1987 474 2055; x_wconf 80' lang='grc' dir='ltr'>φιλόθεος</span> <span class='ocrx_word' id='word_1_248' title='bbox 500 1988 607 2040; x_wconf 90' lang='grc' dir='ltr'><strong>τῶν</strong></span> <span class='ocrx_word' id='word_1_249' title='bbox 644 1988 819 2041; x_wconf 85' lang='grc' dir='ltr'>ἀλλων</span> <span class='ocrx_word' id='word_1_250' title='bbox 854 1989 1109 2043; x_wconf 81' lang='grc' dir='ltr'>ἁπάντων</span> <span class='ocrx_word' id='word_1_251' title='bbox 1164 1990 1541 2060; x_wconf 83' lang='grc' dir='ltr'>ὑπερφρονῶν,</span> <span class='ocrx_word' id='word_1_252' title='bbox 1574 1990 1668 2043; x_wconf 73' lang='grc' dir='ltr'>καὶ</span> <span class='ocrx_word' id='word_1_253' title='bbox 1711 1990 1802 2043; x_wconf 70' lang='grc' dir='ltr'>τὸν</span> 
     </span>
    </p>
   </div>
   <div class='ocr_carea' id='block_1_32' title="bbox 224 2081 1802 2153">
    <p class='ocr_par' dir='ltr' id='par_1_32' title="bbox 224 2081 1802 2153">
     <span class='ocr_line' id='line_1_32' title="bbox 224 2081 1802 2153; baseline 0 -19"><span class='ocrx_word' id='word_1_254' title='bbox 224 2081 506 2151; x_wconf 77' lang='grc' dir='ltr'>ἐρώμενον</span> <span class='ocrx_word' id='word_1_255' title='bbox 531 2082 692 2150; x_wconf 89' lang='grc' dir='ltr'>μόνον</span> <span class='ocrx_word' id='word_1_256' title='bbox 712 2082 874 2152; x_wconf 85' lang='grc' dir='ltr'>ὁρῶν,</span> <span class='ocrx_word' id='word_1_257' title='bbox 898 2083 1114 2136; x_wconf 90' lang='grc' dir='ltr'>πάντων</span> <span class='ocrx_word' id='word_1_258' title='bbox 1138 2082 1275 2153; x_wconf 83' lang='grc' dir='ltr'>ὁμοῦ</span> <span class='ocrx_word' id='word_1_259' title='bbox 1308 2082 1405 2153; x_wconf 80' lang='grc' dir='ltr'>τὴν</span> <span class='ocrx_word' id='word_1_260' title='bbox 1430 2083 1637 2137; x_wconf 79' lang='grc' dir='ltr'>ἐκείνου</span> <span class='ocrx_word' id='word_1_261' title='bbox 1670 2100 1802 2153; x_wconf 89' lang='grc' dir='ltr'>προ-</span> 
     </span>
    </p>
   </div>
   <div class='ocr_carea' id='block_1_33' title="bbox 222 2173 1804 2245">
    <p class='ocr_par' dir='ltr' id='par_1_33' title="bbox 222 2173 1804 2245">
     <span class='ocr_line' id='line_1_33' title="bbox 222 2173 1804 2245; baseline -0.001 -19"><span class='ocrx_word' id='word_1_262' title='bbox 222 2175 410 2243; x_wconf 79' lang='grc' dir='ltr'>τίθησι</span> <span class='ocrx_word' id='word_1_263' title='bbox 466 2174 793 2244; x_wconf 78' lang='grc' dir='ltr'>θεραπείαν·</span> <span class='ocrx_word' id='word_1_264' title='bbox 853 2176 1036 2228; x_wconf 82' lang='grc' dir='ltr'>ὲκεῖνα</span> <span class='ocrx_word' id='word_1_265' title='bbox 1084 2176 1245 2245; x_wconf 81' lang='grc' dir='ltr'>μόνα,</span> <span class='ocrx_word' id='word_1_266' title='bbox 1308 2177 1403 2229; x_wconf 74' lang='grc' dir='ltr'>καὶ</span> <span class='ocrx_word' id='word_1_267' title='bbox 1456 2176 1651 2242; x_wconf 80' lang='grc' dir='ltr'>λέγων,</span> <span class='ocrx_word' id='word_1_268' title='bbox 1706 2173 1804 2227; x_wconf 79' lang='grc' dir='ltr'>καὶ</span> 
     </span>
    </p>
   </div>
   <div class='ocr_carea' id='block_1_34' title="bbox 225 2268 1803 2339">
    <p class='ocr_par' dir='ltr' id='par_1_34' title="bbox 225 2268 1803 2339">
     <span class='ocr_line' id='line_1_34' title="bbox 225 2268 1803 2339; baseline 0.001 -19"><span class='ocrx_word' id='word_1_269' title='bbox 225 2271 505 2337; x_wconf 82' lang='grc' dir='ltr'>πράττων,</span> <span class='ocrx_word' id='word_1_270' title='bbox 550 2269 644 2320; x_wconf 74' lang='grc' dir='ltr'>καὶ</span> <span class='ocrx_word' id='word_1_271' title='bbox 670 2268 1040 2337; x_wconf 77' lang='grc' dir='ltr'>λογιζόμενος,</span> <span class='ocrx_word' id='word_1_272' title='bbox 1075 2268 1110 2322; x_wconf 76' lang='grc' dir='ltr'>ἃ</span> <span class='ocrx_word' id='word_1_273' title='bbox 1142 2270 1233 2322; x_wconf 71' lang='grc' dir='ltr'>τὸν</span> <span class='ocrx_word' id='word_1_274' title='bbox 1281 2270 1645 2339; x_wconf 79' lang='grc' dir='ltr'>ἀγαπώμενον</span> <span class='ocrx_word' id='word_1_275' title='bbox 1674 2269 1803 2337; x_wconf 79' lang='grc' dir='ltr'>ἀρέ-</span> 
     </span>
    </p>
   </div>
   <div class='ocr_carea' id='block_1_35' title="bbox 227 2359 1807 2431">
    <p class='ocr_par' dir='ltr' id='par_1_35' title="bbox 227 2359 1807 2431">
     <span class='ocr_line' id='line_1_35' title="bbox 227 2359 1807 2431; baseline 0.001 -19"><span class='ocrx_word' id='word_1_276' title='bbox 227 2378 349 2413; x_wconf 81' lang='grc' dir='ltr'>σκει</span> <span class='ocrx_word' id='word_1_277' title='bbox 379 2362 475 2413; x_wconf 74' lang='grc' dir='ltr'>καὶ</span> <span class='ocrx_word' id='word_1_278' title='bbox 499 2359 814 2431; x_wconf 78' lang='grc' dir='ltr'>θεραπεύει,</span> <span class='ocrx_word' id='word_1_279' title='bbox 857 2362 952 2414; x_wconf 71' lang='grc' dir='ltr'><strong>καὶ</strong></span> <span class='ocrx_word' id='word_1_280' title='bbox 1004 2364 1405 2431; x_wconf 83' lang='grc' dir='ltr'>μυσαττόμενος</span> <span class='ocrx_word' id='word_1_281' title='bbox 1440 2362 1655 2415; x_wconf 74' lang='grc' dir='ltr'>ἅπαντα</span> <span class='ocrx_word' id='word_1_282' title='bbox 1705 2362 1807 2413; x_wconf 79' lang='grc' dir='ltr'>ὅσα</span> 
     </span>
    </p>
   </div>
   <div class='ocr_carea' id='block_1_36' title="bbox 228 2452 1805 2526">
    <p class='ocr_par' dir='ltr' id='par_1_36' title="bbox 228 2452 1805 2526">
     <span class='ocr_line' id='line_1_36' title="bbox 228 2452 1805 2526; baseline 0.003 -21"><span class='ocrx_word' id='word_1_283' title='bbox 228 2457 437 2517; x_wconf 69' lang='grc' dir='ltr'>ἐκεῖνος</span> <span class='ocrx_word' id='word_1_284' title='bbox 470 2452 826 2522; x_wconf 86' lang='grc' dir='ltr'>ἀπαγορεύει.</span> <span class='ocrx_word' id='word_1_285' title='bbox 849 2453 1064 2524; x_wconf 86' lang='grc' dir='ltr'>Ταύτης</span> <span class='ocrx_word' id='word_1_286' title='bbox 1094 2453 1261 2525; x_wconf 81' lang='grc' dir='ltr'>Ἀδὰμ</span> <span class='ocrx_word' id='word_1_287' title='bbox 1291 2457 1390 2524; x_wconf 79' lang='grc' dir='ltr'>τῆς</span> <span class='ocrx_word' id='word_1_288' title='bbox 1418 2454 1639 2526; x_wconf 81' lang='grc' dir='ltr'>ἀγάπης</span> <span class='ocrx_word' id='word_1_289' title='bbox 1657 2455 1805 2524; x_wconf 84' lang='grc' dir='ltr'>ὀλιγ-</span> 
     </span>
    </p>
   </div>
   <div class='ocr_carea' id='block_1_37' title="bbox 227 2548 1808 2624">
    <p class='ocr_par' dir='ltr' id='par_1_37' title="bbox 227 2548 1808 2624">
     <span class='ocr_line' id='line_1_37' title="bbox 227 2548 1808 2624; baseline 0.005 -25"><span class='ocrx_word' id='word_1_290' title='bbox 227 2550 448 2618; x_wconf 85' lang='grc' dir='ltr'>ωρήσας</span> <span class='ocrx_word' id='word_1_291' title='bbox 474 2590 487 2609; x_wconf 88' lang='grc'><strong>,</strong></span> <span class='ocrx_word' id='word_1_292' title='bbox 540 2548 635 2601; x_wconf 71' lang='grc' dir='ltr'>καὶ</span> <span class='ocrx_word' id='word_1_293' title='bbox 662 2549 789 2618; x_wconf 74' lang='grc' dir='ltr'>περὶ</span> <span class='ocrx_word' id='word_1_294' title='bbox 812 2548 902 2600; x_wconf 80' lang='grc' dir='ltr'><strong>τὸν</strong></span> <span class='ocrx_word' id='word_1_295' title='bbox 928 2548 1224 2618; x_wconf 79' lang='grc' dir='ltr'>εὐεργέτην</span> <span class='ocrx_word' id='word_1_296' title='bbox 1274 2549 1543 2619; x_wconf 78' lang='grc' dir='ltr'>ἀγνώμων</span> <span class='ocrx_word' id='word_1_297' title='bbox 1587 2549 1808 2624; x_wconf 84' lang='grc' dir='ltr'>γενόμε-</span> 
     </span>
    </p>
   </div>
   <div class='ocr_carea' id='block_1_38' title="bbox 230 2640 1809 2718">
    <p class='ocr_par' dir='ltr' id='par_1_38' title="bbox 230 2640 1809 2718">
     <span class='ocr_line' id='line_1_38' title="bbox 230 2640 1809 2718; baseline 0.007 -43"><span class='ocrx_word' id='word_1_298' title='bbox 230 2660 340 2705; x_wconf 62' lang='grc' dir='ltr'>νος,</span> <span class='ocrx_word' id='word_1_299' title='bbox 384 2641 650 2702; x_wconf 86' lang='grc' dir='ltr'>ἀκάνθας.</span> <span class='ocrx_word' id='word_1_300' title='bbox 670 2641 766 2697; x_wconf 80' lang='grc' dir='ltr'><strong>καί</strong></span> <span class='ocrx_word' id='word_1_301' title='bbox 786 2640 1002 2703; x_wconf 88' lang='grc' dir='ltr'>πόνους,</span> <span class='ocrx_word' id='word_1_302' title='bbox 1025 2641 1118 2695; x_wconf 77' lang='grc' dir='ltr'>καὶ</span> <span class='ocrx_word' id='word_1_303' title='bbox 1139 2641 1515 2713; x_wconf 68' lang='grc' dir='ltr'>ταλαιπωρίας</span> <span class='ocrx_word' id='word_1_304' title='bbox 1547 2644 1809 2718; x_wconf 56' lang='grc' dir='ltr'><strong>ὲδρέψατο</strong></span> 
     </span>
    </p>
   </div>
   <div class='ocr_carea' id='block_1_39' title="bbox 233 2734 1809 2813">
    <p class='ocr_par' dir='ltr' id='par_1_39' title="bbox 233 2734 1809 2813">
     <span class='ocr_line' id='line_1_39' title="bbox 233 2734 1809 2813; baseline 0.003 -27"><span class='ocrx_word' id='word_1_305' title='bbox 233 2734 331 2802; x_wconf 80' lang='grc' dir='ltr'>τῆς</span> <span class='ocrx_word' id='word_1_306' title='bbox 364 2734 684 2802; x_wconf 85' lang='grc' dir='ltr'>ἀχαριστίας</span> <span class='ocrx_word' id='word_1_307' title='bbox 750 2734 956 2802; x_wconf 85' lang='grc' dir='ltr'>μισθόν.</span> <span class='ocrx_word' id='word_1_308' title='bbox 1016 2734 1234 2806; x_wconf 86' lang='grc' dir='ltr'>Ταύτην</span> <span class='ocrx_word' id='word_1_309' title='bbox 1287 2736 1454 2794; x_wconf 74' lang='grc' dir='ltr'>Ἅϐελ</span> <span class='ocrx_word' id='word_1_310' title='bbox 1490 2740 1566 2811; x_wconf 80' lang='grc' dir='ltr'>τῷ</span> <span class='ocrx_word' id='word_1_311' title='bbox 1590 2740 1809 2813; x_wconf 79' lang='grc' dir='ltr'>χορηγῷ</span> 
     </span>
    </p>
   </div>
   <div class='ocr_carea' id='block_1_40' title="bbox 230 2824 1810 2903">
    <p class='ocr_par' dir='ltr' id='par_1_40' title="bbox 230 2824 1810 2903">
     <span class='ocr_line' id='line_1_40' title="bbox 230 2824 1810 2903; baseline 0.007 -28"><span class='ocrx_word' id='word_1_312' title='bbox 230 2825 340 2875; x_wconf 85' lang='grc' dir='ltr'><strong>τῶν</strong></span> <span class='ocrx_word' id='word_1_313' title='bbox 365 2825 588 2891; x_wconf 80' lang='grc' dir='ltr'>ἀγαθῶν</span> <span class='ocrx_word' id='word_1_314' title='bbox 628 2824 851 2893; x_wconf 74' lang='grc' dir='ltr'>βεϐαίαν</span> <span class='ocrx_word' id='word_1_315' title='bbox 880 2825 1239 2895; x_wconf 76' lang='grc' dir='ltr'>διαφυλάξας,</span> <span class='ocrx_word' id='word_1_316' title='bbox 1289 2833 1381 2884; x_wconf 75' lang='grc' dir='ltr'>καὶ</span> <span class='ocrx_word' id='word_1_317' title='bbox 1430 2831 1538 2884; x_wconf 86' lang='grc' dir='ltr'><strong>τῶν</strong></span> <span class='ocrx_word' id='word_1_318' title='bbox 1582 2833 1679 2903; x_wconf 80' lang='grc' dir='ltr'>μὲν</span> <span class='ocrx_word' id='word_1_319' title='bbox 1707 2850 1810 2901; x_wconf 89' lang='grc' dir='ltr'>γα-</span> 
     </span>
    </p>
   </div>
   <div class='ocr_carea' id='block_1_41' title="bbox 234 2915 1809 2995">
    <p class='ocr_par' dir='ltr' id='par_1_41' title="bbox 234 2915 1809 2995">
     <span class='ocr_line' id='line_1_41' title="bbox 234 2915 1809 2995; baseline 0.006 -28"><span class='ocrx_word' id='word_1_320' title='bbox 234 2915 394 2984; x_wconf 79' lang='grc' dir='ltr'>στρὸς</span> <span class='ocrx_word' id='word_1_321' title='bbox 419 2915 622 2985; x_wconf 77' lang='grc' dir='ltr'>ἡδονῶν</span> <span class='ocrx_word' id='word_1_322' title='bbox 651 2920 1098 2987; x_wconf 75' lang='grc' dir='ltr'>καταφρονήσας,</span> <span class='ocrx_word' id='word_1_323' title='bbox 1138 2922 1237 2992; x_wconf 74' lang='grc' dir='ltr'>τὴν</span> <span class='ocrx_word' id='word_1_324' title='bbox 1260 2922 1316 2975; x_wconf 83' lang='grc' dir='ltr'>δὲ</span> <span class='ocrx_word' id='word_1_325' title='bbox 1346 2922 1437 2978; x_wconf 86' lang='grc' dir='ltr'><strong>τοῦ</strong></span> <span class='ocrx_word' id='word_1_326' title='bbox 1483 2923 1619 2976; x_wconf 90' lang='grc' dir='ltr'>Θεοῦ</span> <span class='ocrx_word' id='word_1_327' title='bbox 1677 2941 1809 2995; x_wconf 60' lang='grc' dir='ltr'>προς</span> 
     </span>
    </p>
   </div>
   <div class='ocr_carea' id='block_1_42' title="bbox 232 3005 1810 3086">
    <p class='ocr_par' dir='ltr' id='par_1_42' title="bbox 232 3005 1810 3086">
     <span class='ocr_line' id='line_1_42' title="bbox 232 3005 1810 3086; baseline 0.008 -28"><span class='ocrx_word' id='word_1_328' title='bbox 232 3005 489 3074; x_wconf 83' lang='grc' dir='ltr'>ελόμενος</span> <span class='ocrx_word' id='word_1_329' title='bbox 507 3005 821 3075; x_wconf 84' lang='grc' dir='ltr'>θεραπείαν,</span> <span class='ocrx_word' id='word_1_330' title='bbox 836 3012 944 3076; x_wconf 81' lang='grc' dir='ltr'>τοῖς</span> <span class='ocrx_word' id='word_1_331' title='bbox 966 3014 1260 3085; x_wconf 76' lang='grc' dir='ltr'>ἀκηράτοις</span> <span class='ocrx_word' id='word_1_332' title='bbox 1285 3015 1669 3086; x_wconf 70' lang='grc' dir='ltr'>κατεκοσμήθη</span> <span class='ocrx_word' id='word_1_333' title='bbox 1688 3033 1810 3070; x_wconf 84' lang='grc' dir='ltr'>στε-</span> 
     </span>
    </p>
   </div>
   <div class='ocr_carea' id='block_1_43' title="bbox 234 3098 1810 3178">
    <p class='ocr_par' dir='ltr' id='par_1_43' title="bbox 234 3098 1810 3178">
     <span class='ocr_line' id='line_1_43' title="bbox 234 3098 1810 3178; baseline 0.009 -30"><span class='ocrx_word' id='word_1_334' title='bbox 234 3098 444 3165; x_wconf 81' lang='grc' dir='ltr'>φάνοις,</span> <span class='ocrx_word' id='word_1_335' title='bbox 487 3099 579 3151; x_wconf 70' lang='grc' dir='ltr'><strong>καὶ</strong></span> <span class='ocrx_word' id='word_1_336' title='bbox 607 3098 695 3150; x_wconf 75' lang='grc' dir='ltr'><strong>διὰ</strong></span> <span class='ocrx_word' id='word_1_337' title='bbox 724 3100 906 3174; x_wconf 85' lang='grc' dir='ltr'>πάσης</span> <span class='ocrx_word' id='word_1_338' title='bbox 954 3108 1145 3173; x_wconf 73' lang='grc' dir='ltr'>γενεᾶς</span> <span class='ocrx_word' id='word_1_339' title='bbox 1185 3106 1378 3171; x_wconf 72' lang='grc' dir='ltr'>ὁδεύει,</span> <span class='ocrx_word' id='word_1_340' title='bbox 1413 3106 1510 3177; x_wconf 82' lang='grc' dir='ltr'>τὴν</span> <span class='ocrx_word' id='word_1_341' title='bbox 1536 3109 1810 3178; x_wconf 74' lang='grc' dir='ltr'>εὐφημίαν</span> 
     </span>
    </p>
   </div>
   <div class='ocr_carea' id='block_1_44' title="bbox 1904 1714 3475 1787">
    <p class='ocr_par' dir='ltr' id='par_1_44' title="bbox 1904 1714 3475 1787">
     <span class='ocr_line' id='line_1_44' title="bbox 1904 1714 3475 1787; baseline -0.002 -15"><span class='ocrx_word' id='word_1_342' title='bbox 1904 1720 1997 1775; x_wconf 91' lang='lat' dir='ltr'><strong>Dei</strong></span> <span class='ocrx_word' id='word_1_343' title='bbox 2031 1720 2241 1781; x_wconf 91' lang='lat' dir='ltr'><strong>virtus,</strong></span> <span class='ocrx_word' id='word_1_344' title='bbox 2272 1727 2326 1772; x_wconf 91' lang='lat' dir='ltr'><strong>et</strong></span> <span class='ocrx_word' id='word_1_345' title='bbox 2358 1716 2452 1771; x_wconf 86' lang='lat' dir='ltr'><strong>Dei</strong></span> <span class='ocrx_word' id='word_1_346' title='bbox 2478 1720 2768 1787; x_wconf 85' lang='lat' dir='ltr'><strong>sapientia.</strong></span> <span class='ocrx_word' id='word_1_347' title='bbox 2808 1737 2827 1769; x_wconf 75' lang='grc' dir='ltr'><strong>ι</strong></span> <span class='ocrx_word' id='word_1_348' title='bbox 2881 1716 2946 1770; x_wconf 84' lang='lat' dir='ltr'><strong>Et</strong></span> <span class='ocrx_word' id='word_1_349' title='bbox 2987 1732 3185 1771; x_wconf 87' lang='lat' dir='ltr'><strong>rursus</strong></span> <span class='ocrx_word' id='word_1_350' title='bbox 3219 1734 3232 1770; x_wconf 87' lang='lat'><strong>:</strong></span> <span class='ocrx_word' id='word_1_351' title='bbox 3277 1734 3296 1766; x_wconf 75' lang='grc' dir='ltr'><strong>ι</strong></span> <span class='ocrx_word' id='word_1_352' title='bbox 3343 1714 3475 1769; x_wconf 87' lang='lat' dir='ltr'><strong>Data</strong></span> 
     </span>
    </p>
   </div>
   <div class='ocr_carea' id='block_1_45' title="bbox 1904 1808 3479 1879">
    <p class='ocr_par' dir='ltr' id='par_1_45' title="bbox 1904 1808 3479 1879">
     <span class='ocr_line' id='line_1_45' title="bbox 1904 1808 3479 1879; baseline -0.006 -13"><span class='ocrx_word' id='word_1_353' title='bbox 1904 1822 1987 1867; x_wconf 86' lang='lat' dir='ltr'><strong>est</strong></span> <span class='ocrx_word' id='word_1_354' title='bbox 2026 1812 2186 1867; x_wconf 91' lang='lat' dir='ltr'><strong>nobis</strong></span> <span class='ocrx_word' id='word_1_355' title='bbox 2214 1811 2486 1879; x_wconf 71' lang='lat' dir='ltr'><strong>sapientia</strong></span> <span class='ocrx_word' id='word_1_356' title='bbox 2518 1825 2547 1863; x_wconf 89' lang='lat' dir='ltr'><strong>a</strong></span> <span class='ocrx_word' id='word_1_357' title='bbox 2582 1809 2713 1871; x_wconf 90' lang='lat' dir='ltr'><strong>Deo,</strong></span> <span class='ocrx_word' id='word_1_358' title='bbox 2738 1810 2957 1878; x_wconf 91' lang='lat' dir='ltr'><strong>justitia</strong></span> <span class='ocrx_word' id='word_1_359' title='bbox 2979 1851 2992 1869; x_wconf 86' lang='lat'><strong>,</strong></span> <span class='ocrx_word' id='word_1_360' title='bbox 3012 1817 3067 1861; x_wconf 89' lang='lat' dir='ltr'><strong>et</strong></span> <span class='ocrx_word' id='word_1_361' title='bbox 3098 1808 3479 1868; x_wconf 80' lang='lat' dir='ltr'><strong>sanctiﬁcatio,</strong></span> 
     </span>
    </p>
   </div>
   <div class='ocr_carea' id='block_1_46' title="bbox 1909 1899 3484 1972">
    <p class='ocr_par' dir='ltr' id='par_1_46' title="bbox 1909 1899 3484 1972">
     <span class='ocr_line' id='line_1_46' title="bbox 1909 1899 3484 1972; baseline -0.004 -12"><span class='ocrx_word' id='word_1_362' title='bbox 1909 1914 1964 1960; x_wconf 89' lang='lat' dir='ltr'><strong>et</strong></span> <span class='ocrx_word' id='word_1_363' title='bbox 2003 1903 2305 1972; x_wconf 86' lang='lat' dir='ltr'><strong>redemptio</strong></span> <span class='ocrx_word' id='word_1_364' title='bbox 2327 1914 2404 1957; x_wconf 71' lang='grc' dir='ltr'>ε.»</span> <span class='ocrx_word' id='word_1_365' title='bbox 2432 1901 2534 1967; x_wconf 86' lang='lat' dir='ltr'><strong>Qui</strong></span> <span class='ocrx_word' id='word_1_366' title='bbox 2568 1902 2733 1970; x_wconf 74' lang='lat' dir='ltr'><strong>igitur</strong></span> <span class='ocrx_word' id='word_1_367' title='bbox 2765 1916 2891 1955; x_wconf 89' lang='lat' dir='ltr'><strong>vere</strong></span> <span class='ocrx_word' id='word_1_368' title='bbox 2921 1909 3006 1955; x_wconf 89' lang='lat' dir='ltr'><strong>est</strong></span> <span class='ocrx_word' id='word_1_369' title='bbox 3031 1901 3414 1971; x_wconf 87' lang='lat' dir='ltr'><strong>philosophus,</strong></span> <span class='ocrx_word' id='word_1_370' title='bbox 3435 1899 3484 1953; x_wconf 82' lang='lat' dir='ltr'><strong>is</strong></span> 
     </span>
    </p>
   </div>
   <div class='ocr_carea' id='block_1_47' title="bbox 1908 1990 3481 2065">
    <p class='ocr_par' dir='ltr' id='par_1_47' title="bbox 1908 1990 3481 2065">
     <span class='ocr_line' id='line_1_47' title="bbox 1908 1990 3481 2065; baseline -0.004 -15"><span class='ocrx_word' id='word_1_371' title='bbox 1908 2006 1962 2051; x_wconf 87' lang='lat' dir='ltr'><strong>et</strong></span> <span class='ocrx_word' id='word_1_372' title='bbox 2000 1995 2312 2065; x_wconf 80' lang='lat' dir='ltr'><strong>pliilotheus</strong></span> <span class='ocrx_word' id='word_1_373' title='bbox 2353 1994 2479 2062; x_wconf 85' lang='lat' dir='ltr'><strong>jure</strong></span> <span class='ocrx_word' id='word_1_374' title='bbox 2510 1993 2835 2062; x_wconf 86' lang='lat' dir='ltr'><strong>appelletur.</strong></span> <span class='ocrx_word' id='word_1_375' title='bbox 2871 1990 2965 2046; x_wconf 84' lang='lat' dir='ltr'><strong>Dei</strong></span> <span class='ocrx_word' id='word_1_376' title='bbox 3008 1999 3190 2045; x_wconf 90' lang='lat' dir='ltr'><strong>autem</strong></span> <span class='ocrx_word' id='word_1_377' title='bbox 3240 2000 3481 2050; x_wconf 85' lang='lat' dir='ltr'><strong>amator.</strong></span> 
     </span>
    </p>
   </div>
   <div class='ocr_carea' id='block_1_48' title="bbox 1860 2083 3485 2165">
    <p class='ocr_par' dir='ltr' id='par_1_48' title="bbox 1860 2083 3485 2165">
     <span class='ocr_line' id='line_1_48' title="bbox 1860 2083 3485 2165; baseline -0.005 -23"><span class='ocrx_word' id='word_1_378' title='bbox 1860 2146 1865 2165; x_wconf 28' lang='grc' dir='ltr'><strong><em>Γ</em></strong></span> <span class='ocrx_word' id='word_1_379' title='bbox 1910 2095 2104 2142; x_wconf 65' lang='lat' dir='ltr'><strong>caatera</strong></span> <span class='ocrx_word' id='word_1_380' title='bbox 2157 2085 2339 2139; x_wconf 83' lang='lat' dir='ltr'><strong>omnia</strong></span> <span class='ocrx_word' id='word_1_381' title='bbox 2380 2092 2758 2148; x_wconf 89' lang='lat' dir='ltr'><strong>contemnens,</strong></span> <span class='ocrx_word' id='word_1_382' title='bbox 2805 2092 2858 2137; x_wconf 90' lang='lat' dir='ltr'><strong>et</strong></span> <span class='ocrx_word' id='word_1_383' title='bbox 2905 2083 3083 2138; x_wconf 85' lang='lat' dir='ltr'><strong>solum</strong></span> <span class='ocrx_word' id='word_1_384' title='bbox 3130 2097 3291 2151; x_wconf 84' lang='lat' dir='ltr'><strong>quem</strong></span> <span class='ocrx_word' id='word_1_385' title='bbox 3338 2093 3485 2135; x_wconf 85' lang='lat' dir='ltr'><strong>amat</strong></span> 
     </span>
    </p>
   </div>
   <div class='ocr_carea' id='block_1_49' title="bbox 1913 2175 3485 2243">
    <p class='ocr_par' dir='ltr' id='par_1_49' title="bbox 1913 2175 3485 2243">
     <span class='ocr_line' id='line_1_49' title="bbox 1913 2175 3485 2243; baseline -0.003 -11"><span class='ocrx_word' id='word_1_386' title='bbox 1913 2179 2153 2233; x_wconf 90' lang='lat' dir='ltr'><strong>intuens.</strong></span> <span class='ocrx_word' id='word_1_387' title='bbox 2184 2177 2303 2243; x_wconf 87' lang='lat' dir='ltr'><strong>ejus</strong></span> <span class='ocrx_word' id='word_1_388' title='bbox 2327 2177 2534 2229; x_wconf 88' lang='lat' dir='ltr'><strong>cultum</strong></span> <span class='ocrx_word' id='word_1_389' title='bbox 2592 2176 2847 2229; x_wconf 85' lang='lat' dir='ltr'><strong>omnibus</strong></span> <span class='ocrx_word' id='word_1_390' title='bbox 2893 2176 3118 2229; x_wconf 88' lang='lat' dir='ltr'><strong>omnino</strong></span> <span class='ocrx_word' id='word_1_391' title='bbox 3143 2175 3306 2230; x_wconf 85' lang='lat' dir='ltr'><strong>rebus</strong></span> <span class='ocrx_word' id='word_1_392' title='bbox 3329 2182 3485 2227; x_wconf 83' lang='lat' dir='ltr'><strong>ante-</strong></span> 
     </span>
    </p>
   </div>
   <div class='ocr_carea' id='block_1_50' title="bbox 1912 2267 3485 2340">
    <p class='ocr_par' dir='ltr' id='par_1_50' title="bbox 1912 2267 3485 2340">
     <span class='ocr_line' id='line_1_50' title="bbox 1912 2267 3485 2340; baseline -0.001 -16"><span class='ocrx_word' id='word_1_393' title='bbox 1912 2270 2087 2340; x_wconf 87' lang='lat' dir='ltr'><strong>ponit,</strong></span> <span class='ocrx_word' id='word_1_394' title='bbox 2126 2268 2341 2339; x_wconf 76' lang='lat'><strong>1312</strong></span> <span class='ocrx_word' id='word_1_395' title='bbox 2373 2268 2461 2319; x_wconf 88' lang='lat' dir='ltr'><strong>illa</strong></span> <span class='ocrx_word' id='word_1_396' title='bbox 2490 2267 2755 2323; x_wconf 73' lang='lat' dir='ltr'><strong>duntaxat</strong></span> <span class='ocrx_word' id='word_1_397' title='bbox 2792 2276 2842 2324; x_wconf 89' lang='lat' dir='ltr'><strong>et</strong></span> <span class='ocrx_word' id='word_1_398' title='bbox 2867 2268 3079 2335; x_wconf 81' lang='lat' dir='ltr'><strong>dicens,</strong></span> <span class='ocrx_word' id='word_1_399' title='bbox 3102 2275 3157 2324; x_wconf 88' lang='lat' dir='ltr'><strong>et</strong></span> <span class='ocrx_word' id='word_1_400' title='bbox 3202 2284 3391 2338; x_wconf 81' lang='lat' dir='ltr'><strong>agens,</strong></span> <span class='ocrx_word' id='word_1_401' title='bbox 3420 2281 3485 2322; x_wconf 89' lang='lat' dir='ltr'><strong>ac</strong></span> 
     </span>
    </p>
   </div>
   <div class='ocr_carea' id='block_1_51' title="bbox 1912 2362 3485 2433">
    <p class='ocr_par' dir='ltr' id='par_1_51' title="bbox 1912 2362 3485 2433">
     <span class='ocr_line' id='line_1_51' title="bbox 1912 2362 3485 2433; baseline -0.003 -16"><span class='ocrx_word' id='word_1_402' title='bbox 1912 2364 2183 2432; x_wconf 86' lang='lat' dir='ltr'><strong>cogitans.</strong></span> <span class='ocrx_word' id='word_1_403' title='bbox 2243 2376 2365 2433; x_wconf 68' lang='lat' dir='ltr'><strong>qua:</strong></span> <span class='ocrx_word' id='word_1_404' title='bbox 2404 2363 2621 2432; x_wconf 89' lang='lat' dir='ltr'><strong>placent</strong></span> <span class='ocrx_word' id='word_1_405' title='bbox 2668 2363 2889 2425; x_wconf 86' lang='lat' dir='ltr'><strong>dilecto,</strong></span> <span class='ocrx_word' id='word_1_406' title='bbox 2939 2362 3097 2429; x_wconf 84' lang='lat' dir='ltr'><strong>eique</strong></span> <span class='ocrx_word' id='word_1_407' title='bbox 3141 2370 3295 2430; x_wconf 86' lang='lat' dir='ltr'><strong>grata</strong></span> <span class='ocrx_word' id='word_1_408' title='bbox 3333 2370 3485 2423; x_wconf 85' lang='lat' dir='ltr'><strong>sunt,</strong></span> 
     </span>
    </p>
   </div>
   <div class='ocr_carea' id='block_1_52' title="bbox 1912 2451 3483 2526">
    <p class='ocr_par' dir='ltr' id='par_1_52' title="bbox 1912 2451 3483 2526">
     <span class='ocr_line' id='line_1_52' title="bbox 1912 2451 3483 2526; baseline -0.003 -12"><span class='ocrx_word' id='word_1_409' title='bbox 1912 2465 1966 2514; x_wconf 87' lang='lat' dir='ltr'><strong>et</strong></span> <span class='ocrx_word' id='word_1_410' title='bbox 1991 2467 2187 2513; x_wconf 75' lang='lat' dir='ltr'><strong>cuncta</strong></span> <span class='ocrx_word' id='word_1_411' title='bbox 2217 2456 2498 2512; x_wconf 86' lang='lat' dir='ltr'><strong>detestans</strong></span> <span class='ocrx_word' id='word_1_412' title='bbox 2522 2470 2643 2526; x_wconf 60' lang='lat' dir='ltr'><strong>qua;</strong></span> <span class='ocrx_word' id='word_1_413' title='bbox 2672 2455 2762 2510; x_wconf 91' lang='lat' dir='ltr'><strong>ille</strong></span> <span class='ocrx_word' id='word_1_414' title='bbox 2793 2461 2957 2509; x_wconf 86' lang='lat' dir='ltr'><strong>vetat.</strong></span> <span class='ocrx_word' id='word_1_415' title='bbox 2982 2451 3133 2507; x_wconf 80' lang='lat' dir='ltr'><strong>Hanc</strong></span> <span class='ocrx_word' id='word_1_416' title='bbox 3160 2453 3483 2509; x_wconf 88' lang='lat' dir='ltr'><strong>charitatem</strong></span> 
     </span>
    </p>
   </div>
   <div class='ocr_carea' id='block_1_53' title="bbox 1915 2547 3484 2619">
    <p class='ocr_par' dir='ltr' id='par_1_53' title="bbox 1915 2547 3484 2619">
     <span class='ocr_line' id='line_1_53' title="bbox 1915 2547 3484 2619; baseline -0.004 -13"><span class='ocrx_word' id='word_1_417' title='bbox 1915 2552 2086 2607; x_wconf 84' lang='lat' dir='ltr'><strong>Adam</strong></span> <span class='ocrx_word' id='word_1_418' title='bbox 2123 2566 2245 2604; x_wconf 87' lang='lat' dir='ltr'><strong>cum</strong></span> <span class='ocrx_word' id='word_1_419' title='bbox 2288 2548 2764 2619; x_wconf 89' lang='lat' dir='ltr'><strong>parvipendisset,</strong></span> <span class='ocrx_word' id='word_1_420' title='bbox 2805 2556 2971 2616; x_wconf 89' lang='lat' dir='ltr'><strong>atque</strong></span> <span class='ocrx_word' id='word_1_421' title='bbox 3010 2548 3281 2616; x_wconf 86' lang='lat' dir='ltr'><strong>ingratum</strong></span> <span class='ocrx_word' id='word_1_422' title='bbox 3335 2560 3397 2602; x_wconf 85' lang='lat' dir='ltr'><strong>se</strong></span> <span class='ocrx_word' id='word_1_423' title='bbox 3429 2547 3484 2600; x_wconf 87' lang='lat' dir='ltr'><strong>in</strong></span> 
     </span>
    </p>
   </div>
   <div class='ocr_carea' id='block_1_54' title="bbox 1919 2637 3488 2708">
    <p class='ocr_par' dir='ltr' id='par_1_54' title="bbox 1919 2637 3488 2708">
     <span class='ocr_line' id='line_1_54' title="bbox 1919 2637 3488 2708; baseline -0.005 -9"><span class='ocrx_word' id='word_1_424' title='bbox 1919 2644 2321 2699; x_wconf 82' lang='lat' dir='ltr'><strong>benefactorein</strong></span> <span class='ocrx_word' id='word_1_425' title='bbox 2373 2641 2738 2704; x_wconf 68' lang='lat' dir='ltr'><strong>exhibuisset,</strong></span> <span class='ocrx_word' id='word_1_426' title='bbox 2774 2638 2983 2708; x_wconf 89' lang='lat' dir='ltr'><strong>spinas,</strong></span> <span class='ocrx_word' id='word_1_427' title='bbox 3034 2646 3085 2691; x_wconf 91' lang='lat' dir='ltr'><strong>et</strong></span> <span class='ocrx_word' id='word_1_428' title='bbox 3139 2637 3378 2702; x_wconf 90' lang='lat' dir='ltr'><strong>labores,</strong></span> <span class='ocrx_word' id='word_1_429' title='bbox 3433 2646 3488 2691; x_wconf 91' lang='lat' dir='ltr'><strong>et</strong></span> 
     </span>
    </p>
   </div>
   <div class='ocr_carea' id='block_1_55' title="bbox 1917 2724 3485 2803">
    <p class='ocr_par' dir='ltr' id='par_1_55' title="bbox 1917 2724 3485 2803">
     <span class='ocr_line' id='line_1_55' title="bbox 1917 2724 3485 2803; baseline -0.005 -12"><span class='ocrx_word' id='word_1_430' title='bbox 1917 2738 2255 2791; x_wconf 82' lang='lat' dir='ltr'><strong>calamitates</strong></span> <span class='ocrx_word' id='word_1_431' title='bbox 2309 2748 2406 2803; x_wconf 90' lang='lat' dir='ltr'><strong>pro</strong></span> <span class='ocrx_word' id='word_1_432' title='bbox 2440 2732 2695 2787; x_wconf 89' lang='lat' dir='ltr'><strong>mercede</strong></span> <span class='ocrx_word' id='word_1_433' title='bbox 2747 2729 3155 2800; x_wconf 87' lang='lat' dir='ltr'><strong>ingratitudiuis</strong></span> <span class='ocrx_word' id='word_1_434' title='bbox 3194 2728 3384 2783; x_wconf 87' lang='lat' dir='ltr'><strong>retulit</strong></span> <span class='ocrx_word' id='word_1_435' title='bbox 3440 2724 3485 2783; x_wconf 74' lang='grc' dir='ltr'><strong>ί.</strong></span> 
     </span>
    </p>
   </div>
   <div class='ocr_carea' id='block_1_56' title="bbox 1920 2822 3489 2894">
    <p class='ocr_par' dir='ltr' id='par_1_56' title="bbox 1920 2822 3489 2894">
     <span class='ocr_line' id='line_1_56' title="bbox 1920 2822 3489 2894; baseline -0.005 -13"><span class='ocrx_word' id='word_1_436' title='bbox 1920 2826 2069 2881; x_wconf 81' lang='lat' dir='ltr'><strong>Hane</strong></span> <span class='ocrx_word' id='word_1_437' title='bbox 2105 2826 2237 2880; x_wconf 81' lang='lat' dir='ltr'><strong>Abel</strong></span> <span class='ocrx_word' id='word_1_438' title='bbox 2276 2823 2521 2894; x_wconf 87' lang='lat' dir='ltr'><strong>largitori</strong></span> <span class='ocrx_word' id='word_1_439' title='bbox 2567 2824 2835 2877; x_wconf 91' lang='lat' dir='ltr'><strong>bonorum</strong></span> <span class='ocrx_word' id='word_1_440' title='bbox 2870 2822 3081 2874; x_wconf 85' lang='lat' dir='ltr'><strong>ﬁrmam</strong></span> <span class='ocrx_word' id='word_1_441' title='bbox 3113 2834 3238 2873; x_wconf 89' lang='lat' dir='ltr'><strong>cum</strong></span> <span class='ocrx_word' id='word_1_442' title='bbox 3272 2833 3489 2874; x_wconf 79' lang='lat' dir='ltr'><strong>servas-</strong></span> 
     </span>
    </p>
   </div>
   <div class='ocr_carea' id='block_1_57' title="bbox 1919 2910 3488 2987">
    <p class='ocr_par' dir='ltr' id='par_1_57' title="bbox 1919 2910 3488 2987">
     <span class='ocr_line' id='line_1_57' title="bbox 1919 2910 3488 2987; baseline -0.008 -12"><span class='ocrx_word' id='word_1_443' title='bbox 1919 2931 2038 2981; x_wconf 84' lang='lat' dir='ltr'><strong>set,</strong></span> <span class='ocrx_word' id='word_1_444' title='bbox 2079 2919 2396 2987; x_wconf 82' lang='lat' dir='ltr'><strong>ventrisque</strong></span> <span class='ocrx_word' id='word_1_445' title='bbox 2428 2916 2739 2987; x_wconf 76' lang='lat' dir='ltr'><strong>voluptates</strong></span> <span class='ocrx_word' id='word_1_446' title='bbox 2786 2920 3137 2982; x_wconf 89' lang='lat' dir='ltr'><strong>aspernatus,</strong></span> <span class='ocrx_word' id='word_1_447' title='bbox 3178 2910 3270 2966; x_wconf 90' lang='lat' dir='ltr'><strong>Dei</strong></span> <span class='ocrx_word' id='word_1_448' title='bbox 3316 2910 3488 2965; x_wconf 87' lang='lat' dir='ltr'><strong>servi-</strong></span> 
     </span>
    </p>
   </div>
   <div class='ocr_carea' id='block_1_58' title="bbox 1918 3004 3489 3081">
    <p class='ocr_par' dir='ltr' id='par_1_58' title="bbox 1918 3004 3489 3081">
     <span class='ocr_line' id='line_1_58' title="bbox 1918 3004 3489 3081; baseline -0.009 -14"><span class='ocrx_word' id='word_1_449' title='bbox 1918 3013 2052 3067; x_wconf 91' lang='lat' dir='ltr'><strong>tium</strong></span> <span class='ocrx_word' id='word_1_450' title='bbox 2088 3011 2440 3081; x_wconf 65' lang='lat' dir='ltr'><strong>praetulisset,</strong></span> <span class='ocrx_word' id='word_1_451' title='bbox 2477 3006 3037 3062; x_wconf 87' lang='lat' dir='ltr'><strong>immareescibilibus</strong></span> <span class='ocrx_word' id='word_1_452' title='bbox 3068 3004 3289 3058; x_wconf 88' lang='lat' dir='ltr'><strong>coronis</strong></span> <span class='ocrx_word' id='word_1_453' title='bbox 3330 3016 3489 3056; x_wconf 77' lang='lat' dir='ltr'><strong>exor-</strong></span> 
     </span>
    </p>
   </div>
   <div class='ocr_carea' id='block_1_59' title="bbox 1920 3095 3488 3172">
    <p class='ocr_par' dir='ltr' id='par_1_59' title="bbox 1920 3095 3488 3172">
     <span class='ocr_line' id='line_1_59' title="bbox 1920 3095 3488 3172; baseline -0.006 -14"><span class='ocrx_word' id='word_1_454' title='bbox 1920 3113 2082 3159; x_wconf 88' lang='lat' dir='ltr'><strong>natus</strong></span> <span class='ocrx_word' id='word_1_455' title='bbox 2119 3113 2241 3167; x_wconf 90' lang='lat' dir='ltr'><strong>est,</strong></span> <span class='ocrx_word' id='word_1_456' title='bbox 2277 3113 2329 3156; x_wconf 85' lang='lat' dir='ltr'><strong>et</strong></span> <span class='ocrx_word' id='word_1_457' title='bbox 2361 3118 2459 3172; x_wconf 87' lang='lat' dir='ltr'><strong>per</strong></span> <span class='ocrx_word' id='word_1_458' title='bbox 2489 3116 2705 3156; x_wconf 81' lang='lat' dir='ltr'><strong>omnem</strong></span> <span class='ocrx_word' id='word_1_459' title='bbox 2742 3101 2781 3153; x_wconf 92' lang='lat' dir='ltr'><strong>it</strong></span> <span class='ocrx_word' id='word_1_460' title='bbox 2827 3098 3255 3168; x_wconf 72' lang='lat' dir='ltr'><strong>generationem,</strong></span> <span class='ocrx_word' id='word_1_461' title='bbox 3307 3095 3488 3148; x_wconf 86' lang='lat' dir='ltr'><strong>laudis</strong></span> 
     </span>
    </p>
   </div>
   <div class='ocr_carea' id='block_1_60' title="bbox 232 3185 1809 3277">
    <p class='ocr_par' dir='ltr' id='par_1_60' title="bbox 232 3190 1809 3271">
     <span class='ocr_line' id='line_1_60' title="bbox 232 3190 1809 3271; baseline 0.006 -28"><span class='ocrx_word' id='word_1_462' title='bbox 232 3191 321 3243; x_wconf 81' lang='grc' dir='ltr'><strong>διά</strong></span> <span class='ocrx_word' id='word_1_463' title='bbox 347 3190 449 3258; x_wconf 77' lang='grc' dir='ltr'>τῆς</span> <span class='ocrx_word' id='word_1_464' title='bbox 481 3190 701 3264; x_wconf 74' lang='grc' dir='ltr'>μνήμης</span> <span class='ocrx_word' id='word_1_465' title='bbox 730 3197 1127 3267; x_wconf 84' lang='grc' dir='ltr'>καρπούμενος.</span> <span class='ocrx_word' id='word_1_466' title='bbox 1174 3198 1391 3268; x_wconf 86' lang='grc' dir='ltr'>Ταύτην</span> <span class='ocrx_word' id='word_1_467' title='bbox 1434 3198 1606 3268; x_wconf 83' lang='grc' dir='ltr'>Ἑνὼχ</span> <span class='ocrx_word' id='word_1_468' title='bbox 1636 3199 1809 3271; x_wconf 82' lang='grc' dir='ltr'>άληθῆ</span> 
     </span>
    </p>
   </div>
   <div class='ocr_carea' id='block_1_61' title="bbox 1860 3185 3488 3277">
    <p class='ocr_par' dir='ltr' id='par_1_61' title="bbox 1860 3185 3488 3277">
     <span class='ocr_line' id='line_1_61' title="bbox 1860 3185 3488 3277; baseline -0.006 -31"><span class='ocrx_word' id='word_1_469' title='bbox 1860 3194 2155 3277; x_wconf 63' lang='lat' dir='ltr'><strong>:fruetum</strong></span> <span class='ocrx_word' id='word_1_470' title='bbox 2217 3207 2281 3246; x_wconf 84' lang='lat' dir='ltr'><strong>ex</strong></span> <span class='ocrx_word' id='word_1_471' title='bbox 2340 3191 2598 3245; x_wconf 88' lang='lat' dir='ltr'><strong>memoria</strong></span> <span class='ocrx_word' id='word_1_472' title='bbox 2651 3189 2951 3256; x_wconf 89' lang='lat' dir='ltr'><strong>decerpens</strong></span> <span class='ocrx_word' id='word_1_473' title='bbox 3007 3188 3052 3240; x_wconf 70' lang='grc' dir='ltr'><strong>ε.</strong></span> <span class='ocrx_word' id='word_1_474' title='bbox 3099 3185 3251 3240; x_wconf 81' lang='lat' dir='ltr'><strong>Hanc</strong></span> <span class='ocrx_word' id='word_1_475' title='bbox 3305 3197 3488 3238; x_wconf 81' lang='lat' dir='ltr'><strong>veram</strong></span> 
     </span>
    </p>
   </div>
   <div class='ocr_carea' id='block_1_62' title="bbox 234 3280 1815 3357">
    <p class='ocr_par' dir='ltr' id='par_1_62' title="bbox 234 3280 1815 3357">
     <span class='ocr_line' id='line_1_62' title="bbox 234 3280 1815 3357; baseline 0.008 -28"><span class='ocrx_word' id='word_1_476' title='bbox 234 3280 329 3331; x_wconf 71' lang='grc' dir='ltr'>καὶ</span> <span class='ocrx_word' id='word_1_477' title='bbox 354 3281 589 3348; x_wconf 75' lang='grc' dir='ltr'>γνησίαν</span> <span class='ocrx_word' id='word_1_478' title='bbox 636 3287 997 3353; x_wconf 81' lang='grc' dir='ltr'>κτησάμενος,</span> <span class='ocrx_word' id='word_1_479' title='bbox 1060 3286 1153 3338; x_wconf 75' lang='grc' dir='ltr'>καὶ</span> <span class='ocrx_word' id='word_1_480' title='bbox 1195 3286 1412 3357; x_wconf 80' lang='grc' dir='ltr'>ἔσπειρε</span> <span class='ocrx_word' id='word_1_481' title='bbox 1460 3284 1659 3351; x_wconf 84' lang='grc' dir='ltr'>καλῶς,</span> <span class='ocrx_word' id='word_1_482' title='bbox 1721 3289 1815 3341; x_wconf 76' lang='grc' dir='ltr'>καὶ</span> 
     </span>
    </p>
   </div>
   <div class='ocr_carea' id='block_1_63' title="bbox 234 3370 1815 3449">
    <p class='ocr_par' dir='ltr' id='par_1_63' title="bbox 234 3370 1815 3449">
     <span class='ocr_line' id='line_1_63' title="bbox 234 3370 1815 3449; baseline 0.006 -27"><span class='ocrx_word' id='word_1_483' title='bbox 234 3370 485 3444; x_wconf 69' lang='grc' dir='ltr'>ἑθέρισῖν</span> <span class='ocrx_word' id='word_1_484' title='bbox 520 3377 760 3445; x_wconf 81' lang='grc' dir='ltr'>ἄμεινον,</span> <span class='ocrx_word' id='word_1_485' title='bbox 782 3377 877 3429; x_wconf 76' lang='grc' dir='ltr'>καὶ</span> <span class='ocrx_word' id='word_1_486' title='bbox 896 3378 995 3444; x_wconf 72' lang='grc' dir='ltr'>τῆς</span> <span class='ocrx_word' id='word_1_487' title='bbox 1022 3378 1113 3430; x_wconf 89' lang='grc' dir='ltr'><strong>τοῦ</strong></span> <span class='ocrx_word' id='word_1_488' title='bbox 1144 3377 1277 3431; x_wconf 88' lang='grc' dir='ltr'>Θεοῦ</span> <span class='ocrx_word' id='word_1_489' title='bbox 1307 3379 1605 3449; x_wconf 88' lang='grc' dir='ltr'>θεραπείας</span> <span class='ocrx_word' id='word_1_490' title='bbox 1628 3379 1815 3449; x_wconf 71' lang='grc' dir='ltr'>μισθὸν</span> 
     </span>
    </p>
   </div>
   <div class='ocr_carea' id='block_1_64' title="bbox 234 3464 1815 3540">
    <p class='ocr_par' dir='ltr' id='par_1_64' title="bbox 234 3464 1815 3540">
     <span class='ocr_line' id='line_1_64' title="bbox 234 3464 1815 3540; baseline 0.004 -23"><span class='ocrx_word' id='word_1_491' title='bbox 234 3464 538 3534; x_wconf 64' lang='grc' dir='ltr'>ἐκομίσατο</span> <span class='ocrx_word' id='word_1_492' title='bbox 593 3467 691 3537; x_wconf 77' lang='grc' dir='ltr'>τὴν</span> <span class='ocrx_word' id='word_1_493' title='bbox 742 3467 1049 3536; x_wconf 83' lang='grc' dir='ltr'>μετάθεσιν,</span> <span class='ocrx_word' id='word_1_494' title='bbox 1090 3470 1181 3522; x_wconf 74' lang='grc' dir='ltr'><strong>καὶ</strong></span> <span class='ocrx_word' id='word_1_495' title='bbox 1228 3470 1324 3540; x_wconf 80' lang='grc' dir='ltr'>τὴν</span> <span class='ocrx_word' id='word_1_496' title='bbox 1354 3470 1619 3523; x_wconf 86' lang='grc' dir='ltr'>ἀθάνατον</span> <span class='ocrx_word' id='word_1_497' title='bbox 1676 3471 1815 3534; x_wconf 84' lang='grc' dir='ltr'>τέως</span> 
     </span>
    </p>
   </div>
   <div class='ocr_carea' id='block_1_65' title="bbox 242 3555 1819 3633">
    <p class='ocr_par' dir='ltr' id='par_1_65' title="bbox 242 3555 1819 3633">
     <span class='ocr_line' id='line_1_65' title="bbox 242 3555 1819 3633; baseline 0.006 -25"><span class='ocrx_word' id='word_1_498' title='bbox 242 3555 408 3626; x_wconf 74' lang='grc' dir='ltr'>ζωὴν,</span> <span class='ocrx_word' id='word_1_499' title='bbox 445 3558 537 3609; x_wconf 68' lang='grc' dir='ltr'>καὶ</span> <span class='ocrx_word' id='word_1_500' title='bbox 572 3558 671 3626; x_wconf 82' lang='grc' dir='ltr'>τὴν</span> <span class='ocrx_word' id='word_1_501' title='bbox 692 3557 780 3611; x_wconf 79' lang='grc' dir='ltr'><strong>διά</strong></span> <span class='ocrx_word' id='word_1_502' title='bbox 806 3558 896 3610; x_wconf 90' lang='grc' dir='ltr'><strong>τοῦ</strong></span> <span class='ocrx_word' id='word_1_503' title='bbox 936 3559 1050 3628; x_wconf 85' lang='grc' dir='ltr'>βίου</span> <span class='ocrx_word' id='word_1_504' title='bbox 1104 3560 1303 3623; x_wconf 74' lang='grc' dir='ltr'>παντὸς</span> <span class='ocrx_word' id='word_1_505' title='bbox 1344 3562 1538 3633; x_wconf 75' lang='grc' dir='ltr'>εὐκλεῆ</span> <span class='ocrx_word' id='word_1_506' title='bbox 1568 3563 1660 3615; x_wconf 70' lang='grc' dir='ltr'>καὶ</span> <span class='ocrx_word' id='word_1_507' title='bbox 1694 3563 1819 3617; x_wconf 84' lang='grc' dir='ltr'>ἀθά·</span> 
     </span>
    </p>
   </div>
   <div class='ocr_carea' id='block_1_66' title="bbox 240 3650 1816 3724">
    <p class='ocr_par' dir='ltr' id='par_1_66' title="bbox 240 3650 1816 3724">
     <span class='ocr_line' id='line_1_66' title="bbox 240 3650 1816 3724; baseline 0.005 -24"><span class='ocrx_word' id='word_1_508' title='bbox 240 3666 402 3701; x_wconf 85' lang='grc' dir='ltr'>νατον</span> <span class='ocrx_word' id='word_1_509' title='bbox 478 3650 716 3720; x_wconf 84' lang='grc' dir='ltr'>μνήμην.</span> <span class='ocrx_word' id='word_1_510' title='bbox 770 3651 835 3702; x_wconf 87' lang='grc' dir='ltr'><strong>Τί</strong></span> <span class='ocrx_word' id='word_1_511' title='bbox 890 3651 952 3705; x_wconf 82' lang='grc' dir='ltr'><strong>ἀν</strong></span> <span class='ocrx_word' id='word_1_512' title='bbox 980 3670 1059 3714; x_wconf 85' lang='grc' dir='ltr'><strong>τις</strong></span> <span class='ocrx_word' id='word_1_513' title='bbox 1093 3654 1234 3706; x_wconf 79' lang='grc' dir='ltr'>εἴποι</span> <span class='ocrx_word' id='word_1_514' title='bbox 1270 3655 1398 3723; x_wconf 74' lang='grc' dir='ltr'>περὶ</span> <span class='ocrx_word' id='word_1_515' title='bbox 1438 3655 1536 3724; x_wconf 84' lang='grc' dir='ltr'><strong>τῆς</strong></span> <span class='ocrx_word' id='word_1_516' title='bbox 1565 3655 1659 3708; x_wconf 89' lang='grc' dir='ltr'><strong>τοῦ</strong></span> <span class='ocrx_word' id='word_1_517' title='bbox 1694 3655 1816 3708; x_wconf 82' lang='grc' dir='ltr'>Νῶε</span> 
     </span>
    </p>
   </div>
   <div class='ocr_carea' id='block_1_67' title="bbox 243 3740 1814 3818">
    <p class='ocr_par' dir='ltr' id='par_1_67' title="bbox 243 3740 1814 3818">
     <span class='ocr_line' id='line_1_67' title="bbox 243 3740 1814 3818; baseline 0.006 -27"><span class='ocrx_word' id='word_1_518' title='bbox 243 3740 554 3806; x_wconf 86' lang='grc' dir='ltr'>φιλοθεῖας,</span> <span class='ocrx_word' id='word_1_519' title='bbox 584 3743 650 3811; x_wconf 74' lang='grc' dir='ltr'>ἢν</span> <span class='ocrx_word' id='word_1_520' title='bbox 673 3743 794 3795; x_wconf 77' lang='grc' dir='ltr'>οὐδὲ</span> <span class='ocrx_word' id='word_1_521' title='bbox 809 3743 914 3795; x_wconf 83' lang='grc' dir='ltr'><strong>τῶν</strong></span> <span class='ocrx_word' id='word_1_522' title='bbox 935 3746 1263 3814; x_wconf 79' lang='grc' dir='ltr'>παρανόμων</span> <span class='ocrx_word' id='word_1_523' title='bbox 1279 3744 1600 3817; x_wconf 81' lang='grc' dir='ltr'>διήλεγξενή</span> <span class='ocrx_word' id='word_1_524' title='bbox 1620 3746 1814 3818; x_wconf 77' lang='grc' dir='ltr'>φθοράο</span> 
     </span>
    </p>
   </div>
   <div class='ocr_carea' id='block_1_68' title="bbox 241 3832 1807 3909">
    <p class='ocr_par' dir='ltr' id='par_1_68' title="bbox 241 3832 1807 3909">
     <span class='ocr_line' id='line_1_68' title="bbox 241 3832 1807 3909; baseline 0.004 -24"><span class='ocrx_word' id='word_1_525' title='bbox 241 3832 378 3885; x_wconf 74' lang='grc' dir='ltr'>ἀλλὰ</span> <span class='ocrx_word' id='word_1_526' title='bbox 409 3833 629 3885; x_wconf 82' lang='grc' dir='ltr'>πάντων</span> <span class='ocrx_word' id='word_1_527' title='bbox 654 3834 1035 3899; x_wconf 72' lang='grc' dir='ltr'>ἐκκλινάντων,</span> <span class='ocrx_word' id='word_1_528' title='bbox 1073 3834 1163 3888; x_wconf 72' lang='grc' dir='ltr'>καὶ</span> <span class='ocrx_word' id='word_1_529' title='bbox 1195 3836 1292 3906; x_wconf 79' lang='grc' dir='ltr'>τὴν</span> <span class='ocrx_word' id='word_1_530' title='bbox 1319 3837 1565 3891; x_wconf 75' lang='grc' dir='ltr'>ἐναντίαν</span> <span class='ocrx_word' id='word_1_531' title='bbox 1598 3839 1807 3909; x_wconf 86' lang='grc' dir='ltr'>προελο-</span> 
     </span>
    </p>
   </div>
   <div class='ocr_carea' id='block_1_69' title="bbox 246 3925 1817 4001">
    <p class='ocr_par' dir='ltr' id='par_1_69' title="bbox 246 3925 1817 4001">
     <span class='ocr_line' id='line_1_69' title="bbox 246 3925 1817 4001; baseline 0.003 -25"><span class='ocrx_word' id='word_1_532' title='bbox 246 3925 444 3993; x_wconf 84' lang='grc' dir='ltr'>μένων,</span> <span class='ocrx_word' id='word_1_533' title='bbox 478 3926 637 3993; x_wconf 86' lang='grc' dir='ltr'>μόνος</span> <span class='ocrx_word' id='word_1_534' title='bbox 663 3926 763 3994; x_wconf 83' lang='grc' dir='ltr'>τὴν</span> <span class='ocrx_word' id='word_1_535' title='bbox 794 3926 1004 3979; x_wconf 82' lang='grc' dir='ltr'>εὐθεῖαν</span> <span class='ocrx_word' id='word_1_536' title='bbox 1037 3928 1260 3992; x_wconf 78' lang='grc' dir='ltr'>ὥδευσε,</span> <span class='ocrx_word' id='word_1_537' title='bbox 1320 3930 1534 3982; x_wconf 86' lang='grc' dir='ltr'>πάντων</span> <span class='ocrx_word' id='word_1_538' title='bbox 1561 3931 1693 4001; x_wconf 84' lang='grc' dir='ltr'>ὁμοῦ</span> <span class='ocrx_word' id='word_1_539' title='bbox 1726 3931 1817 3983; x_wconf 76' lang='grc' dir='ltr'>τὸν</span> 
     </span>
    </p>
   </div>
   <div class='ocr_carea' id='block_1_70' title="bbox 244 4011 1817 4091">
    <p class='ocr_par' dir='ltr' id='par_1_70' title="bbox 244 4011 1817 4091">
     <span class='ocr_line' id='line_1_70' title="bbox 244 4011 1817 4091; baseline 0.005 -24"><span class='ocrx_word' id='word_1_540' title='bbox 244 4017 483 4085; x_wconf 77' lang='grc' dir='ltr'>Ποιητὴν</span> <span class='ocrx_word' id='word_1_541' title='bbox 514 4017 824 4086; x_wconf 88' lang='grc' dir='ltr'>προτιθείς;</span> <span class='ocrx_word' id='word_1_542' title='bbox 882 4011 958 4069; x_wconf 74' lang='grc' dir='ltr'>Οὗ</span> <span class='ocrx_word' id='word_1_543' title='bbox 1006 4020 1185 4089; x_wconf 82' lang='grc' dir='ltr'>χάριν,</span> <span class='ocrx_word' id='word_1_544' title='bbox 1218 4022 1311 4073; x_wconf 66' lang='grc' dir='ltr'>καὶ</span> <span class='ocrx_word' id='word_1_545' title='bbox 1356 4022 1514 4091; x_wconf 88' lang='grc' dir='ltr'>μόνος</span> <span class='ocrx_word' id='word_1_546' title='bbox 1547 4022 1683 4091; x_wconf 86' lang='grc' dir='ltr'><strong>μετά</strong></span> <span class='ocrx_word' id='word_1_547' title='bbox 1710 4022 1817 4075; x_wconf 86' lang='grc' dir='ltr'><strong>τῶν</strong></span> 
     </span>
    </p>
   </div>
   <div class='ocr_carea' id='block_1_71' title="bbox 245 4106 1817 4183">
    <p class='ocr_par' dir='ltr' id='par_1_71' title="bbox 245 4106 1817 4183">
     <span class='ocr_line' id='line_1_71' title="bbox 245 4106 1817 4183; baseline 0.007 -27"><span class='ocrx_word' id='word_1_548' title='bbox 245 4106 455 4159; x_wconf 69' lang='grc' dir='ltr'>παίδων</span> <span class='ocrx_word' id='word_1_549' title='bbox 490 4107 591 4174; x_wconf 76' lang='grc' dir='ltr'>τῆς</span> <span class='ocrx_word' id='word_1_550' title='bbox 641 4108 915 4178; x_wconf 86' lang='grc' dir='ltr'>σωτηρίας</span> <span class='ocrx_word' id='word_1_551' title='bbox 957 4110 1245 4180; x_wconf 81' lang='grc' dir='ltr'>τετύχηκε,</span> <span class='ocrx_word' id='word_1_552' title='bbox 1271 4112 1364 4163; x_wconf 78' lang='grc' dir='ltr'>καὶ</span> <span class='ocrx_word' id='word_1_553' title='bbox 1416 4113 1637 4183; x_wconf 85' lang='grc' dir='ltr'>σπέρμα</span> <span class='ocrx_word' id='word_1_554' title='bbox 1686 4132 1817 4167; x_wconf 81' lang='grc' dir='ltr'>κατ-</span> 
     </span>
    </p>
   </div>
   <div class='ocr_carea' id='block_1_72' title="bbox 244 4201 1811 4279">
    <p class='ocr_par' dir='ltr' id='par_1_72' title="bbox 244 4201 1811 4279">
     <span class='ocr_line' id='line_1_72' title="bbox 244 4201 1811 4279; baseline 0.006 -27"><span class='ocrx_word' id='word_1_555' title='bbox 244 4201 468 4271; x_wconf 76' lang='grc' dir='ltr'>ελείφθη</span> <span class='ocrx_word' id='word_1_556' title='bbox 498 4205 562 4272; x_wconf 80' lang='grc' dir='ltr'><strong>τῇ</strong></span> <span class='ocrx_word' id='word_1_557' title='bbox 614 4202 795 4270; x_wconf 86' lang='grc' dir='ltr'>φύσει,</span> <span class='ocrx_word' id='word_1_558' title='bbox 826 4210 918 4257; x_wconf 73' lang='grc' dir='ltr'>καὶ</span> <span class='ocrx_word' id='word_1_559' title='bbox 972 4207 1203 4277; x_wconf 82' lang='grc' dir='ltr'>σπινθὴρ</span> <span class='ocrx_word' id='word_1_560' title='bbox 1249 4206 1522 4279; x_wconf 80' lang='grc' dir='ltr'>ἐφυλάχθη</span> <span class='ocrx_word' id='word_1_561' title='bbox 1556 4209 1629 4279; x_wconf 77' lang='grc' dir='ltr'><strong>τῷ</strong></span> <span class='ocrx_word' id='word_1_562' title='bbox 1650 4210 1811 4277; x_wconf 81' lang='grc' dir='ltr'>γένει.</span> 
     </span>
    </p>
   </div>
   <div class='ocr_carea' id='block_1_73' title="bbox 244 4292 1816 4369">
    <p class='ocr_par' dir='ltr' id='par_1_73' title="bbox 244 4292 1816 4369">
     <span class='ocr_line' id='line_1_73' title="bbox 244 4292 1816 4369; baseline 0.004 -24"><span class='ocrx_word' id='word_1_563' title='bbox 244 4292 402 4346; x_wconf 85' lang='grc' dir='ltr'>Οῦτω</span> <span class='ocrx_word' id='word_1_564' title='bbox 456 4294 789 4363; x_wconf 79' lang='grc' dir='ltr'>Μελχισεδὲκ</span> <span class='ocrx_word' id='word_1_565' title='bbox 817 4335 830 4354; x_wconf 92' lang='grc'><strong>,</strong></span> <span class='ocrx_word' id='word_1_566' title='bbox 862 4296 891 4347; x_wconf 90' lang='grc' dir='ltr'><strong>ό</strong></span> <span class='ocrx_word' id='word_1_567' title='bbox 936 4298 1106 4365; x_wconf 81' lang='grc' dir='ltr'>μέγας</span> <span class='ocrx_word' id='word_1_568' title='bbox 1149 4300 1466 4369; x_wconf 81' lang='grc' dir='ltr'>ἀρχιερεὺς,</span> <span class='ocrx_word' id='word_1_569' title='bbox 1501 4301 1607 4353; x_wconf 85' lang='grc' dir='ltr'><strong>τῶν</strong></span> <span class='ocrx_word' id='word_1_570' title='bbox 1644 4300 1711 4353; x_wconf 80' lang='grc' dir='ltr'><strong>τά</strong></span> <span class='ocrx_word' id='word_1_571' title='bbox 1740 4300 1816 4354; x_wconf 80' lang='grc' dir='ltr'><strong>εἴ-</strong></span> 
     </span>
    </p>
   </div>
   <div class='ocr_carea' id='block_1_74' title="bbox 241 4384 1812 4464">
    <p class='ocr_par' dir='ltr' id='par_1_74' title="bbox 241 4384 1812 4464">
     <span class='ocr_line' id='line_1_74' title="bbox 241 4384 1812 4464; baseline 0.008 -29"><span class='ocrx_word' id='word_1_572' title='bbox 241 4384 388 4437; x_wconf 88' lang='grc' dir='ltr'>δωλα</span> <span class='ocrx_word' id='word_1_573' title='bbox 444 4385 620 4438; x_wconf 81' lang='grc' dir='ltr'>σέϐειν</span> <span class='ocrx_word' id='word_1_574' title='bbox 652 4389 1026 4456; x_wconf 83' lang='grc' dir='ltr'>προελομένων</span> <span class='ocrx_word' id='word_1_575' title='bbox 1051 4391 1149 4460; x_wconf 70' lang='grc' dir='ltr'>τὴν</span> <span class='ocrx_word' id='word_1_576' title='bbox 1171 4391 1355 4445; x_wconf 78' lang='grc' dir='ltr'>ἄνοιαν</span> <span class='ocrx_word' id='word_1_577' title='bbox 1386 4392 1772 4464; x_wconf 78' lang='grc' dir='ltr'>βδελυξάμενος</span> <span class='ocrx_word' id='word_1_578' title='bbox 1798 4437 1812 4459; x_wconf 90' lang='grc'><strong>,</strong></span> 
     </span>
    </p>
   </div>
   <div class='ocr_carea' id='block_1_75' title="bbox 241 4475 1813 4555">
    <p class='ocr_par' dir='ltr' id='par_1_75' title="bbox 241 4475 1813 4555">
     <span class='ocr_line' id='line_1_75' title="bbox 241 4475 1813 4555; baseline 0.007 -28"><span class='ocrx_word' id='word_1_579' title='bbox 241 4475 324 4543; x_wconf 83' lang='grc' dir='ltr'>τῷ</span> <span class='ocrx_word' id='word_1_580' title='bbox 394 4479 598 4545; x_wconf 79' lang='grc' dir='ltr'>Ποιητῇ</span> <span class='ocrx_word' id='word_1_581' title='bbox 648 4478 756 4531; x_wconf 86' lang='grc' dir='ltr'><strong>τῶν</strong></span> <span class='ocrx_word' id='word_1_582' title='bbox 798 4479 936 4530; x_wconf 83' lang='grc' dir='ltr'>ὅλων</span> <span class='ocrx_word' id='word_1_583' title='bbox 995 4480 1091 4550; x_wconf 81' lang='grc' dir='ltr'>τὴν</span> <span class='ocrx_word' id='word_1_584' title='bbox 1138 4483 1344 4536; x_wconf 75' lang='grc' dir='ltr'>οἰκείαν</span> <span class='ocrx_word' id='word_1_585' title='bbox 1379 4484 1674 4555; x_wconf 72' lang='grc' dir='ltr'>ἱερωσύνην</span> <span class='ocrx_word' id='word_1_586' title='bbox 1721 4486 1813 4539; x_wconf 82' lang='grc' dir='ltr'>ἀν-</span> 
     </span>
    </p>
   </div>
   <div class='ocr_carea' id='block_1_76' title="bbox 1920 3273 3485 3352">
    <p class='ocr_par' dir='ltr' id='par_1_76' title="bbox 1920 3273 3485 3352">
     <span class='ocr_line' id='line_1_76' title="bbox 1920 3273 3485 3352; baseline -0.008 -14"><span class='ocrx_word' id='word_1_587' title='bbox 1920 3293 2081 3352; x_wconf 87' lang='lat' dir='ltr'><strong>atque</strong></span> <span class='ocrx_word' id='word_1_588' title='bbox 2109 3295 2423 3350; x_wconf 77' lang='lat' dir='ltr'><strong>germanam</strong></span> <span class='ocrx_word' id='word_1_589' title='bbox 2455 3278 2751 3349; x_wconf 85' lang='lat' dir='ltr'><strong>possidens</strong></span> <span class='ocrx_word' id='word_1_590' title='bbox 2790 3276 3004 3342; x_wconf 81' lang='lat' dir='ltr'><strong>Enoelt,</strong></span> <span class='ocrx_word' id='word_1_591' title='bbox 3052 3283 3106 3331; x_wconf 83' lang='lat' dir='ltr'><strong>et</strong></span> <span class='ocrx_word' id='word_1_592' title='bbox 3142 3282 3289 3330; x_wconf 85' lang='lat' dir='ltr'><strong>recte</strong></span> <span class='ocrx_word' id='word_1_593' title='bbox 3317 3273 3485 3329; x_wconf 84' lang='lat' dir='ltr'><strong>serui-</strong></span> 
     </span>
    </p>
   </div>
   <div class='ocr_carea' id='block_1_77' title="bbox 1920 3364 3488 3437">
    <p class='ocr_par' dir='ltr' id='par_1_77' title="bbox 1920 3364 3488 3437">
     <span class='ocr_line' id='line_1_77' title="bbox 1920 3364 3488 3437; baseline -0.007 -8"><span class='ocrx_word' id='word_1_594' title='bbox 1920 3376 2089 3437; x_wconf 82' lang='lat' dir='ltr'><strong>navit,</strong></span> <span class='ocrx_word' id='word_1_595' title='bbox 2115 3383 2164 3427; x_wconf 90' lang='lat' dir='ltr'><strong>et</strong></span> <span class='ocrx_word' id='word_1_596' title='bbox 2191 3373 2387 3427; x_wconf 85' lang='lat' dir='ltr'><strong>melius</strong></span> <span class='ocrx_word' id='word_1_597' title='bbox 2423 3370 2671 3434; x_wconf 89' lang='lat' dir='ltr'><strong>messuil,</strong></span> <span class='ocrx_word' id='word_1_598' title='bbox 2699 3376 2753 3424; x_wconf 91' lang='lat' dir='ltr'><strong>et</strong></span> <span class='ocrx_word' id='word_1_599' title='bbox 2782 3369 2951 3423; x_wconf 84' lang='lat' dir='ltr'><strong>divini</strong></span> <span class='ocrx_word' id='word_1_600' title='bbox 2977 3368 3159 3421; x_wconf 91' lang='lat' dir='ltr'><strong>cultus</strong></span> <span class='ocrx_word' id='word_1_601' title='bbox 3184 3364 3488 3419; x_wconf 85' lang='lat' dir='ltr'><strong>mercedem</strong></span> 
     </span>
    </p>
   </div>
   <div class='ocr_carea' id='block_1_78' title="bbox 1919 3456 3488 3535">
    <p class='ocr_par' dir='ltr' id='par_1_78' title="bbox 1919 3456 3488 3535">
     <span class='ocr_line' id='line_1_78' title="bbox 1919 3456 3488 3535; baseline -0.009 -15"><span class='ocrx_word' id='word_1_602' title='bbox 1919 3465 2217 3535; x_wconf 83' lang='lat' dir='ltr'><strong>reportavit</strong></span> <span class='ocrx_word' id='word_1_603' title='bbox 2255 3462 2669 3517; x_wconf 80' lang='lat' dir='ltr'><strong>translationem</strong></span> <span class='ocrx_word' id='word_1_604' title='bbox 2720 3460 2775 3514; x_wconf 91' lang='lat' dir='ltr'><strong>in</strong></span> <span class='ocrx_word' id='word_1_605' title='bbox 2834 3458 3174 3529; x_wconf 86' lang='lat' dir='ltr'><strong>paradisum,</strong></span> <span class='ocrx_word' id='word_1_606' title='bbox 3223 3464 3279 3511; x_wconf 93' lang='lat' dir='ltr'><strong>et</strong></span> <span class='ocrx_word' id='word_1_607' title='bbox 3322 3456 3488 3510; x_wconf 85' lang='lat' dir='ltr'><strong>vitam</strong></span> 
     </span>
    </p>
   </div>
   <div class='ocr_carea' id='block_1_79' title="bbox 1918 3552 3487 3622">
    <p class='ocr_par' dir='ltr' id='par_1_79' title="bbox 1918 3552 3487 3622">
     <span class='ocr_line' id='line_1_79' title="bbox 1918 3552 3487 3622; baseline -0.006 -13"><span class='ocrx_word' id='word_1_608' title='bbox 1918 3556 2307 3619; x_wconf 83' lang='lat' dir='ltr'><strong>immortalem,</strong></span> <span class='ocrx_word' id='word_1_609' title='bbox 2350 3555 2666 3622; x_wconf 85' lang='lat' dir='ltr'><strong>claramque</strong></span> <span class='ocrx_word' id='word_1_610' title='bbox 2717 3568 2780 3606; x_wconf 88' lang='lat' dir='ltr'><strong>ae</strong></span> <span class='ocrx_word' id='word_1_611' title='bbox 2838 3552 3108 3606; x_wconf 88' lang='lat' dir='ltr'><strong>celebrem</strong></span> <span class='ocrx_word' id='word_1_612' title='bbox 3168 3565 3263 3620; x_wconf 91' lang='lat' dir='ltr'><strong>per</strong></span> <span class='ocrx_word' id='word_1_613' title='bbox 3314 3563 3487 3603; x_wconf 62' lang='lat' dir='ltr'><strong>avum</strong></span> 
     </span>
    </p>
   </div>
   <div class='ocr_carea' id='block_1_80' title="bbox 1919 3638 3488 3702">
    <p class='ocr_par' dir='ltr' id='par_1_80' title="bbox 1919 3638 3488 3702">
     <span class='ocr_line' id='line_1_80' title="bbox 1919 3638 3488 3702; baseline -0.008 0"><span class='ocrx_word' id='word_1_614' title='bbox 1919 3662 2082 3702; x_wconf 90' lang='lat' dir='ltr'><strong>omne</strong></span> <span class='ocrx_word' id='word_1_615' title='bbox 2119 3646 2359 3700; x_wconf 86' lang='lat' dir='ltr'><strong>nominis</strong></span> <span class='ocrx_word' id='word_1_616' title='bbox 2389 3646 2713 3699; x_wconf 89' lang='lat' dir='ltr'><strong>memoriam</strong></span> <span class='ocrx_word' id='word_1_617' title='bbox 2745 3639 2795 3697; x_wconf 68' lang='grc' dir='ltr'><strong>δ.</strong></span> <span class='ocrx_word' id='word_1_618' title='bbox 2847 3641 2919 3697; x_wconf 87' lang='lat' dir='ltr'><strong>De</strong></span> <span class='ocrx_word' id='word_1_619' title='bbox 2952 3641 3158 3695; x_wconf 78' lang='lat' dir='ltr'><strong>Noaelii</strong></span> <span class='ocrx_word' id='word_1_620' title='bbox 3209 3650 3389 3693; x_wconf 88' lang='lat' dir='ltr'><strong>autem</strong></span> <span class='ocrx_word' id='word_1_621' title='bbox 3434 3638 3488 3691; x_wconf 88' lang='lat' dir='ltr'><strong>in</strong></span> 
     </span>
    </p>
   </div>
   <div class='ocr_carea' id='block_1_81' title="bbox 1922 3732 3489 3806">
    <p class='ocr_par' dir='ltr' id='par_1_81' title="bbox 1922 3732 3489 3806">
     <span class='ocr_line' id='line_1_81' title="bbox 1922 3732 3489 3806; baseline -0.007 -13"><span class='ocrx_word' id='word_1_622' title='bbox 1922 3738 2090 3793; x_wconf 88' lang='lat' dir='ltr'><strong>Deum</strong></span> <span class='ocrx_word' id='word_1_623' title='bbox 2137 3737 2406 3791; x_wconf 91' lang='lat' dir='ltr'><strong>charitate</strong></span> <span class='ocrx_word' id='word_1_624' title='bbox 2446 3736 2571 3806; x_wconf 91' lang='lat' dir='ltr'><strong>quis</strong></span> <span class='ocrx_word' id='word_1_625' title='bbox 2614 3750 2715 3805; x_wconf 91' lang='lat' dir='ltr'><strong>pro</strong></span> <span class='ocrx_word' id='word_1_626' title='bbox 2770 3735 2967 3788; x_wconf 86' lang='lat' dir='ltr'><strong>merito</strong></span> <span class='ocrx_word' id='word_1_627' title='bbox 3002 3732 3277 3799; x_wconf 84' lang='lat' dir='ltr'><strong>loquatur.</strong></span> <span class='ocrx_word' id='word_1_628' title='bbox 3327 3744 3489 3799; x_wconf 90' lang='lat' dir='ltr'><strong>quam</strong></span> 
     </span>
    </p>
   </div>
   <div class='ocr_carea' id='block_1_82' title="bbox 1918 3819 3491 3896">
    <p class='ocr_par' dir='ltr' id='par_1_82' title="bbox 1918 3819 3491 3896">
     <span class='ocr_line' id='line_1_82' title="bbox 1918 3819 3491 3896; baseline -0.008 -14"><span class='ocrx_word' id='word_1_629' title='bbox 1918 3842 2094 3896; x_wconf 89' lang='lat' dir='ltr'><strong>neque</strong></span> <span class='ocrx_word' id='word_1_630' title='bbox 2160 3827 2474 3895; x_wconf 91' lang='lat' dir='ltr'><strong>iniquorum</strong></span> <span class='ocrx_word' id='word_1_631' title='bbox 2566 3839 2629 3879; x_wconf 89' lang='lat' dir='ltr'><strong>ac</strong></span> <span class='ocrx_word' id='word_1_632' title='bbox 2720 3823 3114 3893; x_wconf 85' lang='lat' dir='ltr'><strong>ﬂagitiosorum</strong></span> <span class='ocrx_word' id='word_1_633' title='bbox 3197 3819 3491 3873; x_wconf 88' lang='lat' dir='ltr'><strong>multitudo</strong></span> 
     </span>
    </p>
   </div>
   <div class='ocr_carea' id='block_1_83' title="bbox 1917 3913 3488 3979">
    <p class='ocr_par' dir='ltr' id='par_1_83' title="bbox 1917 3913 3488 3979">
     <span class='ocr_line' id='line_1_83' title="bbox 1917 3913 3488 3979; baseline -0.007 -4"><span class='ocrx_word' id='word_1_634' title='bbox 1917 3917 2253 3979; x_wconf 76' lang='lat' dir='ltr'><strong>retardavit,</strong></span> <span class='ocrx_word' id='word_1_635' title='bbox 2308 3916 2400 3971; x_wconf 91' lang='lat' dir='ltr'><strong>sed</strong></span> <span class='ocrx_word' id='word_1_636' title='bbox 2470 3916 2727 3969; x_wconf 92' lang='lat' dir='ltr'><strong>omnibus</strong></span> <span class='ocrx_word' id='word_1_637' title='bbox 2794 3913 3241 3976; x_wconf 86' lang='lat' dir='ltr'><strong>declinantibus,</strong></span> <span class='ocrx_word' id='word_1_638' title='bbox 3315 3919 3369 3965; x_wconf 91' lang='lat' dir='ltr'><strong>et</strong></span> <span class='ocrx_word' id='word_1_639' title='bbox 3435 3913 3488 3965; x_wconf 92' lang='lat' dir='ltr'><strong>in</strong></span> 
     </span>
    </p>
   </div>
   <div class='ocr_carea' id='block_1_84' title="bbox 1920 4005 3488 4079">
    <p class='ocr_par' dir='ltr' id='par_1_84' title="bbox 1920 4005 3488 4079">
     <span class='ocr_line' id='line_1_84' title="bbox 1920 4005 3488 4079; baseline -0.008 -13"><span class='ocrx_word' id='word_1_640' title='bbox 1920 4011 2252 4066; x_wconf 89' lang='lat' dir='ltr'><strong>contrariam</strong></span> <span class='ocrx_word' id='word_1_641' title='bbox 2346 4016 2554 4079; x_wconf 89' lang='lat' dir='ltr'><strong>partem</strong></span> <span class='ocrx_word' id='word_1_642' title='bbox 2646 4008 3054 4063; x_wconf 83' lang='lat' dir='ltr'><strong>deﬂectentibus</strong></span> <span class='ocrx_word' id='word_1_643' title='bbox 3116 4006 3268 4060; x_wconf 88' lang='lat' dir='ltr'><strong>solus</strong></span> <span class='ocrx_word' id='word_1_644' title='bbox 3346 4005 3488 4058; x_wconf 86' lang='lat' dir='ltr'><strong>viam</strong></span> 
     </span>
    </p>
   </div>
   <div class='ocr_carea' id='block_1_85' title="bbox 1920 4097 3487 4169">
    <p class='ocr_par' dir='ltr' id='par_1_85' title="bbox 1920 4097 3487 4169">
     <span class='ocr_line' id='line_1_85' title="bbox 1920 4097 3487 4169; baseline -0.007 -11"><span class='ocrx_word' id='word_1_645' title='bbox 1920 4112 2125 4158; x_wconf 90' lang='lat' dir='ltr'><strong>rectam</strong></span> <span class='ocrx_word' id='word_1_646' title='bbox 2217 4102 2431 4164; x_wconf 86' lang='lat' dir='ltr'><strong>tenuit,</strong></span> <span class='ocrx_word' id='word_1_647' title='bbox 2528 4100 2800 4154; x_wconf 87' lang='lat' dir='ltr'><strong>universis</strong></span> <span class='ocrx_word' id='word_1_648' title='bbox 2885 4099 3090 4169; x_wconf 86' lang='lat' dir='ltr'><strong>pariter</strong></span> <span class='ocrx_word' id='word_1_649' title='bbox 3171 4097 3487 4151; x_wconf 79' lang='lat' dir='ltr'><strong>Creatorem</strong></span> 
     </span>
    </p>
   </div>
   <div class='ocr_carea' id='block_1_86' title="bbox 1919 4188 3490 4266">
    <p class='ocr_par' dir='ltr' id='par_1_86' title="bbox 1919 4188 3490 4266">
     <span class='ocr_line' id='line_1_86' title="bbox 1919 4188 3490 4266; baseline -0.005 -17"><span class='ocrx_word' id='word_1_650' title='bbox 1919 4196 2294 4266; x_wconf 85' lang='lat' dir='ltr'><strong>anteponens?</strong></span> <span class='ocrx_word' id='word_1_651' title='bbox 2378 4193 2741 4260; x_wconf 80' lang='lat' dir='ltr'><strong>Quamobrem</strong></span> <span class='ocrx_word' id='word_1_652' title='bbox 2811 4200 2864 4246; x_wconf 88' lang='lat' dir='ltr'><strong>et</strong></span> <span class='ocrx_word' id='word_1_653' title='bbox 2945 4191 3094 4247; x_wconf 90' lang='lat' dir='ltr'><strong>solus</strong></span> <span class='ocrx_word' id='word_1_654' title='bbox 3168 4204 3293 4244; x_wconf 91' lang='lat' dir='ltr'><strong>cum</strong></span> <span class='ocrx_word' id='word_1_655' title='bbox 3366 4188 3490 4241; x_wconf 79' lang='lat' dir='ltr'><strong>ﬁliis</strong></span> 
     </span>
    </p>
   </div>
   <div class='ocr_carea' id='block_1_87' title="bbox 1920 4285 3492 4351">
    <p class='ocr_par' dir='ltr' id='par_1_87' title="bbox 1920 4285 3492 4351">
     <span class='ocr_line' id='line_1_87' title="bbox 1920 4285 3492 4351; baseline -0.006 -8"><span class='ocrx_word' id='word_1_656' title='bbox 1920 4290 2164 4343; x_wconf 82' lang='lat' dir='ltr'><strong>salvatus</strong></span> <span class='ocrx_word' id='word_1_657' title='bbox 2221 4296 2325 4351; x_wconf 82' lang='lat' dir='ltr'><strong>est,</strong></span> <span class='ocrx_word' id='word_1_658' title='bbox 2381 4296 2436 4342; x_wconf 86' lang='lat' dir='ltr'><strong>et</strong></span> <span class='ocrx_word' id='word_1_659' title='bbox 2502 4301 2688 4341; x_wconf 90' lang='lat' dir='ltr'><strong>semen</strong></span> <span class='ocrx_word' id='word_1_660' title='bbox 2740 4285 2990 4339; x_wconf 84' lang='lat' dir='ltr'><strong>relictum</strong></span> <span class='ocrx_word' id='word_1_661' title='bbox 3032 4293 3116 4338; x_wconf 84' lang='lat' dir='ltr'><strong>est</strong></span> <span class='ocrx_word' id='word_1_662' title='bbox 3167 4290 3405 4345; x_wconf 69' lang='lat' dir='ltr'><strong>naturae,</strong></span> <span class='ocrx_word' id='word_1_663' title='bbox 3437 4292 3492 4335; x_wconf 83' lang='lat' dir='ltr'><strong>et</strong></span> 
     </span>
    </p>
   </div>
   <div class='ocr_carea' id='block_1_88' title="bbox 1919 4375 3490 4449">
    <p class='ocr_par' dir='ltr' id='par_1_88' title="bbox 1919 4375 3490 4449">
     <span class='ocr_line' id='line_1_88' title="bbox 1919 4375 3490 4449; baseline -0.004 -16"><span class='ocrx_word' id='word_1_664' title='bbox 1919 4380 2155 4433; x_wconf 91' lang='lat' dir='ltr'><strong>scintilla</strong></span> <span class='ocrx_word' id='word_1_665' title='bbox 2187 4389 2399 4434; x_wconf 84' lang='lat' dir='ltr'><strong>servata</strong></span> <span class='ocrx_word' id='word_1_666' title='bbox 2431 4380 2615 4449; x_wconf 79' lang='lat' dir='ltr'><strong>generi</strong></span> <span class='ocrx_word' id='word_1_667' title='bbox 2650 4379 2691 4430; x_wconf 76' lang='grc' dir='ltr'><strong>ί.</strong></span> <span class='ocrx_word' id='word_1_668' title='bbox 2719 4375 2809 4431; x_wconf 89' lang='lat' dir='ltr'><strong>Sic</strong></span> <span class='ocrx_word' id='word_1_669' title='bbox 2837 4375 3234 4431; x_wconf 80' lang='lat' dir='ltr'><strong>Melchisedech</strong></span> <span class='ocrx_word' id='word_1_670' title='bbox 3262 4388 3490 4443; x_wconf 85' lang='lat' dir='ltr'><strong>magnus</strong></span> 
     </span>
    </p>
   </div>
   <div class='ocr_carea' id='block_1_89' title="bbox 1923 4466 3488 4540">
    <p class='ocr_par' dir='ltr' id='par_1_89' title="bbox 1923 4466 3488 4540">
     <span class='ocr_line' id='line_1_89' title="bbox 1923 4466 3488 4540; baseline -0.004 -17"><span class='ocrx_word' id='word_1_671' title='bbox 1923 4470 2201 4540; x_wconf 78' lang='lat' dir='ltr'><strong>pontifex,</strong></span> <span class='ocrx_word' id='word_1_672' title='bbox 2263 4471 2405 4524; x_wconf 87' lang='lat' dir='ltr'><strong>idola</strong></span> <span class='ocrx_word' id='word_1_673' title='bbox 2464 4469 2761 4523; x_wconf 87' lang='lat' dir='ltr'><strong>colentium</strong></span> <span class='ocrx_word' id='word_1_674' title='bbox 2815 4468 3108 4521; x_wconf 86' lang='lat' dir='ltr'><strong>amentiam</strong></span> <span class='ocrx_word' id='word_1_675' title='bbox 3169 4466 3488 4525; x_wconf 86' lang='lat' dir='ltr'><strong>detestans.</strong></span> 
     </span>
    </p>
   </div>
   <div class='ocr_carea' id='block_1_90' title="bbox 243 4545 1809 4646">
    <p class='ocr_par' dir='ltr' id='par_1_90' title="bbox 243 4545 1809 4646">
     <span class='ocr_line' id='line_1_90' title="bbox 243 4545 1809 4646; baseline 0.008 -29"><span class='ocrx_word' id='word_1_676' title='bbox 243 4565 462 4635; x_wconf 82' lang='grc' dir='ltr'>έθηκεν.</span> <span class='ocrx_word' id='word_1_677' title='bbox 519 4562 595 4620; x_wconf 68' lang='lat' dir='ltr'><strong>Ub</strong></span> <span class='ocrx_word' id='word_1_678' title='bbox 643 4568 823 4637; x_wconf 80' lang='grc' dir='ltr'>χάριν,</span> <span class='ocrx_word' id='word_1_679' title='bbox 856 4570 947 4622; x_wconf 83' lang='grc' dir='ltr'>τὸν</span> <span class='ocrx_word' id='word_1_680' title='bbox 979 4545 1151 4639; x_wconf 81' lang='grc' dir='ltr'>μέγαν</span> <span class='ocrx_word' id='word_1_681' title='bbox 1174 4574 1378 4626; x_wconf 78' lang='grc' dir='ltr'>ἐκεῖνον</span> <span class='ocrx_word' id='word_1_682' title='bbox 1405 4545 1595 4644; x_wconf 74' lang='grc' dir='ltr'>μισθὸν</span> <span class='ocrx_word' id='word_1_683' title='bbox 1625 4545 1809 4646; x_wconf 72' lang='grc' dir='ltr'>έκομί·</span> 
     </span>
    </p>
   </div>
   <div class='ocr_carea' id='block_1_91' title="bbox 1860 4545 3491 4646">
    <p class='ocr_par' dir='ltr' id='par_1_91' title="bbox 1860 4545 3491 4616">
     <span class='ocr_line' id='line_1_91' title="bbox 1860 4545 3491 4616; baseline -0.004 -2"><span class='ocrx_word' id='word_1_684' title='bbox 1860 4545 2300 4616; x_wconf 79' lang='lat' dir='ltr'><strong>Duniversorum</strong></span> <span class='ocrx_word' id='word_1_685' title='bbox 2358 4560 2608 4615; x_wconf 87' lang='lat' dir='ltr'><strong>Creatori</strong></span> <span class='ocrx_word' id='word_1_686' title='bbox 2666 4561 3037 4615; x_wconf 86' lang='lat' dir='ltr'><strong>sacerdotium</strong></span> <span class='ocrx_word' id='word_1_687' title='bbox 3097 4572 3257 4613; x_wconf 89' lang='lat' dir='ltr'><strong>suum</strong></span> <span class='ocrx_word' id='word_1_688' title='bbox 3336 4557 3491 4611; x_wconf 84' lang='lat' dir='ltr'><strong>dedi-</strong></span> 
     </span>
    </p>
   </div>
   <div class='ocr_carea' id='block_1_92' title="bbox 246 4655 1817 4736">
    <p class='ocr_par' dir='ltr' id='par_1_92' title="bbox 246 4655 1817 4736">
     <span class='ocr_line' id='line_1_92' title="bbox 246 4655 1817 4736; baseline 0.008 -29"><span class='ocrx_word' id='word_1_689' title='bbox 246 4672 398 4719; x_wconf 88' lang='grc' dir='ltr'>σατο,</span> <span class='ocrx_word' id='word_1_690' title='bbox 425 4655 594 4720; x_wconf 87' lang='grc' dir='ltr'>τύπος</span> <span class='ocrx_word' id='word_1_691' title='bbox 627 4661 913 4728; x_wconf 87' lang='grc' dir='ltr'>γενόμενος</span> <span class='ocrx_word' id='word_1_692' title='bbox 949 4662 1043 4714; x_wconf 60' lang='grc' dir='ltr'><strong>καλ¹</strong></span> <span class='ocrx_word' id='word_1_693' title='bbox 1078 4663 1205 4716; x_wconf 88' lang='grc' dir='ltr'><strong>σκιά</strong></span> <span class='ocrx_word' id='word_1_694' title='bbox 1249 4663 1343 4717; x_wconf 89' lang='grc' dir='ltr'><strong>τοῦ</strong></span> <span class='ocrx_word' id='word_1_695' title='bbox 1384 4664 1525 4717; x_wconf 68' lang='grc' dir='ltr'>κατὰ</span> <span class='ocrx_word' id='word_1_696' title='bbox 1560 4666 1817 4736; x_wconf 84' lang='grc' dir='ltr'>ἀλήθειαν</span> 
     </span>
    </p>
   </div>
   <div class='ocr_carea' id='block_1_93' title="bbox 242 4747 1815 4827">
    <p class='ocr_par' dir='ltr' id='par_1_93' title="bbox 242 4747 1815 4827">
     <span class='ocr_line' id='line_1_93' title="bbox 242 4747 1815 4827; baseline 0.008 -29"><span class='ocrx_word' id='word_1_697' title='bbox 242 4747 535 4817; x_wconf 79' lang='grc' dir='ltr'>ἁπάτορος,</span> <span class='ocrx_word' id='word_1_698' title='bbox 572 4750 664 4801; x_wconf 77' lang='grc' dir='ltr'>καὶ</span> <span class='ocrx_word' id='word_1_699' title='bbox 701 4750 995 4820; x_wconf 76' lang='grc' dir='ltr'>ἀμήτορος,</span> <span class='ocrx_word' id='word_1_700' title='bbox 1040 4753 1131 4804; x_wconf 76' lang='grc' dir='ltr'>καὶ</span> <span class='ocrx_word' id='word_1_701' title='bbox 1164 4753 1617 4825; x_wconf 84' lang='grc' dir='ltr'>άγενεαλογήτου,</span> <span class='ocrx_word' id='word_1_702' title='bbox 1678 4759 1815 4827; x_wconf 82' lang='grc' dir='ltr'>μήτε</span> 
     </span>
    </p>
   </div>
   <div class='ocr_carea' id='block_1_94' title="bbox 244 4840 1815 4920">
    <p class='ocr_par' dir='ltr' id='par_1_94' title="bbox 244 4840 1815 4920">
     <span class='ocr_line' id='line_1_94' title="bbox 244 4840 1815 4920; baseline 0.006 -28"><span class='ocrx_word' id='word_1_703' title='bbox 244 4840 421 4910; x_wconf 85' lang='grc' dir='ltr'>ἀρχὴν</span> <span class='ocrx_word' id='word_1_704' title='bbox 449 4840 693 4911; x_wconf 73' lang='grc' dir='ltr'>ἡμερῶν,</span> <span class='ocrx_word' id='word_1_705' title='bbox 733 4845 870 4911; x_wconf 78' lang='grc' dir='ltr'>μήτε</span> <span class='ocrx_word' id='word_1_706' title='bbox 897 4842 1042 4910; x_wconf 75' lang='grc' dir='ltr'>ζωῆς</span> <span class='ocrx_word' id='word_1_707' title='bbox 1068 4844 1214 4908; x_wconf 80' lang='grc' dir='ltr'>τέλος</span> <span class='ocrx_word' id='word_1_708' title='bbox 1240 4844 1473 4915; x_wconf 76' lang='grc' dir='ltr'>ἔχοντος.</span> <span class='ocrx_word' id='word_1_709' title='bbox 1521 4849 1677 4902; x_wconf 75' lang='grc' dir='ltr'>Ἀλλά</span> <span class='ocrx_word' id='word_1_710' title='bbox 1707 4850 1815 4920; x_wconf 78' lang='grc' dir='ltr'><strong>γάρ</strong></span> 
     </span>
    </p>
   </div>
   <div class='ocr_carea' id='block_1_95' title="bbox 244 4930 1811 5009">
    <p class='ocr_par' dir='ltr' id='par_1_95' title="bbox 244 4930 1811 5009">
     <span class='ocr_line' id='line_1_95' title="bbox 244 4930 1811 5009; baseline 0.008 -29"><span class='ocrx_word' id='word_1_711' title='bbox 244 4930 351 4997; x_wconf 83' lang='grc' dir='ltr'><strong>ὁδῷ</strong></span> <span class='ocrx_word' id='word_1_712' title='bbox 383 4930 613 4999; x_wconf 77' lang='grc' dir='ltr'>βαδίζων</span> <span class='ocrx_word' id='word_1_713' title='bbox 642 4934 671 4984; x_wconf 89' lang='grc' dir='ltr'><strong>ό</strong></span> <span class='ocrx_word' id='word_1_714' title='bbox 702 4933 879 5001; x_wconf 87' lang='grc' dir='ltr'>λόγος.</span> <span class='ocrx_word' id='word_1_715' title='bbox 914 4934 1048 5004; x_wconf 77' lang='grc' dir='ltr'>πρὸς</span> <span class='ocrx_word' id='word_1_716' title='bbox 1075 4936 1237 4989; x_wconf 76' lang='grc' dir='ltr'>αὐτὸν</span> <span class='ocrx_word' id='word_1_717' title='bbox 1266 4937 1511 5004; x_wconf 87' lang='grc' dir='ltr'>ἀφίκετο,</span> <span class='ocrx_word' id='word_1_718' title='bbox 1542 4941 1631 4993; x_wconf 70' lang='grc' dir='ltr'><strong>τὸν</strong></span> <span class='ocrx_word' id='word_1_719' title='bbox 1677 4959 1811 5009; x_wconf 84' lang='grc' dir='ltr'>χρη-</span> 
     </span>
    </p>
   </div>
   <div class='ocr_carea' id='block_1_96' title="bbox 249 5020 1816 5099">
    <p class='ocr_par' dir='ltr' id='par_1_96' title="bbox 249 5020 1816 5099">
     <span class='ocr_line' id='line_1_96' title="bbox 249 5020 1816 5099; baseline 0.01 -29"><span class='ocrx_word' id='word_1_720' title='bbox 249 5020 555 5087; x_wconf 86' lang='grc' dir='ltr'>ματίσαντα</span> <span class='ocrx_word' id='word_1_721' title='bbox 582 5022 675 5075; x_wconf 90' lang='grc' dir='ltr'><strong>τοῦ</strong></span> <span class='ocrx_word' id='word_1_722' title='bbox 702 5021 836 5075; x_wconf 88' lang='grc' dir='ltr'>Θεοῦ</span> <span class='ocrx_word' id='word_1_723' title='bbox 876 5024 1046 5090; x_wconf 85' lang='grc' dir='ltr'>φίλον,</span> <span class='ocrx_word' id='word_1_724' title='bbox 1087 5026 1179 5077; x_wconf 73' lang='grc' dir='ltr'><strong>τον</strong></span> <span class='ocrx_word' id='word_1_725' title='bbox 1229 5027 1471 5097; x_wconf 80' lang='grc' dir='ltr'>ἀκριδῶς</span> <span class='ocrx_word' id='word_1_726' title='bbox 1497 5030 1593 5099; x_wconf 78' lang='grc' dir='ltr'><strong>τῆς</strong></span> <span class='ocrx_word' id='word_1_727' title='bbox 1642 5032 1816 5099; x_wconf 83' lang='grc' dir='ltr'>φιλίας</span> 
     </span>
    </p>
   </div>
   <div class='ocr_carea' id='block_1_97' title="bbox 244 5110 1816 5194">
    <p class='ocr_par' dir='ltr' id='par_1_97' title="bbox 244 5110 1816 5194">
     <span class='ocr_line' id='line_1_97' title="bbox 244 5110 1816 5194; baseline 0.011 -34"><span class='ocrx_word' id='word_1_728' title='bbox 244 5110 373 5172; x_wconf 73' lang='grc' dir='ltr'>τοὺς</span> <span class='ocrx_word' id='word_1_729' title='bbox 405 5110 602 5175; x_wconf 82' lang='grc' dir='ltr'>νόμους</span> <span class='ocrx_word' id='word_1_730' title='bbox 630 5113 723 5165; x_wconf 80' lang='grc' dir='ltr'>καὶ</span> <span class='ocrx_word' id='word_1_731' title='bbox 768 5113 1078 5181; x_wconf 77' lang='grc' dir='ltr'>φυλάξαντα</span> <span class='ocrx_word' id='word_1_732' title='bbox 1122 5117 1215 5169; x_wconf 75' lang='grc' dir='ltr'>καὶ</span> <span class='ocrx_word' id='word_1_733' title='bbox 1259 5118 1563 5183; x_wconf 80' lang='grc' dir='ltr'>διδάξαντα.</span> <span class='ocrx_word' id='word_1_734' title='bbox 1592 5123 1688 5186; x_wconf 83' lang='grc' dir='ltr'><strong>Τίς</strong></span> <span class='ocrx_word' id='word_1_735' title='bbox 1709 5125 1816 5194; x_wconf 71' lang='grc' dir='ltr'><strong>γὰρ</strong></span> 
     </span>
    </p>
   </div>
   <div class='ocr_carea' id='block_1_98' title="bbox 245 5200 1816 5281">
    <p class='ocr_par' dir='ltr' id='par_1_98' title="bbox 245 5200 1816 5281">
     <span class='ocr_line' id='line_1_98' title="bbox 245 5200 1816 5281; baseline 0.011 -30"><span class='ocrx_word' id='word_1_736' title='bbox 245 5202 432 5267; x_wconf 80' lang='grc' dir='ltr'>αγνοεῐ</span> <span class='ocrx_word' id='word_1_737' title='bbox 458 5218 565 5253; x_wconf 89' lang='grc' dir='ltr'><strong>των</strong></span> <span class='ocrx_word' id='word_1_738' title='bbox 592 5200 734 5255; x_wconf 74' lang='grc' dir='ltr'>οὕτω</span> <span class='ocrx_word' id='word_1_739' title='bbox 767 5219 885 5265; x_wconf 84' lang='grc' dir='ltr'><strong>πως</strong></span> <span class='ocrx_word' id='word_1_740' title='bbox 917 5204 986 5257; x_wconf 86' lang='grc' dir='ltr'><strong>τά</strong></span> <span class='ocrx_word' id='word_1_741' title='bbox 1015 5205 1133 5258; x_wconf 81' lang='grc' dir='ltr'>θεία</span> <span class='ocrx_word' id='word_1_742' title='bbox 1170 5210 1634 5281; x_wconf 77' lang='grc' dir='ltr'>πεπαιδευμένων,</span> <span class='ocrx_word' id='word_1_743' title='bbox 1670 5216 1816 5278; x_wconf 80' lang='grc' dir='ltr'>ὅπως</span> 
     </span>
    </p>
   </div>
   <div class='ocr_carea' id='block_1_99' title="bbox 248 5292 1813 5370">
    <p class='ocr_par' dir='ltr' id='par_1_99' title="bbox 248 5292 1813 5370">
     <span class='ocr_line' id='line_1_99' title="bbox 248 5292 1813 5370; baseline 0.009 -29"><span class='ocrx_word' id='word_1_744' title='bbox 248 5292 560 5360; x_wconf 78' lang='grc' dir='ltr'>ὑπήκουσεν</span> <span class='ocrx_word' id='word_1_745' title='bbox 606 5292 853 5365; x_wconf 79' lang='grc' dir='ltr'>Ἀϐραάμ</span> <span class='ocrx_word' id='word_1_746' title='bbox 882 5294 910 5346; x_wconf 89' lang='lat'><strong>6</strong></span> <span class='ocrx_word' id='word_1_747' title='bbox 952 5294 1124 5363; x_wconf 81' lang='grc' dir='ltr'>μέγας</span> <span class='ocrx_word' id='word_1_748' title='bbox 1156 5300 1498 5370; x_wconf 84' lang='grc' dir='ltr'>πατριάρχης</span> <span class='ocrx_word' id='word_1_749' title='bbox 1526 5302 1813 5357; x_wconf 81' lang='grc' dir='ltr'>καλέσαντι</span> 
     </span>
    </p>
   </div>
   <div class='ocr_carea' id='block_1_100' title="bbox 247 5384 1818 5459">
    <p class='ocr_par' dir='ltr' id='par_1_100' title="bbox 247 5384 1818 5459">
     <span class='ocr_line' id='line_1_100' title="bbox 247 5384 1818 5459; baseline 0.008 -24"><span class='ocrx_word' id='word_1_750' title='bbox 247 5384 326 5454; x_wconf 85' lang='grc' dir='ltr'>τῷ</span> <span class='ocrx_word' id='word_1_751' title='bbox 350 5384 489 5453; x_wconf 83' lang='grc' dir='ltr'>Θεῷ,</span> <span class='ocrx_word' id='word_1_752' title='bbox 547 5386 694 5448; x_wconf 81' lang='grc' dir='ltr'>ὅπως</span> <span class='ocrx_word' id='word_1_753' title='bbox 727 5388 827 5458; x_wconf 72' lang='grc' dir='ltr'><strong>τήν</strong></span> <span class='ocrx_word' id='word_1_754' title='bbox 859 5390 1117 5459; x_wconf 84' lang='grc' dir='ltr'>πατρῴαν</span> <span class='ocrx_word' id='word_1_755' title='bbox 1162 5393 1445 5447; x_wconf 83' lang='grc' dir='ltr'>κατέλιπεν</span> <span class='ocrx_word' id='word_1_756' title='bbox 1496 5396 1695 5455; x_wconf 80' lang='grc' dir='ltr'>οἰκίαν,</span> <span class='ocrx_word' id='word_1_757' title='bbox 1723 5398 1818 5448; x_wconf 73' lang='grc' dir='ltr'>καὶ</span> 
     </span>
    </p>
   </div>
   <div class='ocr_carea' id='block_1_101' title="bbox 1914 4650 3491 4721">
    <p class='ocr_par' dir='ltr' id='par_1_101' title="bbox 1914 4650 3491 4721">
     <span class='ocr_line' id='line_1_101' title="bbox 1914 4650 3491 4721; baseline -0.003 -16"><span class='ocrx_word' id='word_1_758' title='bbox 1914 4654 2077 4712; x_wconf 85' lang='lat' dir='ltr'><strong>cavit,</strong></span> <span class='ocrx_word' id='word_1_759' title='bbox 2113 4652 2271 4720; x_wconf 86' lang='lat' dir='ltr'><strong>cujus</strong></span> <span class='ocrx_word' id='word_1_760' title='bbox 2326 4652 2496 4721; x_wconf 83' lang='lat' dir='ltr'><strong>gratia</strong></span> <span class='ocrx_word' id='word_1_761' title='bbox 2532 4668 2783 4721; x_wconf 72' lang='lat' dir='ltr'><strong>magnum</strong></span> <span class='ocrx_word' id='word_1_762' title='bbox 2817 4651 2947 4704; x_wconf 91' lang='lat' dir='ltr'><strong>illud</strong></span> <span class='ocrx_word' id='word_1_763' title='bbox 2980 4650 3262 4720; x_wconf 73' lang='lat' dir='ltr'><strong>praemium</strong></span> <span class='ocrx_word' id='word_1_764' title='bbox 3304 4662 3491 4717; x_wconf 84' lang='lat' dir='ltr'><strong>repor-</strong></span> 
     </span>
    </p>
   </div>
   <div class='ocr_carea' id='block_1_102' title="bbox 1916 4765 3491 4835">
    <p class='ocr_par' dir='ltr' id='par_1_102' title="bbox 1916 4765 3491 4835">
     <span class='ocr_line' id='line_1_102' title="bbox 1916 4765 3491 4835; baseline 0 -14"><span class='ocrx_word' id='word_1_765' title='bbox 1916 4769 2072 4827; x_wconf 84' lang='lat' dir='ltr'><strong>tavit.</strong></span> <span class='ocrx_word' id='word_1_766' title='bbox 2134 4773 2192 4819; x_wconf 90' lang='lat' dir='ltr'><strong>ut</strong></span> <span class='ocrx_word' id='word_1_767' title='bbox 2243 4766 2413 4834; x_wconf 82' lang='lat' dir='ltr'><strong>ﬁgura</strong></span> <span class='ocrx_word' id='word_1_768' title='bbox 2450 4781 2502 4819; x_wconf 87' lang='lat' dir='ltr'><strong>et</strong></span> <span class='ocrx_word' id='word_1_769' title='bbox 2533 4768 2725 4821; x_wconf 85' lang='lat' dir='ltr'><strong>umbra</strong></span> <span class='ocrx_word' id='word_1_770' title='bbox 2766 4767 2886 4833; x_wconf 85' lang='lat' dir='ltr'><strong>ejus</strong></span> <span class='ocrx_word' id='word_1_771' title='bbox 2917 4765 3087 4829; x_wconf 84' lang='lat' dir='ltr'><strong>ﬁeret,</strong></span> <span class='ocrx_word' id='word_1_772' title='bbox 3121 4767 3212 4835; x_wconf 87' lang='lat' dir='ltr'><strong>qui</strong></span> <span class='ocrx_word' id='word_1_773' title='bbox 3254 4784 3376 4821; x_wconf 82' lang='lat' dir='ltr'><strong>vere</strong></span> <span class='ocrx_word' id='word_1_774' title='bbox 3407 4779 3491 4821; x_wconf 85' lang='lat' dir='ltr'><strong>est</strong></span> 
     </span>
    </p>
   </div>
   <div class='ocr_carea' id='block_1_103' title="bbox 1922 4857 3491 4929">
    <p class='ocr_par' dir='ltr' id='par_1_103' title="bbox 1922 4857 3491 4929">
     <span class='ocr_line' id='line_1_103' title="bbox 1922 4857 3491 4929; baseline 0 -16"><span class='ocrx_word' id='word_1_775' title='bbox 1922 4861 2041 4913; x_wconf 87' lang='lat' dir='ltr'><strong>sine</strong></span> <span class='ocrx_word' id='word_1_776' title='bbox 2079 4857 2287 4928; x_wconf 80' lang='lat'><strong>1313</strong></span> <span class='ocrx_word' id='word_1_777' title='bbox 2320 4868 2490 4927; x_wconf 83' lang='lat' dir='ltr'><strong>patre.</strong></span> <span class='ocrx_word' id='word_1_778' title='bbox 2530 4872 2590 4909; x_wconf 87' lang='lat' dir='ltr'><strong>ac</strong></span> <span class='ocrx_word' id='word_1_779' title='bbox 2623 4859 2742 4913; x_wconf 85' lang='lat' dir='ltr'><strong>sine</strong></span> <span class='ocrx_word' id='word_1_780' title='bbox 2774 4868 2967 4921; x_wconf 88' lang='lat' dir='ltr'><strong>matre,</strong></span> <span class='ocrx_word' id='word_1_781' title='bbox 3001 4867 3054 4912; x_wconf 91' lang='lat' dir='ltr'><strong>et</strong></span> <span class='ocrx_word' id='word_1_782' title='bbox 3086 4860 3207 4913; x_wconf 89' lang='lat' dir='ltr'><strong>sine</strong></span> <span class='ocrx_word' id='word_1_783' title='bbox 3238 4861 3491 4929; x_wconf 82' lang='lat' dir='ltr'><strong>genealo-</strong></span> 
     </span>
    </p>
   </div>
   <div class='ocr_carea' id='block_1_104' title="bbox 1918 4948 3491 5019">
    <p class='ocr_par' dir='ltr' id='par_1_104' title="bbox 1918 4948 3491 5019">
     <span class='ocr_line' id='line_1_104' title="bbox 1918 4948 3491 5019; baseline 0.002 -19"><span class='ocrx_word' id='word_1_784' title='bbox 1918 4953 2026 5019; x_wconf 80' lang='lat' dir='ltr'><strong>gia,</strong></span> <span class='ocrx_word' id='word_1_785' title='bbox 2060 4964 2232 5016; x_wconf 81' lang='lat' dir='ltr'><strong>neque</strong></span> <span class='ocrx_word' id='word_1_786' title='bbox 2265 4949 2480 5001; x_wconf 89' lang='lat' dir='ltr'><strong>initiqu</strong></span> <span class='ocrx_word' id='word_1_787' title='bbox 2527 4948 2739 5002; x_wconf 89' lang='lat' dir='ltr'><strong>dierum</strong></span> <span class='ocrx_word' id='word_1_788' title='bbox 2765 4988 2779 5010; x_wconf 89' lang='lat'><strong>,</strong></span> <span class='ocrx_word' id='word_1_789' title='bbox 2816 4965 2989 5018; x_wconf 77' lang='lat' dir='ltr'><strong>neque</strong></span> <span class='ocrx_word' id='word_1_790' title='bbox 3028 4952 3151 5003; x_wconf 79' lang='lat' dir='ltr'><strong>vita:</strong></span> <span class='ocrx_word' id='word_1_791' title='bbox 3189 4950 3350 5005; x_wconf 82' lang='lat' dir='ltr'><strong>linem</strong></span> <span class='ocrx_word' id='word_1_792' title='bbox 3394 4950 3491 5003; x_wconf 82' lang='lat' dir='ltr'><strong>lia-</strong></span> 
     </span>
    </p>
   </div>
   <div class='ocr_carea' id='block_1_105' title="bbox 1924 5038 3488 5107">
    <p class='ocr_par' dir='ltr' id='par_1_105' title="bbox 1924 5038 3488 5107">
     <span class='ocr_line' id='line_1_105' title="bbox 1924 5038 3488 5107; baseline 0.002 -17"><span class='ocrx_word' id='word_1_793' title='bbox 1924 5041 2059 5095; x_wconf 73' lang='lat' dir='ltr'><strong>bons</strong></span> <span class='ocrx_word' id='word_1_794' title='bbox 2094 5038 2135 5089; x_wconf 90' lang='lat' dir='ltr'><strong>i.</strong></span> <span class='ocrx_word' id='word_1_795' title='bbox 2172 5040 2237 5091; x_wconf 85' lang='lat' dir='ltr'><strong>At</strong></span> <span class='ocrx_word' id='word_1_796' title='bbox 2267 5040 2413 5092; x_wconf 90' lang='lat' dir='ltr'><strong>enim</strong></span> <span class='ocrx_word' id='word_1_797' title='bbox 2446 5038 2638 5093; x_wconf 90' lang='lat' dir='ltr'><strong>ordine</strong></span> <span class='ocrx_word' id='word_1_798' title='bbox 2667 5038 2970 5107; x_wconf 89' lang='lat' dir='ltr'><strong>procedens</strong></span> <span class='ocrx_word' id='word_1_799' title='bbox 3004 5039 3180 5093; x_wconf 91' lang='lat' dir='ltr'><strong>oratio</strong></span> <span class='ocrx_word' id='word_1_800' title='bbox 3230 5041 3296 5094; x_wconf 88' lang='lat' dir='ltr'><strong>ad</strong></span> <span class='ocrx_word' id='word_1_801' title='bbox 3339 5042 3488 5094; x_wconf 90' lang='lat' dir='ltr'><strong>illum</strong></span> 
     </span>
    </p>
   </div>
   <div class='ocr_carea' id='block_1_106' title="bbox 1925 5129 3491 5201">
    <p class='ocr_par' dir='ltr' id='par_1_106' title="bbox 1925 5129 3491 5201">
     <span class='ocr_line' id='line_1_106' title="bbox 1925 5129 3491 5201; baseline 0.001 -17"><span class='ocrx_word' id='word_1_802' title='bbox 1925 5132 2191 5200; x_wconf 77' lang='lat' dir='ltr'><strong>pervenit,</strong></span> <span class='ocrx_word' id='word_1_803' title='bbox 2239 5129 2331 5197; x_wconf 92' lang='lat' dir='ltr'><strong>qui</strong></span> <span class='ocrx_word' id='word_1_804' title='bbox 2368 5129 2461 5183; x_wconf 82' lang='lat' dir='ltr'><strong>Dei</strong></span> <span class='ocrx_word' id='word_1_805' title='bbox 2510 5130 2723 5185; x_wconf 89' lang='lat' dir='ltr'><strong>amicus</strong></span> <span class='ocrx_word' id='word_1_806' title='bbox 2756 5143 3107 5201; x_wconf 90' lang='lat' dir='ltr'><strong>nuncupatus</strong></span> <span class='ocrx_word' id='word_1_807' title='bbox 3137 5140 3253 5193; x_wconf 89' lang='lat' dir='ltr'><strong>est,</strong></span> <span class='ocrx_word' id='word_1_808' title='bbox 3283 5132 3374 5201; x_wconf 90' lang='lat' dir='ltr'><strong>qui</strong></span> <span class='ocrx_word' id='word_1_809' title='bbox 3416 5132 3491 5186; x_wconf 85' lang='lat' dir='ltr'><strong>lc-</strong></span> 
     </span>
    </p>
   </div>
   <div class='ocr_carea' id='block_1_107' title="bbox 1923 5220 3491 5290">
    <p class='ocr_par' dir='ltr' id='par_1_107' title="bbox 1923 5220 3491 5290">
     <span class='ocr_line' id='line_1_107' title="bbox 1923 5220 3491 5290; baseline 0 -15"><span class='ocrx_word' id='word_1_810' title='bbox 1923 5238 2017 5290; x_wconf 83' lang='lat' dir='ltr'><strong>ges</strong></span> <span class='ocrx_word' id='word_1_811' title='bbox 2069 5220 2324 5274; x_wconf 70' lang='lat' dir='ltr'><strong>amicitiae</strong></span> <span class='ocrx_word' id='word_1_812' title='bbox 2378 5227 2636 5274; x_wconf 88' lang='lat' dir='ltr'><strong>accurate</strong></span> <span class='ocrx_word' id='word_1_813' title='bbox 2694 5221 2930 5275; x_wconf 90' lang='lat' dir='ltr'><strong>servavit</strong></span> <span class='ocrx_word' id='word_1_814' title='bbox 2982 5230 3034 5274; x_wconf 77' lang='lat' dir='ltr'><strong>et</strong></span> <span class='ocrx_word' id='word_1_815' title='bbox 3094 5221 3300 5276; x_wconf 84' lang='lat' dir='ltr'><strong>docuit.</strong></span> <span class='ocrx_word' id='word_1_816' title='bbox 3353 5222 3491 5288; x_wconf 86' lang='lat' dir='ltr'><strong>Quis</strong></span> 
     </span>
    </p>
   </div>
   <div class='ocr_carea' id='block_1_108' title="bbox 1921 5309 3487 5380">
    <p class='ocr_par' dir='ltr' id='par_1_108' title="bbox 1921 5309 3487 5380">
     <span class='ocr_line' id='line_1_108' title="bbox 1921 5309 3487 5380; baseline 0 -14"><span class='ocrx_word' id='word_1_817' title='bbox 1921 5314 2066 5366; x_wconf 88' lang='lat' dir='ltr'><strong>enim</strong></span> <span class='ocrx_word' id='word_1_818' title='bbox 2114 5312 2461 5380; x_wconf 85' lang='lat' dir='ltr'><strong>eorum.qui</strong></span> <span class='ocrx_word' id='word_1_819' title='bbox 2510 5311 2563 5363; x_wconf 92' lang='lat' dir='ltr'><strong>in</strong></span> <span class='ocrx_word' id='word_1_820' title='bbox 2616 5309 2819 5365; x_wconf 88' lang='lat' dir='ltr'><strong>divinis</strong></span> <span class='ocrx_word' id='word_1_821' title='bbox 2867 5312 3254 5380; x_wconf 84' lang='lat' dir='ltr'><strong>quoquomndo</strong></span> <span class='ocrx_word' id='word_1_822' title='bbox 3290 5314 3487 5367; x_wconf 82' lang='lat' dir='ltr'><strong>versati</strong></span> 
     </span>
    </p>
   </div>
   <div class='ocr_carea' id='block_1_109' title="bbox 1919 5402 3491 5472">
    <p class='ocr_par' dir='ltr' id='par_1_109' title="bbox 1919 5402 3491 5472">
     <span class='ocr_line' id='line_1_109' title="bbox 1919 5402 3491 5472; baseline 0 -17"><span class='ocrx_word' id='word_1_823' title='bbox 1919 5413 2069 5465; x_wconf 79' lang='lat' dir='ltr'><strong>sunt.</strong></span> <span class='ocrx_word' id='word_1_824' title='bbox 2103 5403 2338 5472; x_wconf 87' lang='lat' dir='ltr'><strong>ignorat,</strong></span> <span class='ocrx_word' id='word_1_825' title='bbox 2365 5402 2641 5470; x_wconf 91' lang='lat' dir='ltr'><strong>quomodo</strong></span> <span class='ocrx_word' id='word_1_826' title='bbox 2668 5402 2882 5455; x_wconf 85' lang='lat' dir='ltr'><strong>voeanti</strong></span> <span class='ocrx_word' id='word_1_827' title='bbox 2910 5403 3018 5455; x_wconf 86' lang='lat' dir='ltr'><strong>Deu</strong></span> <span class='ocrx_word' id='word_1_828' title='bbox 3041 5404 3285 5472; x_wconf 88' lang='lat' dir='ltr'><strong>paruerit</strong></span> <span class='ocrx_word' id='word_1_829' title='bbox 3316 5405 3491 5456; x_wconf 82' lang='lat' dir='ltr'><strong>Abra-</strong></span> 
     </span>
    </p>
   </div>
   <div class='ocr_carea' id='block_1_110' title="bbox 252 5476 1809 5562">
    <p class='ocr_par' dir='ltr' id='par_1_110' title="bbox 252 5476 1809 5558">
     <span class='ocr_line' id='line_1_110' title="bbox 252 5476 1809 5558; baseline 0.007 -30"><span class='ocrx_word' id='word_1_830' title='bbox 252 5476 347 5546; x_wconf 72' lang='grc' dir='ltr'>τῆς</span> <span class='ocrx_word' id='word_1_831' title='bbox 373 5477 629 5548; x_wconf 82' lang='grc' dir='ltr'>πατρίδος</span> <span class='ocrx_word' id='word_1_832' title='bbox 661 5478 757 5549; x_wconf 73' lang='grc' dir='ltr'>τὴν</span> <span class='ocrx_word' id='word_1_833' title='bbox 782 5481 937 5549; x_wconf 81' lang='grc' dir='ltr'>ξένην</span> <span class='ocrx_word' id='word_1_834' title='bbox 967 5483 1278 5549; x_wconf 75' lang='grc' dir='ltr'>προείλετος</span> <span class='ocrx_word' id='word_1_835' title='bbox 1313 5486 1603 5558; x_wconf 78' lang='grc' dir='ltr'>ἐπειδήπερ</span> <span class='ocrx_word' id='word_1_836' title='bbox 1674 5489 1809 5552; x_wconf 70' lang='grc' dir='ltr'>ἅπαξ</span> 
     </span>
    </p>
   </div>
   <div class='ocr_carea' id='block_1_111' title="bbox 1860 5476 3486 5562">
    <p class='ocr_par' dir='ltr' id='par_1_111' title="bbox 1912 5492 3486 5562">
     <span class='ocr_line' id='line_1_111' title="bbox 1912 5492 3486 5562; baseline -0.001 -15"><span class='ocrx_word' id='word_1_837' title='bbox 1912 5496 2034 5548; x_wconf 84' lang='lat' dir='ltr'><strong>liam</strong></span> <span class='ocrx_word' id='word_1_838' title='bbox 2070 5496 2118 5559; x_wconf 68' lang='grc' dir='ltr'>ι,</span> <span class='ocrx_word' id='word_1_839' title='bbox 2149 5509 2373 5562; x_wconf 77' lang='lat' dir='ltr'><strong>magnus</strong></span> <span class='ocrx_word' id='word_1_840' title='bbox 2405 5493 2491 5546; x_wconf 83' lang='lat' dir='ltr'><strong>ille.</strong></span> <span class='ocrx_word' id='word_1_841' title='bbox 2540 5492 2883 5561; x_wconf 79' lang='lat' dir='ltr'><strong>patriarcha?</strong></span> <span class='ocrx_word' id='word_1_842' title='bbox 2928 5492 3203 5561; x_wconf 81' lang='lat' dir='ltr'><strong>qttomudu</strong></span> <span class='ocrx_word' id='word_1_843' title='bbox 3267 5493 3486 5549; x_wconf 81' lang='lat' dir='ltr'><strong>domum</strong></span> 
     </span>
    </p>
   </div>
   <div class='ocr_carea' id='block_1_112' title="bbox 321 5674 1684 5743">
    <p class='ocr_par' dir='ltr' id='par_1_112' title="bbox 321 5674 1684 5743">
     <span class='ocr_line' id='line_1_112' title="bbox 321 5674 1684 5743; baseline 0.008 -15"><span class='ocrx_word' id='word_1_844' title='bbox 321 5686 345 5716; x_wconf 78' lang='grc' dir='ltr'><strong>ο</strong></span> <span class='ocrx_word' id='word_1_845' title='bbox 383 5676 398 5729; x_wconf 93' lang='lat' dir='ltr'><strong>I</strong></span> <span class='ocrx_word' id='word_1_846' title='bbox 432 5674 571 5731; x_wconf 84' lang='lat' dir='ltr'><strong>Tim.</strong></span> <span class='ocrx_word' id='word_1_847' title='bbox 606 5693 647 5738; x_wconf 86' lang='lat' dir='ltr'><strong>i.</strong></span> <span class='ocrx_word' id='word_1_848' title='bbox 682 5678 766 5734; x_wconf 81' lang='lat' dir='ltr'><strong>l7.</strong></span> <span class='ocrx_word' id='word_1_849' title='bbox 828 5741 835 5743; x_wconf 94' lang='lat'>_</span> <span class='ocrx_word' id='word_1_850' title='bbox 874 5678 899 5717; x_wconf 75' lang='grc' dir='ltr'><strong><em>ἀ</em></strong></span> <span class='ocrx_word' id='word_1_851' title='bbox 938 5677 1095 5735; x_wconf 85' lang='lat' dir='ltr'><strong>lCor.</strong></span> <span class='ocrx_word' id='word_1_852' title='bbox 1135 5697 1173 5743; x_wconf 93' lang='lat' dir='ltr'><strong>l,</strong></span> <span class='ocrx_word' id='word_1_853' title='bbox 1213 5681 1303 5736; x_wconf 66' lang='lat'><strong>9.4.</strong></span> <span class='ocrx_word' id='word_1_854' title='bbox 1383 5694 1403 5722; x_wconf 75' lang='grc' dir='ltr'><strong>ε</strong></span> <span class='ocrx_word' id='word_1_855' title='bbox 1436 5684 1564 5739; x_wconf 87' lang='lat' dir='ltr'><strong>ibid.</strong></span> <span class='ocrx_word' id='word_1_856' title='bbox 1595 5687 1684 5741; x_wconf 76' lang='lat'><strong>30.</strong></span> 
     </span>
    </p>
   </div>
   <div class='ocr_carea' id='block_1_113' title="bbox 252 5741 1679 5883">
    <p class='ocr_par' dir='ltr' id='par_1_113' title="bbox 252 5741 1679 5883">
     <span class='ocr_line' id='line_1_113' title="bbox 254 5741 1679 5818; baseline 0.006 -18"><span class='ocrx_word' id='word_1_857' title='bbox 254 5746 278 5783; x_wconf 84' lang='lat'>&quot;</span> <span class='ocrx_word' id='word_1_858' title='bbox 308 5744 446 5801; x_wconf 76' lang='lat' dir='ltr'><strong>Gi-n.</strong></span> <span class='ocrx_word' id='word_1_859' title='bbox 482 5762 537 5808; x_wconf 77' lang='grc' dir='ltr'><strong>ν,</strong></span> <span class='ocrx_word' id='word_1_860' title='bbox 567 5748 656 5811; x_wconf 73' lang='lat'><strong>25,</strong></span> <span class='ocrx_word' id='word_1_861' title='bbox 689 5746 789 5810; x_wconf 55' lang='grc' dir='ltr'><strong>θός</strong></span> <span class='ocrx_word' id='word_1_862' title='bbox 822 5741 990 5803; x_wconf 78' lang='lat' dir='ltr'><strong>Eceli.</strong></span> <span class='ocrx_word' id='word_1_863' title='bbox 1020 5741 1168 5813; x_wconf 72' lang='grc' dir='ltr'>κων,</span> <span class='ocrx_word' id='word_1_864' title='bbox 1192 5752 1257 5806; x_wconf 86' lang='lat' dir='ltr'><strong><em>l6</em></strong></span> <span class='ocrx_word' id='word_1_865' title='bbox 1282 5769 1296 5816; x_wconf 84' lang='lat'><strong>;</strong></span> <span class='ocrx_word' id='word_1_866' title='bbox 1323 5753 1489 5808; x_wconf 82' lang='lat' dir='ltr'><strong>Hebr.</strong></span> <span class='ocrx_word' id='word_1_867' title='bbox 1516 5772 1591 5818; x_wconf 68' lang='grc' dir='ltr'>χι,</span> <span class='ocrx_word' id='word_1_868' title='bbox 1627 5756 1679 5809; x_wconf 76' lang='lat'><strong>5.</strong></span> 
     </span>
     <span class='ocr_line' id='line_1_114' title="bbox 252 5816 1675 5883; baseline 0.008 -14"><span class='ocrx_word' id='word_1_869' title='bbox 252 5829 346 5883; x_wconf 83' lang='lat' dir='ltr'><strong>vn,</strong></span> <span class='ocrx_word' id='word_1_870' title='bbox 377 5817 432 5873; x_wconf 67' lang='grc' dir='ltr'>ὅ.</span> <span class='ocrx_word' id='word_1_871' title='bbox 511 5817 532 5854; x_wconf 78' lang='grc' dir='ltr'>¹ι</span> <span class='ocrx_word' id='word_1_872' title='bbox 574 5816 709 5874; x_wconf 79' lang='lat' dir='ltr'><strong>Gen.</strong></span> <span class='ocrx_word' id='word_1_873' title='bbox 760 5834 850 5881; x_wconf 72' lang='lat' dir='ltr'><strong>Ml,</strong></span> <span class='ocrx_word' id='word_1_874' title='bbox 881 5827 935 5870; x_wconf 86' lang='lat' dir='ltr'><strong>et</strong></span> <span class='ocrx_word' id='word_1_875' title='bbox 989 5837 1089 5883; x_wconf 82' lang='lat' dir='ltr'><strong>xv;</strong></span> <span class='ocrx_word' id='word_1_876' title='bbox 1135 5820 1295 5875; x_wconf 83' lang='lat' dir='ltr'><strong>Hebr.</strong></span> <span class='ocrx_word' id='word_1_877' title='bbox 1332 5839 1383 5874; x_wconf 75' lang='lat' dir='ltr'><strong>xu</strong></span> <span class='ocrx_word' id='word_1_878' title='bbox 1412 5841 1424 5883; x_wconf 91' lang='lat'><strong>;</strong></span> <span class='ocrx_word' id='word_1_879' title='bbox 1458 5822 1629 5880; x_wconf 83' lang='lat' dir='ltr'><strong>Galat.</strong></span> <span class='ocrx_word' id='word_1_880' title='bbox 1663 5844 1675 5881; x_wconf 89' lang='lat' dir='ltr'><strong>t</strong></span> 
     </span>
    </p>
   </div>
   <div class='ocr_carea' id='block_1_114' title="bbox 571 5911 1356 5975">
    <p class='ocr_par' dir='ltr' id='par_1_114' title="bbox 571 5911 1356 5975">
     <span class='ocr_line' id='line_1_115' title="bbox 571 5911 1356 5975; baseline 0.01 -8"><span class='ocrx_word' id='word_1_881' title='bbox 571 5911 809 5971; x_wconf 62' lang='lat' dir='ltr'><strong>Partim</strong></span> <span class='ocrx_word' id='word_1_882' title='bbox 890 5911 1003 5973; x_wconf 76' lang='lat' dir='ltr'><strong>GR.</strong></span> <span class='ocrx_word' id='word_1_883' title='bbox 1057 5913 1155 5972; x_wconf 70' lang='lat' dir='ltr'><strong>LX</strong></span> <span class='ocrx_word' id='word_1_884' title='bbox 1170 5914 1356 5975; x_wconf 71' lang='lat' dir='ltr'><strong>XXII.</strong></span> 
     </span>
    </p>
   </div>
   <div class='ocr_carea' id='block_1_115' title="bbox 1768 5687 2304 5760">
    <p class='ocr_par' dir='ltr' id='par_1_115' title="bbox 1768 5687 2304 5760">
     <span class='ocr_line' id='line_1_116' title="bbox 1768 5687 2304 5760; baseline 0.004 -19"><span class='ocrx_word' id='word_1_885' title='bbox 1768 5687 1785 5725; x_wconf 70' lang='grc' dir='ltr'><strong>ί</strong></span> <span class='ocrx_word' id='word_1_886' title='bbox 1820 5687 1955 5760; x_wconf 64' lang='lat' dir='ltr'><strong>Gen.</strong></span> <span class='ocrx_word' id='word_1_887' title='bbox 1985 5705 2064 5747; x_wconf 87' lang='lat' dir='ltr'><strong>Ill.</strong></span> <span class='ocrx_word' id='word_1_888' title='bbox 2098 5692 2114 5744; x_wconf 80' lang='grc' dir='ltr'><strong>Ι</strong></span> <span class='ocrx_word' id='word_1_889' title='bbox 2153 5705 2304 5760; x_wconf 83' lang='lat' dir='ltr'><strong>seqq.</strong></span> 
     </span>
    </p>
   </div>
   <div class='ocr_carea' id='block_1_116' title="bbox 1764 5756 2614 5822">
    <p class='ocr_par' dir='ltr' id='par_1_116' title="bbox 1764 5756 2614 5822">
     <span class='ocr_line' id='line_1_117' title="bbox 1764 5756 2614 5822; baseline 0.007 -11"><span class='ocrx_word' id='word_1_890' title='bbox 1764 5770 1776 5796; x_wconf 84' lang='grc'>¹</span> <span class='ocrx_word' id='word_1_891' title='bbox 1816 5756 1951 5813; x_wconf 83' lang='lat' dir='ltr'><strong>Gen.</strong></span> <span class='ocrx_word' id='word_1_892' title='bbox 1992 5776 2061 5820; x_wconf 85' lang='lat' dir='ltr'><strong>vi,</strong></span> <span class='ocrx_word' id='word_1_893' title='bbox 2101 5777 2193 5819; x_wconf 67' lang='grc' dir='ltr'>ιιι,</span> <span class='ocrx_word' id='word_1_894' title='bbox 2230 5756 2365 5822; x_wconf 67' lang='lat' dir='ltr'><strong>vni,</strong></span> <span class='ocrx_word' id='word_1_895' title='bbox 2404 5777 2450 5814; x_wconf 74' lang='lat' dir='ltr'><strong>ix</strong></span> <span class='ocrx_word' id='word_1_896' title='bbox 2486 5769 2614 5817; x_wconf 75' lang='lat' dir='ltr'><strong>etx.</strong></span> 
     </span>
    </p>
   </div>
   <div class='ocr_carea' id='block_1_117' title="bbox 511 5816 1992 5891">
    <p class='ocr_par' dir='ltr' id='par_1_117' title="bbox 511 5816 1992 5891">
     <span class='ocr_line' id='line_1_118' title="bbox 511 5816 1992 5891; baseline 0.009 -23"><span class='ocrx_word' id='word_1_897' title='bbox 511 5817 532 5854; x_wconf 80' lang='grc' dir='ltr'>ιι</span> <span class='ocrx_word' id='word_1_898' title='bbox 574 5816 709 5874; x_wconf 80' lang='lat' dir='ltr'><strong>Gen.</strong></span> <span class='ocrx_word' id='word_1_899' title='bbox 760 5834 850 5881; x_wconf 75' lang='lat' dir='ltr'><strong>Ml,</strong></span> <span class='ocrx_word' id='word_1_900' title='bbox 881 5827 935 5870; x_wconf 90' lang='lat' dir='ltr'><strong>et</strong></span> <span class='ocrx_word' id='word_1_901' title='bbox 989 5837 1089 5884; x_wconf 83' lang='lat' dir='ltr'><strong>xv;</strong></span> <span class='ocrx_word' id='word_1_902' title='bbox 1135 5820 1295 5875; x_wconf 84' lang='lat' dir='ltr'><strong>Hebr.</strong></span> <span class='ocrx_word' id='word_1_903' title='bbox 1332 5839 1383 5874; x_wconf 75' lang='lat' dir='ltr'><strong>xu</strong></span> <span class='ocrx_word' id='word_1_904' title='bbox 1412 5841 1424 5889; x_wconf 91' lang='lat'><strong>;</strong></span> <span class='ocrx_word' id='word_1_905' title='bbox 1458 5816 1629 5880; x_wconf 82' lang='lat' dir='ltr'><strong>Galat.</strong></span> <span class='ocrx_word' id='word_1_906' title='bbox 1663 5844 1753 5891; x_wconf 73' lang='lat' dir='ltr'><strong>Ili;</strong></span> <span class='ocrx_word' id='word_1_907' title='bbox 1786 5828 1904 5882; x_wconf 76' lang='lat' dir='ltr'><strong>Act.</strong></span> <span class='ocrx_word' id='word_1_908' title='bbox 1943 5828 1992 5881; x_wconf 77' lang='lat'><strong>7.</strong></span> 
     </span>
    </p>
   </div>
   <div class='ocr_carea' id='block_1_118' title="bbox 2425 5687 3418 5758">
    <p class='ocr_par' dir='ltr' id='par_1_118' title="bbox 2425 5687 3418 5758">
     <span class='ocr_line' id='line_1_119' title="bbox 2425 5687 3418 5758; baseline 0.005 -15"><span class='ocrx_word' id='word_1_909' title='bbox 2425 5692 2448 5729; x_wconf 74' lang='grc' dir='ltr'>ε</span> <span class='ocrx_word' id='word_1_910' title='bbox 2478 5688 2614 5745; x_wconf 84' lang='lat' dir='ltr'><strong>Gen.</strong></span> <span class='ocrx_word' id='word_1_911' title='bbox 2662 5706 2733 5749; x_wconf 80' lang='lat' dir='ltr'><strong>iv.</strong></span> <span class='ocrx_word' id='word_1_912' title='bbox 2769 5692 2801 5745; x_wconf 80' lang='lat'><strong>3</strong></span> <span class='ocrx_word' id='word_1_913' title='bbox 2833 5704 3009 5758; x_wconf 83' lang='lat' dir='ltr'><strong>seqq.;</strong></span> <span class='ocrx_word' id='word_1_914' title='bbox 3059 5687 3220 5744; x_wconf 82' lang='lat' dir='ltr'><strong>Hebr.</strong></span> <span class='ocrx_word' id='word_1_915' title='bbox 3264 5708 3339 5754; x_wconf 77' lang='lat' dir='ltr'><strong>xi,</strong></span> <span class='ocrx_word' id='word_1_916' title='bbox 3365 5693 3418 5748; x_wconf 73' lang='grc' dir='ltr'><strong>ι.</strong></span> 
     </span>
    </p>
   </div>
   <div class='ocr_carea' id='block_1_119' title="bbox 2715 5760 3486 5825">
    <p class='ocr_par' dir='ltr' id='par_1_119' title="bbox 2715 5760 3486 5825">
     <span class='ocr_line' id='line_1_120' title="bbox 2715 5760 3486 5825; baseline 0.006 -16"><span class='ocrx_word' id='word_1_917' title='bbox 2715 5760 2726 5808; x_wconf 80' lang='lat' dir='ltr'><strong>i</strong></span> <span class='ocrx_word' id='word_1_918' title='bbox 2768 5761 3207 5819; x_wconf 68' lang='lat' dir='ltr'><strong>ticn.xtv,18-&#39;2l</strong></span> <span class='ocrx_word' id='word_1_919' title='bbox 3250 5780 3263 5825; x_wconf 83' lang='lat'><strong>;</strong></span> <span class='ocrx_word' id='word_1_920' title='bbox 3326 5762 3486 5815; x_wconf 76' lang='lat' dir='ltr'><strong>lli-br.</strong></span> 
     </span>
    </p>
   </div>
   <div class='ocr_carea' id='block_1_120' title="bbox 3107 5924 3179 5985">
    <p class='ocr_par' dir='ltr' id='par_1_120' title="bbox 3107 5924 3179 5985">
     <span class='ocr_line' id='line_1_121' title="bbox 3107 5924 3179 5985; baseline 0.028 -2"><span class='ocrx_word' id='word_1_921' title='bbox 3107 5924 3179 5985; x_wconf 69' lang='grc' dir='ltr'>[ιδ</span> 
     </span>
    </p>
   </div>
  </div>
