4216 6456
722 357 855 421 25ίὸ

1705 349 2190 415 THEODORETI
2223 347 2562 411 EPISCOPI
2604 351 2967 414 CYRENSIS

3832 354 3970 423 1516

718 486 1002 544 paternam
1036 469 1341 540 reliquerit,
1374 478 1428 524 et
1460 469 1651 539 patria:
1680 484 1794 525 suae
1832 468 2068 523 alienam
2109 467 2290 535 regio~

2357 511 2361 525 ,
2388 466 2603 538 ἠράσθη
2629 468 2723 522 τοῦ
2758 468 3107 539 κεκληκότος,
3135 469 3230 523 καὶ
3257 467 3326 523 τὰ
3354 468 3491 523 ἄλλα
3529 468 3704 523 πάντα
3734 469 3969 543 δεύτερα

719 583 842 620 nem
893 562 1225 635 prmtulerit?
1254 559 1713 630 Quandoquidem
1743 561 1911 615 semel
1949 573 2137 612 amore
2165 558 2289 623 eius

718 666 933 725 captus,
959 653 1049 723 qui
1082 655 1257 722 ipsum
1294 660 1609 715 vocaverat,
1637 660 1689 707 et
1720 651 1827 704 alia
1857 651 2109 705 universa
2143 648 2290 701 illius

720 750 893 802 amori
928 744 1305 816 postponenda
1349 745 1587 807 censuit,
1628 752 1683 799 et
1729 742 1918 797 multis
1952 740 2292 795 diﬂicultati-

721 840 823 891 bus
856 837 1156 898 involutus,
1203 836 1464 891 dilectum
1510 850 1668 890 suum
1715 849 1825 889 non
1872 834 2129 904 reliquit,
2165 843 2289 886 tan-

719 945 883 999 quam
916 929 1010 998 qui
1057 928 1516 997 promissionibus
1562 926 1680 982 suis
1740 926 1902 981 linem
1958 940 2067 979 non
2115 925 2292 994 impo-

720 1022 922 1076 suisset
959 1018 1005 1074 1.
1060 1020 1204 1085 Quin
1251 1020 1412 1075 etiam
1459 1019 1550 1074 siti
1593 1034 1838 1089 pressus,
1886 1025 1940 1072 et
1983 1032 2178 1086 aquam
2225 1032 2292 1070 ex

720 1114 918 1183 puteis,
954 1128 1095 1182 quos
1124 1110 1359 1175 foderat,
1403 1110 1589 1163 bibere
1632 1108 1945 1178 prohibitus
1967 1148 1982 1172 ,
2016 1123 2118 1162 nec
2152 1108 2227 1162 illi
2261 1122 2292 1160 a

721 1219 830 1270 quo
875 1215 1101 1259 vocatus
1139 1211 1258 1257 erat
1292 1202 1607 1269 indignatus
1647 1208 1753 1263 est,
1803 1215 1904 1255 nec
1949 1215 2141 1254 eorum
2196 1199 2288 1268 qui

722 1296 971 1358 laserant
1020 1294 1253 1363 injurias
1298 1302 1382 1347 est
1434 1295 1602 1346 ultus.
1656 1291 1842 1347 Famis
1898 1308 2116 1361 quoque
2179 1292 2289 1345 vim

719 1402 915 1455 passus
944 1396 1047 1449 est,
1077 1394 1131 1439 et
1158 1384 1444 1439 charitatis
1468 1384 1738 1437 ﬂammam
1766 1383 1989 1436 minime
2014 1381 2287 1436 restinxit.

719 1481 911 1535 Ablata
936 1480 1099 1531 etiam
1132 1478 1181 1531 ei
1218 1476 1319 1530 fuit
1348 1476 1550 1544 conqu
1587 1485 1646 1538 ω,
1690 1482 1744 1527 et
1780 1474 1957 1527 forma
2000 1482 2288 1541 praestans,

720 1579 773 1624 et
803 1569 1139 1624 continentia
1166 1568 1416 1637 insignis.
1443 1580 1676 1635 quaeque
1700 1566 1756 1618 in
1783 1565 2041 1619 omnibus
2069 1578 2290 1618 suavem

722 1664 798 1715 illi
824 1671 879 1716 et
906 1658 1113 1731 gratam
1140 1661 1305 1713 vitam
1326 1658 1592 1713 reddebat
1619 1677 1631 1712 :
1657 1672 1759 1712 nec
1785 1669 1965 1711 tamen
1989 1656 2079 1711 Dei
2111 1670 2296 1708 amore

722 1770 825 1808 una
858 1768 980 1807 cum
1011 1751 1248 1821 conjuge
1274 1751 1542 1820 spoliatus
1562 1758 1665 1804 est.
1702 1751 1807 1803 Sed
1839 1749 2137 1801 auxiliante
2161 1748 2290 1810 lleo,

718 1853 772 1896 et
804 1843 1061 1897 diuturna
1097 1842 1247 1895 illum
1280 1841 1539 1910 patientia
1575 1848 1885 1901 exercente,
1932 1840 2289 1907 injuriarum-

718 1948 825 2004 que
859 1933 1119 1989 incursus
1156 1932 1360 2003 perpeti
1406 1923 1942 2001 permittente,'idem
1982 1925 2198 2001 semper
2234 1932 2288 1987 in

720 2039 907 2079 amore
941 2023 1179 2093 perstitit
1203 2033 1257 2099 ‘I.
1291 2021 1601 2090 Factusque
1638 2031 1757 2076 erat
1800 2037 2000 2085 senex,
2043 2032 2094 2075 et
2136 2031 2291 2091 pater

721 2134 827 2172 non
866 2125 988 2171 erat
1022 2116 1228 2180 factus,
1267 2123 1322 2169 et
1359 2130 1492 2183 erga
1531 2114 1705 2189 illurn,
1738 2114 1832 2183 qui
1868 2124 2077 2182 patrem
2110 2115 2288 2185 ipsum

720 2225 778 2264 se
814 2207 1083 2262 facturum
1113 2208 1437 2276 promiserat
1469 2202 1841 2273 quidem,sed
1870 2206 2113 2260 nondum
2149 2208 2292 2262 fece-

720 2309 825 2363 rat,
865 2299 1078 2370 1314
1109 2299 1361 2354 eumdem
1392 2299 1633 2352 animum
1671 2299 1964 2353 retinebat.
1992 2298 2291 2368 Postquam

710 2399 901 2445 autem
944 2406 1069 2446 sero
1100 2390 1320 2444 tandem
1350 2390 1697 2457 .promissum
1737 2388 1999 2454 obtinuit,
2033 2400 2083 2443 et
2115 2390 2294 2444 Sarra:

718 2493 972 2539 naturam
1003 2483 1225 2547 devicit,
1258 2491 1313 2537 et
1346 2483 1646 2537 senectutis
1685 2481 1950 2549 terminos
1986 2493 2292 2553 transgres-

722 2592 819 2631 sus
855 2582 963 2638 est,
1003 2584 1266 2644 paterque
1308 2573 1477 2631 lsaaci
1536 2574 1781 2638 exstitit,
1829 2588 1997 2644 parvo
2050 2582 2295 2643 tempore

726 2670 831 2724 hoc
862 2668 1059 2739 gaudio
1090 2678 1367 2724 recreatus
1396 2675 1503 2731 est,
1528 2682 1652 2722 cum
1703 2682 1933 2736 puerum
1970 2667 2082 2736 jam
2119 2667 2297 2722 adole-

722 2761 1058 2824 scentem,ei
1091 2762 1181 2831 qui
1217 2760 1464 2822 dederat,
1488 2760 1542 2812 in
1573 2760 1905 2816 sacriﬁcium
1940 2758 2139 2813 oﬂ‘erre
2170 2760 2293 2828 jus-

722 2868 823 2908 sns
856 2861 963 2914 est,
1002 2862 1057 2907 et
1087 2853 1291 2907 donum
1328 2867 1430 2906 suo
1455 2851 1682 2906 reddere
1717 2851 1966 2921 largitori
1994 2859 2045 2913 °,
2083 2852 2295 2905 sacriﬁ-

705 2954 1000 3012 ~eatorque.
1015 2943 1134 3013 ejus
1166 2944 1281 2997 ﬁeri
1304 2984 1317 3007 ,
1349 2945 1440 3012 qui
1472 2952 1590 2997 erat
1634 2943 1848 2997 fructus
1887 2943 2292 3012 promissionis,

709 3042 774 3089 et
798 3036 851 3087 in
884 3034 1161 3087 victimam
1187 3031 1383 3087 oﬂerre
1412 3046 1668 3103 magnum
1703 3030 1906 3086 fontem
1940 3034 2207 3103 gentium,
2242 3041 2296 3087 et

723 3126 994 3195 sanguine
1038 3125 1309 3194 unigeniti
1346 3124 1440 3177 lilii
1486 3140 1680 3179 manus
1718 3132 2031 3178 cruentare.
2066 3123 2295 3178 Vcrum-
2322 3164 2365 3222 C

724 3229 901 3272 tamen
931 3233 1057 3271 cum
1087 3218 1200 3271 haec
1227 3228 1449 3279 cuncta,
1478 3226 1644 3285 atque
1673 3217 1760 3271 bis
1794 3217 1966 3270 multo
1994 3218 2170 3285 plura,
2204 3232 2294 3272 sa-

722 3309 935 3363 crilicio
990 3310 1272 3371 inessent,
1319 3324 1665 3377 nequaquam
1713 3309 1917 3362 restitit
1958 3310 2294 3377 patriarcha,

724 3416 902 3467 neque
930 3402 1054 3468 jura
1090 3410 1301 3455 natura:
1337 3401 1561 3468 ohjccit,
1596 3414 1773 3467 neque
1808 3398 2204 3467 promissiones
2240 3399 2296 3452 in

726 3492 964 3546 medium
999 3492 1205 3555 attulit,
1244 3507 1423 3558 neque
1451 3491 1660 3543 alenda}
1692 3490 1995 3544 senectutis
2026 3496 2081 3542 et
2113 3489 2300 3556 sepul-

726 3594 861 3639 tura:
895 3586 1223 3638 mentionem
1259 3583 1405 3639 fecit.
1446 3582 1666 3645 Verum,
1701 3583 1939 3637 humana
1974 3583 2121 3635 omni
2146 3582 2300 3652 cogi-

728 3677 933 3731 tatione
962 3676 1201 3744 abjecta,
1226 3684 1278 3729 et
1303 3673 1582 3729 desiderio
1610 3675 1948 3729 desiderium
1990 3690 2297 3743 opponens,

726 3777 782 3822 et
814 3769 917 3836 legi
948 3768 1146 3836 legem,
1168 3767 1409 3819 divinam
1437 3767 1646 3821 scilicet
1673 3766 1932 3829 naturali,
1963 3766 2212 3820 cucurrit
2232 3764 2300 3819 ad

727 3851 1060 3913 sacriﬁcium
1095 3867 1141 3917 Ρ,
1172 3856 1316 3907 haud
1349 3856 1511 3909 dubie
1563 3856 1773 3925 plagam
1809 3854 2115 3910 inﬂicturus
2142 3895 2156 3917 ,
2190 3854 2297 3909 nisi

729 3947 978 4001 celeriter
1012 3946 1303 3999 muniﬁcus
1344 3946 1611 3997 donorum
1641 3944 1892 4013 Largitor
1912 3955 1960 4008 ιι,
1995 3955 2303 4014 promptum

727 4039 849 4107 ejus
874 4040 1111 4091 animum
1138 4038 1470 4107 approbatis,
1496 4037 1696 4092 caedem
1724 4037 2072 4093 inhibuisset.
2102 4036 2303 4093 Verum

732 4127 919 4181 nescio
942 4141 1012 4179 an
1038 4127 1241 4181 amoris
1270 4126 1434 4193 hujus
1459 4127 1823 4195 magnitudini
1843 4127 2169 4181 enarranda:
2197 4130 2305 4180 ulla

732 4218 982 4273 sufﬁcere
1022 4226 1187 4287 queat
1237 4219 1418 4273 oratio
1454 4228 1497 4272 τ.
1528 4217 1631 4283 Qui
1661 4220 1807 4272 enim
1841 4233 1909 4272 ne
1947 4219 2058 4273 [ilio
2085 4219 2306 4288 quidem

734 4311 1012 4378 unigenito
1035 4310 1299 4379 pepercit,
1320 4320 1614 4380 postquam
1646 4309 1698 4363 id
1725 4308 1961 4364 dilectus
1990 4309 2304 4381 imperarit.

732 4400 864 4469 quid
892 4408 1114 4468 propter
1149 4399 1299 4453 illum
1329 4415 1436 4454 non
1472 4400 1811 4468 sprevisset?
1846 4398 1951 4455 Sed
1984 4409 2038 4455 et
2077 4417 2307 4471 magnus

2320 1805 2369 1864 B

2390 558 2490 627 τῆς
2517 560 2724 613 ἐκείνου
2782 559 2966 628 φιλίας
3022 559 3311 629 ἐδοκίμασε
3362 558 3567 624 θέσθαι,
3614 562 3708 613 καὶ
3745 562 3969 626 πολλαῖς

2391 651 2651 715 πολλάκις
2706 652 3016 714 δυσκολίαις
3064 650 3410 723 περιπεσὼν,
3456 652 3516 704 ού
3569 654 3828 706 κατέλιπε
3877 654 3972 705 τὸν

2392 739 2690 810 ἐρώμενον,
2713 740 2789 802 ὼς
2831 743 2951 804 ταῖς
2997 741 3351 810 ἐπαγγελίαις
3376 742 3476 793 οὐκ
3513 741 3765 795 ἐπιθέντα
3790 743 3851 794 τὸ
3876 742 3970 797 πέο

2395 849 2530 902 ρας·
2564 832 2703 887 ἀλλά
2754 832 2848 886 καὶ
2890 833 3032 902 δίψει
3079 832 3436 902 πιεζόμενος,
3466 831 3561 885 καὶ
3625 836 3773 885 πιεῖν
3824 832 3971 903 ὕδωρ

2392 915 2585 989 ἀφ’ὧν
2624 923 2801 993 ὤρυξε
2854 925 3105 992 φρεάτων
3147 922 3485 992 εἰργόμενος,
3532 921 3654 975 οὔτε
3706 923 3849 975 κατά
3871 922 3972 976 τοῦ

2394 1012 2722 1077 καλέσαντος
2758 1015 3132 1084 ἐδυσχέρανεν,
3161 1014 3286 1068 οὔτε
3316 1016 3443 1077 τοὺς
3474 1013 3794 1076 ἀδικοῦντας
3816 1014 3970 1084 ago-

2394 1121 2540 1159 νατο.
2573 1105 2819 1171 Ἐδέξατο
2844 1110 2937 1160 καὶ
2970 1106 3127 1175 λιμοῦ
3165 1105 3487 1176 προσϐολὴν,
3527 1108 3620 1157 καὶ
3647 1107 3745 1157 οὐκ
3773 1104 3971 1157 ἔσϐεσε

2392 1194 2483 1247 τὸν
2511 1197 2609 1267 τῆς
2643 1197 2862 1266 ἀγάπης
2889 1197 3093 1267 πυρσόν
3120 1212 3132 1225 ·
3166 1197 3414 1267 ἀφῃρέθη
3449 1198 3545 1250 καὶ
3574 1196 3670 1265 τὴν
3700 1196 3969 1264 ὁμόζυγα,

2394 1290 2491 1340 καὶ
2512 1287 2631 1357 ὥρᾳ
2653 1287 2998 1356 λάμπουσαν,
3025 1289 3118 1343 καὶ
3145 1290 3467 1358 σωφροσύνῃ
3514 1290 3972 1357 κεκοσμημένην,

2393 1382 2489 1432 καὶ
2510 1379 2597 1432 διὰ
2619 1380 2832 1433 πάντων
2871 1380 3018 1449 αύτῷ
3057 1381 3279 1452 θυμήρη
3313 1382 3404 1433 τὸν
3438 1382 3551 1449 βίον
3589 1382 3971 1451 παρέχουσαν

2396 1472 2489 1522 καὶ
2514 1472 2574 1522 οὑ
2621 1472 2967 1544 συναφῃρέθη
3019 1474 3117 1542 τὴν
3164 1475 3292 1542 περὶ
3329 1473 3421 1526 τὸν
3467 1474 3598 1526 Θεὸν
3651 1475 3871 1541 ἀγάπην
3904 1477 3972 1542 τῇ

2396 1564 2633 1629 γυναικί.
2678 1564 2839 1616 Ἀλλὰ
2887 1565 2977 1617 καὶ
3020 1564 3390 1633 ἐπαμύνοντος
3430 1565 3521 1618 τοῦ
3555 1564 3712 1629 θεοῦ,
3754 1565 3847 1615 καὶ
3876 1564 3977 1633 τὴν

2399 1654 2779 1725 μακροθυμίαν
2806 1655 3195 1726 γυμνάζοντος,
3226 1658 3319 1708 καὶ
3366 1657 3777 1725 συγχωροῦντος
3817 1654 3976 1722 δέχε-

2399 1747 2520 1800 σθαι
2552 1751 2651 1817 τῆς
2708 1748 2919 1811 ἀδικίας
2942 1750 3038 1811 τὰς
3076 1749 3398 1819 προσϐολὰς,
3451 1751 3649 1816 ὀμοῖως
3703 1748 3978 1815 διέμεινεν

2398 1840 2649 1910 ἀγαπῶν.
2668 1841 2776 1894 Καὶ
2796 1840 3105 1911 πρεσϐύτης
3135 1841 3369 1908 ἐγένετο,
3404 1842 3499 1893 καὶ
3520 1839 3704 1910 πατὴρ
3718 1841 3816 1892 οὐκ
3851 1840 3978 1906 ἐγέ-

2399 1950 2539 1996 νετο,
2562 1933 2655 1985 καὶ
2682 1950 2746 1986 πε
2758 1932 2808 2002 pi.
2835 1931 2993 1984 αὑτὸν
3010 1933 3217 2002 πατέρα
3244 1934 3487 2000 ποιήσειν
3513 1932 3979 2001 ἐπαγγειλάμενον

2403 2020 2521 2089 μὲν,
2543 2020 2603 2071 ού
2635 2022 2971 2088 πεποιηκότα
3004 2021 3059 2072 δὲ
3082 2021 3237 2083 τέως.
3259 2022 3459 2089 ὁμοίως
3476 2022 3725 2074 διέκειτο.
3747 2020 3972 2089 Ἐπειδὴ

2398 2111 2456 2164 δὲ
2473 2111 2569 2180 ὀψέ
2591 2129 2742 2177 ποτε,
2774 2112 2868 2164 καὶ
2889 2111 3020 2183 “time
3031 2112 3331 2180 παγγελίαν
3352 2114 3531 2175 ἔλαϐε,
3548 2114 3747 2177 καὶτῆς
3761 2114 3974 2183 Σάρρας

2400 2201 2499 2272 τὴν
2541 2203 2703 2269 φύσιν
2761 2202 3003 2270 ἐνίκησε,
3033 2204 3123 2257 καὶ
3165 2203 3259 2257 τοῦ
3304 2206 3505 2275 γήρους
3565 2204 3805 2274 ὑπερέϐη
3852 2205 3979 2265 τοὺς

2399 2294 2577 2363 ὄρους,
2611 2296 2703 2348 καὶ
2747 2294 2842 2348 τοῦ
2870 2295 3053 2348 Ἰσαὰκ
3077 2296 3360 2367 ἀπεφάνθη
3413 2298 3613 2366 πατὴρ.
3650 2296 3829 2363 ὀλίγον
3878 2294 3977 2364 μὲν

2400 2388 2588 2458 χρόνον
2604 2392 2702 2459 τῆς
2722 2388 2969 2443 ἐντεῦθεν
2981 2390 3241 2460 θυμηδίας
3285 2390 3564 2460 ἀπήλαυσε
3582 2407 3593 2418 ·
3618 2390 3898 2458 μειράκιον
3922 2388 3981 2440 δὲ

2400 2477 2461 2530 τὸ
2480 2478 2688 2532 παιδίον
2704 2466 3011 2552 γενόμενον,
3033 2484 3417 2552 προσενεγκεῖν
3430 2484 3505 2540 εἰς
3520 2481 3707 2534 θυσίαν
3719 2480 3981 2551 προσετά-

2403 2570 2504 2641 χθη
2530 2572 2607 2641 τῷ
2635 2571 2911 2635 δεδωκότι,
2943 2577 3035 2628 καὶ
3054 2575 3114 2629 τὸ
3134 2575 3304 2645 δῶρον
3324 2576 3419 2628 ἀντ
3430 2573 3714 2642 ιδοῦναιτῴ
3732 2573 3982 2644 χνρηγῷ,

2405 2665 2501 2718 καὶ
2538 2665 2714 2735 ἱερεὺς
2734 2666 2985 2734 γενέσθαι
3011 2666 3104 2720 τοῦ
3128 2668 3226 2737 τῆς
3269 2667 3599 2734 ἐπαγγελίας
3625 2666 3861 2736 καρποῦ,
3886 2664 3983 2718 καὶ

2403 2760 2777 2824 προσαγαγεῖν
2834 2760 2914 2822 είς
2957 2760 3148 2814 θυσίαν
3193 2760 3299 2813 τῶν
3355 2759 3523 2813 ἐθνῶν
3579 2760 3674 2829 τὴν
3730 2760 3980 2827 μεγάλην

2405 2846 2607 2917 πηγὴν,
2640 2849 2729 2901 καὶ
2765 2852 2956 2918 αἵματι
3005 2852 3325 2920 μονογενοῦς
3354 2852 3543 2913 παιδὸς
3594 2851 3985 2917 καταφοινίξαι

2403 2937 2501 3001 τὰς
2526 2940 2731 3008 χεῖρας.
2786 2941 2924 2993 Ἀλλ’
2953 2942 3103 3010 ὅμως
3136 2942 3307 2995 ταῦτα
3353 2943 3552 3005 πάντα,
3588 2945 3681 2995 καί⁸
3714 2943 3795 2994 ἔτι
3852 2943 3980 2993 τού-

2405 3046 2511 3082 των
2537 3028 2713 3101 πολλῴ
2748 3032 2989 3095 πλείονα,
3019 3034 3118 3101 τῆς
3152 3033 3342 3096 θυσίας
3398 3035 3649 3103 ἐχούσης,
3705 3035 3806 3085 ούκ
3850 3036 3983 3086 άντ-

2404 3119 2605 3173 ἐτεινεν
2624 3121 2652 3172 ό
2680 3123 3041 3194 πατριάρχης,
3062 3124 3177 3176 οὐδὲ
3199 3123 3264 3175 τὰ
3282 3125 3378 3192 τῆς
3400 3126 3612 3191 φύσεως
3643 3124 3985 3193 προύϐάλετο

2401 3213 2606 3278 δίκαια,
2637 3216 2757 3268 οὐδὲ
2786 3217 2881 3280 τὰς
2942 3220 3261 3287 ὑποσχέσεις
3296 3223 3374 3282 εἰς
3408 3219 3567 3288 μέσον
3631 3220 3886 3288 πιρὴγαζ
3901 3235 3983 3282 ευ,

2399 3306 2522 3358 οὐδὲ
2553 3309 2915 3378 γηρωκομίας
2944 3312 3036 3362 καὶ
3059 3312 3234 3379 ταφῆς
3256 3311 3569 3381 ἀνεμνήσθη
3590 3329 3601 3341 ·
3628 3310 3761 3364 ἀλλά
3804 3312 3983 3364 πάντα

2399 3398 2662 3470 λογισμὸν
2700 3401 3043 3471 ἀνθρώπινον
3075 3405 3256 3472 ῥίψας,
3301 3405 3395 3458 καὶ
3424 3405 3573 3475 πόθῳ
3629 3406 3795 3459 πόθον
3836 3408 3985 3458 ἀντι-

2399 3489 2584 3554 τάξας,
2617 3493 2709 3544 καὶ
2749 3493 2897 3563 νόμῳ
2919 3495 3082 3562 νόμον
3128 3498 3476 3566 ἀντιστήσας,
3504 3497 3583 3566 τῷ
3618 3497 3715 3564 τῆς
3752 3496 3977 3564 φύσεως

2401 3581 2461 3634 τὸ
2514 3581 2673 3643 θεῖον,
2696 3584 2927 3655 ἔδραμεν
2959 3586 3037 3649 εἰς
3071 3588 3169 3655 τὴν
3202 3589 3533 3658 ἱερουργίαν,
3586 3587 3983 3650 ἀνενδοίαστως

2403 3673 2715 3743 ἐπενεγκεῖν
2739 3676 2837 3747 τὴν
2860 3678 3092 3747 πληγὴν,
3120 3681 3167 3730 εἰ
3191 3680 3265 3749 μὴ
3295 3681 3504 3749 ταχέως
3521 3683 3547 3734 ό
3563 3680 3984 3751 Μεγαλόδωρος,

2402 3764 2501 3832 τὴν
2556 3764 2862 3837 προθυμίαν
2918 3768 3241 3838 δεξάμενος,
3298 3769 3538 3822 ἐκώλυσε
3578 3772 3675 3840 τὴν
3734 3774 3979 3839 σφαγήν.

2417 3855 2579 3909 Ἀλλὰ
2620 3856 2728 3927 γὰρ
2774 3858 2874 3911 ούκ
2915 3854 3051 3922 οἶδα,
3085 3861 3244 3924 εἴτις
3287 3862 3354 3915 ἂν
3379 3861 3631 3931 ἀρκέσειε
3674 3861 3853 3930 λόγος,
3904 3866 3985 3926 είς

2405 3946 2502 4017 τὴν
2532 3946 2624 4001 τοῦ
2654 3951 2854 4016 ἔρωτος
2881 3943 3031 4002 τοῦδε
3060 3951 3331 4021 διήγησιν.
3370 3953 3426 4005 '0
3460 3954 3569 4023 γὰρ
3622 3954 3755 4022 μηδὲ
3819 3972 3983 4023 μονο-

2405 4040 2595 4107 γενοῦς
2627 4042 2954 4110 φεισάμενος
2995 4043 3203 4107 παιδὸς,
3237 4044 3422 4112 ἐπειδὴ
3454 4045 3611 4097 τοῦτο
3646 4046 3985 4114 προσέταξεν

2407 4134 2435 4185 ὁ
2463 4132 2755 4202 ἐρώμενος,
2792 4134 2936 4196 τίνος
2967 4134 3064 4186 οὐκ
3090 4134 3155 4187 ἂν
3184 4135 3273 4187 διὰ
3306 4135 3494 4189 τοῦτον
3527 4138 3983 4207 ὑπερεφρόνησε,

2409 4221 2501 4274 καὶ
2555 4220 2718 4285 αὐτὸς
2753 4221 2810 4273 δὲ
2839 4224 2866 4275 ό
2922 4222 3094 4292 μέγας
3136 4225 3339 4289 Ἰσαὰκ,
3378 4226 3477 4296 τὴν
3542 4228 3711 4297 αὐτὴν
3757 4230 3987 4300 ἀγάπην

2410 4314 2538 4383 περὶ
2570 4314 2659 4366 τὸν
2699 4315 2975 4387 Δεσπότην
3021 4317 3306 4387 ἐκτήσατο.
3359 4319 3515 4373 Καὶό
3538 4321 3729 4374 τούτου
3761 4323 3819 4374 δὲ
3843 4322 3985 4385 υίὸς,

2424 4404 2612 4456 Ἰακὼϐ
2631 4405 2656 4455 ὁ
2673 4407 3035 4478 πατριάρχης.
3078 4409 3295 4478 ’ᾼδουσι
3315 4410 3369 4462 δὲ
3396 4411 3719 4481 ἀμφοτέρων
3752 4413 3814 4466 τὸ
3837 4414 3990 4481 φιλό-

731 4506 950 4561 quoque
990 4493 1141 4544 Isaac
1173 4497 1220 4553 ⁸,
1255 4492 1502 4545 eamdem
1550 4493 1604 4544 in
1654 4491 1949 4545 Dominum
1976 4489 2303 4548 charitalem

2357 4507 2386 4560 [)
2412 4494 2531 4547 θεον
2557 4496 2614 4548 αί
2648 4496 2789 4551 θεῖαι
2824 4497 3037 4566 Γραφαί
3064 4513 3076 4526 ·
3119 4499 3209 4550 καὶ
3246 4499 3406 4562 αὐτὸς
3437 4500 3491 4553 δὲ
3513 4504 3540 4552 ὁ
3562 4502 3668 4553 τῶν
3688 4502 3825 4554 ὅλων
3851 4502 3988 4566 Θεὸς

735 4583 948 4645 habuit,
983 4591 1146 4651 atque
1174 4582 1337 4649 hujus
1358 4585 1519 4636 etiam
1550 4583 1696 4638 ﬁlius
1722 4581 1893 4639 Jacob
1924 4586 2231 4653 patriarcha
2264 4589 2306 4640 ί.

737 4675 1035 4741 Utriusque
1066 4684 1247 4727 autem
1292 4675 1344 4727 in
1385 4673 1553 4728 Deum
1588 4689 1831 4728 amorem
1866 4675 2066 4731 divina:
2091 4676 2312 4732 Littera:

737 4767 1030 4835 praedicant
1060 4784 1071 4820 :
1101 4773 1152 4820 et
1183 4765 1392 4836 1315
1423 4769 1804 4821 universorum
1835 4766 1979 4823 Deus
2014 4769 2148 4837 ipse,
2182 4787 2313 4825 nus-

735 4872 895 4926 quam
937 4871 1119 4910 ramos
1152 4872 1179 4909 a
1223 4857 1405 4910 radice
1438 4866 1677 4926 separat,
1714 4859 1811 4911 sed
1841 4858 2006 4912 Deum
2043 4875 2100 4913 se
2134 4860 2310 4913 Abra-

733 4944 904 5006 hami,
939 4955 990 4997 et
1032 4946 1223 5007 Isaaci,
1260 4945 1524 5001 etJacobi
1551 4948 1789 5018 appellat
1824 4956 1873 5002 ιι.
1909 4946 2114 5002 Horum
2142 4951 2308 5003 etiam

734 5037 950 5089 fructus
983 5036 1101 5103 pius
1124 5042 1207 5090 est
1232 5032 1436 5105 Joseph
1466 5044 1514 5100 ',
1550 5039 1639 5107 qui
1680 5038 1825 5091 inter
1851 5037 2084 5107 juvenes
2116 5054 2309 5105 senex,

735 5134 787 5177 et
834 5125 975 5179 inter
1019 5142 1180 5181 senes
1220 5144 1521 5198 generosus
1566 5131 1821 5184 exstitit:
1859 5130 2020 5199 cujus
2065 5146 2309 5185 amorem

740 5216 791 5268 in
825 5215 989 5270 Deum
1026 5232 1123 5271 nec
1170 5219 1372 5272 invidia
1406 5219 1603 5273 delevit
1637 5232 1683 5283 ι,
1712 5236 1813 5275 nec
1839 5222 2078 5277 servitus
2106 5223 2311 5276 restin-

740 5307 834 5370 xit,
867 5324 967 5363 nec
999 5309 1231 5364 domina:
1274 5311 1555 5365 blanditia:
1576 5312 1968 5378 dissolverunt,
2002 5307 2120 5370 ‘nec
2150 5316 2307 5372 mina:

734 5406 1022 5469 metusque
1070 5400 1493 5467 labefactaruut,
1538 5417 1635 5455 nec
1675 5402 1969 5463 calumniae
2016 5416 2070 5459 et
2112 5421 2305 5463 carcer

808 5645 829 5684 ι
862 5645 997 5701 Cen.
1024 5662 1136 5703 xxi.
1170 5664 1316 5704 XXVI.
1395 5660 1434 5687 ω
1459 5650 1596 5705 Gen.
1619 5668 1705 5707 xx.

730 5714 904 5774 llebr.
943 5733 1017 5772 xi.
1120 5718 1305 5772 ΡΟιἯ.
1338 5736 1473 5785 ιιιι,
1599 5721 1763 5777 Hae.
1803 5742 1859 5779 ιι.

730 5804 887 5845 xxxii
913 5799 968 5844 et
998 5805 1157 5845 xxxv.
1272 5801 1298 5828 “
1332 5788 1467 5849 Gen.
1500 5808 1649 5857 nrt,
1688 5811 1877 5849 χλι-ιιι.

1782 5664 1808 5692 ³
1836 5653 1974 5708 Gen.
2005 5671 2098 5719 xx,
2126 5658 2191 5709 17
2224 5667 2276 5712 et
2311 5659 2394 5715 l8.
2436 5659 2595 5715 Rom.
2628 5661 2657 5713 ι
2690 5675 2705 5724 ;
2743 5659 2998 5716 Galat.tu
3031 5658 3215 5721 ',Gen.
3253 5674 3317 5710 xv
3356 5666 3409 5711 et
3448 5674 3507 5713 ll.

1952 5734 1975 5763 τ
2004 5726 2141 5780 Gen.
2184 5745 2318 5783 xxii.

1953 5804 1975 5831 ν
2005 5797 2176 5852 Exod.
2209 5815 2266 5854 ιιι
2310 5808 2361 5855 et
2399 5817 2470 5855 tr.

2410 4586 2646 4655 οὐδαμοῦ
2695 4590 2792 4657 τῆς
2836 4588 2991 4659 ῥίζης
3026 4589 3341 4659 διαχωρίζει
3393 4593 3516 4654 τοὺς
3568 4592 3815 4654 κλάδους,
3848 4594 3990 4645 ἀλλὰ

2410 4677 2541 4729 Θεὸν
2570 4678 2760 4731 ἑαυτὸν
2798 4679 3073 4749 Ἀϐραὰμ,
3105 4681 3197 4733 καὶ
3228 4682 3430 4745 Ἰσαὰκ,
3474 4684 3568 4736 καὶ
3610 4683 3802 4735 Ἰακὼϐ
3862 4685 3987 4737 ὀνο-

2414 4770 2595 4839 μάζει.
2657 4769 2874 4823 Τούτων
2908 4771 3023 4824 ἐστὶ
3067 4774 3275 4842 καρπὸς
3306 4773 3535 4844 εὐσεϐὴς
3570 4774 3662 4827 καὶ
3694 4775 3920 4845 Ἰωσὴφ,
3959 4778 3988 4829 ό

2411 4863 2468 4913 ἐν
2500 4861 2639 4925 νέοις
2662 4862 2993 4933 πρεσϐύτης,
3030 4866 3127 4916 καὶ
3153 4865 3211 4916 ὲν
3239 4864 3571 4934 πρεσϐύταις
3608 4869 3855 4933 γενναῖος
3881 4883 3895 4897 ·
3925 4864 3988 4923 οὗ

2409 4954 2469 5005 τὸ
2490 4954 2732 5022 φιλόθεον
2766 4954 2890 5008 οὔτε
2914 4956 3101 5025 φθόνος
3128 4957 3426 5025 ὴνάλωσεν,
3454 4958 3576 5012 οὔτε
3601 4960 3813 5014 δουλεία
3850 4980 3987 5016 κατ-

2410 5044 2650 5107 έσϐεσεν,
2679 5045 2740 5097 οὐ
2773 5046 3058 5117 δεσποίνης
3088 5048 3318 5118 ἐσύλησε
3365 5050 3643 5116 κολακεία,
3667 5055 3766 5105 οὐκ
3784 5053 3987 5125 ἀπειλὴ

2410 5138 2503 5189 καὶ
2535 5137 2653 5201 δέος
2685 5139 2955 5210 ὲμάρανεν
2976 5157 2989 5192 τ
3014 5140 3075 5193 οὑ
3098 5143 3563 5210 συκοφαντία,καὶ
3587 5143 3991 5214 δεσμωτήριον,

2411 5227 2503 5280 καὶ
2532 5229 2724 5299 χρόνος
2759 5231 2965 5300 μακρὸς
2994 5232 3396 5286 κατεπάλαισεν
3416 5250 3432 5264 ο
3473 5237 3573 5287 οὐκ
3606 5233 3843 5300 ἐξουσία,
3892 5240 3993 5289 καὶ

2412 5319 2733 5385 δυναστεία,
2769 5324 2862 5375 καὶ
2905 5322 3103 5393 τρυφὴ,
3146 5325 3240 5377 καὶ
3289 5324 3539 5390 πλοῦτος,
3602 5328 3696 5397 τῆς
3746 5328 3993 5393 διανοίας

2415 5409 2670 5475 ἐξέϐαλεν
2702 5428 2715 5442 ·
2740 5411 2856 5465 ἀλλ’
2894 5411 3109 5483 ἔμεινεν
3129 5414 3331 5482 ὁμοίως
3362 5415 3456 5469 καὶ
3483 5414 3693 5484 βλέπων
3716 5416 3807 5469 τὸν
3840 5416 3991 5485 ἐρῶ-

3612 5666 3636 5695 ο
3656 5656 3792 5712 Gen.
3828 5673 3947 5713 xm
3973 5698 3989 5724 ,

2420 5738 2442 5766 ³
2479 5731 2591 5783 Gen
2625 5747 2773 5789 xxiv.
2804 5746 2950 5788 χχιι.
2979 5739 3032 5783 et
3068 5745 3237 5782 xxrtl.
3342 5733 3358 5764 ‘
3396 5729 3529 5784 Gen.
3565 5742 3705 5783 xxvtl
3734 5770 3748 5793 ,
3788 5744 3992 5798 sum,

2575 5798 2752 5855 ιουη.
2790 5816 2973 5854 xxxvii
3005 5808 3057 5854 et
3092 5814 3278 5853 xxxix.

2923 5930 2937 5958 ι
