4216 6456
228 387 365 453 1517

1028 383 1311 443 ORATIO
1346 382 1444 442 DE
1484 380 1749 441 D‘VINA
1788 378 1881 437 ΕΤ
1921 381 2202 440 SANC'I‘A
2227 384 2324 443 CH
2340 384 2655 445 ΔιῐίΙΤΛΤΕ

3337 384 3473 446 1513

225 521 411 575 μενον,
442 502 536 556 καὶ
575 502 696 564 τοὺς
748 501 957 555 ἐκείνου
1004 503 1202 569 νόμονς
1255 498 1498 570 πληρῶν.
1544 498 1803 564 Ταύτηνό
1832 502 1864 556 Α

1858 503 1877 555 l
1907 506 2229 568 tempusque
2260 500 2531 569 prolixum
2560 508 2968 570 expugnarunt,
2996 516 3103 554 non
3131 510 3393 570 petestas,
3418 512 3474 558 et

221 595 435 663 Μωσῆς
478 594 576 665 τὴν
621 595 840 663 ἀγάπην
888 593 1264 662 κτησάμενος,
1298 590 1398 659 τῆς
1426 591 1484 641 ἐν
1514 587 1803 657 βασιλείοις

220 685 439 755 διαίτης
464 687 908 754 καταφρονήσας,
956 681 1156 751 μᾶλλον
1197 680 1375 733 εἵλετο
1411 680 1805 747 συγκακουχεῖ-

224 774 356 827 σθαι
386 774 465 843 τῷ
493 773 603 844 λαῷ
623 774 719 827 τοῦ
746 772 959 842 Θεοῦ,ῆ
991 770 1327 841 πρόσκαιρον
1353 769 1497 838 ἐχειν
1531 768 1803 838 ἁμαρτίας

221 866 550 919 ἀπόλαυσιν.

292 1129 410 1183 Καὶ
436 1129 489 1182 τί
521 1130 603 1183 δεῖ
656 1129 918 1200 μηκύνειν
972 1129 1069 1182 κα)⁸
1129 1128 1272 1199 πέρα
1327 1123 1420 1179 τοῦ
1484 1124 1683 1194 μέτρου
1716 1122 1805 1176 τὸν

220 1218 384 1285 λόγον
435 1218 744 1283 ἐκτείνειν;
797 1218 875 1287 Τῇ
926 1216 1048 1288 θεία
1095 1217 1204 1287 γὰρ
1255 1216 1445 1287 ἀγάπῃ
1499 1215 1649 1268 πᾶσα
1699 1212 1808 1263 τῶν

223 1310 587 1379 προφητῶνὴ
635 1310 852 1380 ἑταιρία
902 1310 1241 1380 κεχρημένη.
1294 1308 1386 1360 καὶ
1433 1305 1803 1376 κοσμουμένη,

224 1406 317 1456 καὶ
349 1406 449 1473 τὴν
482 1403 825 1472 τελεωτάτην
873 1399 1507 1472 κατώρθωσενόρετὴν,
1559 1398 1653 1451 καὶ
1695 1397 1809 1451 ἀεί-

226 1510 469 1564 μνηστον
500 1494 560 1545 τὸ
586 1492 743 1554 κλέος
776 1492 1058 1545 κατέλιπε.
1094 1491 1204 1543 Καὶ
1238 1489 1420 1559 μέντοι
1449 1488 1543 1541 καὶ
1565 1488 1671 1540 τῶν
1684 1488 1809 1539 ἁπο-

226 1586 432 1637 στόλων
465 1584 691 1653 ὀχορὸς,
729 1584 819 1635 καὶ
877 1582 984 1635 τῶν
1031 1581 1322 1652 μαρτύρων
1344 1581 1392 1633 οἱ
1435 1580 1621 1649 δῆμοι,
1653 1578 1810 1632 τοῦτο

222 1678 282 1729 τὸ
313 1676 428 1746 πῦρ
477 1674 882 1744 εἰσδεξάμενοι,
951 1674 1169 1727 πάντων
1212 1673 1309 1741 μὲν
1363 1670 1642 1741 ὑπερεῖδον
1698 1670 1806 1721 τῶν

222 1770 558 1837 ὁρωμένων,
627 1767 798 1837 πάσης
830 1766 888 1819 δὲ
931 1766 1076 1833 ζωῆς
1129 1765 1350 1834 ἡδίστης
1377 1766 1445 1817 τὰ
1489 1766 1658 1835 μυρία
1701 1762 1808 1815 τῶν

1906 591 2229 654 dominatio,
2266 600 2321 643 et
2348 591 2589 652 deliciae,
2621 600 2674 645 et
2706 606 2837 659 opes
2870 607 2899 645 a
2926 594 3197 646 sententia
3228 592 3474 645 dimove-

1907 692 2039 735 runt
2066 700 2079 734 :
2117 682 2212 735 sed
2243 684 2481 752 perstitit
2508 683 2697 737 eodem
2727 698 2942 752 semper
2978 684 3162 745 modo,
3206 693 3261 737 et
3310 700 3472 753 quem

1907 774 2165 841 diligebat
2203 774 2587 837 considerans,
2619 781 2672 826 et
2696 772 2813 841 ejus
2849 773 2993 841 leges
3019 773 3339 827 observans.
3364 771 3475 827 Hac

1905 866 2091 920 eadem
2111 866 2377 918 charitate
2402 864 2660 933 praeditus
2683 863 2881 928 Moses,
2902 863 3103 932 regalis
3130 864 3266 916 aula:
3292 870 3477 932 spreto

1908 958 2183 1018 convictu,
2239 955 2400 1024 alliigi
2461 955 2655 1009 maluit
2711 970 2834 1008 cum
2888 954 3091 1024 populo
3147 953 3262 1019 Dei,
3315 970 3478 1024 quam

1908 1051 2224 1118 temporalis
2260 1049 2469 1118 peccati
2496 1048 2695 1102 habere
2724 1047 3120 1116 jucuntlitatem
3154 1055 3204 1098 γ.

1979 1140 2045 1193 Et
2093 1142 2221 1209 quid
2276 1155 2499 1195 necesse
2540 1148 2624 1193 est
2668 1139 2897 1191 ulterius
2925 1152 3230 1191 sermonem
3262 1147 3479 1206 protra-

1911 1232 2061 1288 here.
2098 1230 2429 1300 modumque
2459 1231 2731 1285 orationis
2783 1228 3083 1284 excedere?
3120 1226 3257 1281 Nam
3294 1228 3479 1300 divina

1908 1324 2181 1377 charitate
2217 1324 2473 1377 universa
2517 1322 2916 1391 prophetarum
2951 1319 3155 1374 cohors
3186 1333 3283 1374 usa
3317 1327 3367 1371 et
3391 1298 3482 1371 or-

1909 1421 2066 1478 nata,
2098 1424 2152 1469 et
2193 1412 2656 1483 perfectissimam
2700 1411 2957 1463 virtutem
2990 1418 3077 1463 est
3111 1416 3389 1471 assecuta.
3425 1415 3480 1461 et

1910 1506 2140 1577 gloriam
2169 1505 2408 1559 nominis
2429 1504 2822 1574 sempiternam
2851 1501 3098 1571 reliquit.
3126 1499 3230 1555 Sed
3254 1508 3313 1555 et
3352 1515 3484 1570 apo-

1914 1598 2178 1649 stolorum
2213 1596 2437 1658 chorus,
2466 1604 2521 1649 et
2550 1603 2849 1662 martyrum
2880 1593 3182 1654 exercitus,
3226 1591 3332 1643 hoc
3358 1590 3483 1658 igne

1911 1695 2198 1755 eomepto,
2246 1685 2482 1740 visibilia
2529 1684 2713 1738 omnia
2758 1680 3101 1751 contemptui
3144 1680 3481 1744 habuerunt,

1913 1787 1967 1829 ct
2002 1779 2262 1832 inlinities
2296 1777 2458 1835 mori,
2498 1790 2661 1846 quam
2698 1774 3031 1829 suavissima
3070 1772 3182 1825 vita
3216 1770 3324 1825 l‘rui
3371 1785 3486 1824 ma-

224 1861 478 1912 θανάτων
536 1858 650 1927 εἴδη
734 1856 1068 1927 προείλοντο.
1126 1854 1479 1925 Ἐρασθέντες
1536 1855 1645 1923 γάρ
1717 1852 1864 1907 τοῦί

1858 1853 1885 1906 Β
1918 1869 2154 1921 luerunt.
2188 1866 2341 1936 Capti
2376 1866 2519 1920 enim
2554 1864 2752 1918 divina:
2794 1862 3226 1933 pulchritudinis
3272 1875 3485 1923 amore,

224 1951 376 2003 θείου
410 1950 661 2014 κάλλους,
698 1950 791 2002 καὶ
818 1947 877 2000 τὸ
904 1949 1031 2016 περὶ
1057 1947 1204 2015 ἡμᾶς
1229 1945 1321 1998 τοῦ
1352 1945 1488 1997 Θεοῦ
1514 1943 1808 2013 λογισάμε-

224 2060 304 2095 νοι
324 2042 572 2113 φίλτρον,
596 2041 689 2094 καὶ
709 2040 806 2103 τὰς
828 2038 1027 2110 μυρίας
1049 2035 1445 2106 ἐνθυμηθέντες
1466 2036 1805 2105 εὐεργεσίας,

225 2134 453 2203 αίσκρδν
498 2135 795 2202 ἡγήσαντο,
837 2133 971 2199 μήτε
1003 2129 1063 2181 τὸ
1094 2128 1287 2190 κάλλος
1333 2129 1509 2181 ἐκεῖνο
1573 2128 1806 2193 ποθῆσαι

223 2227 286 2278 τὸ
315 2226 619 2295 ἄφραστον,
648 2224 740 2275 καὶ
763 2223 1057 2292 ἀχάριστοι⁸
1070 2220 1197 2289 περὶ
1217 2218 1306 2271 τὸν
1331 2217 1625 2287 εὐεργέτην
1652 2219 1776 2286 γενέ
1793 2245 1810 2259 ο

228 2318 378 2371 σθαι.
413 2316 613 2368 Τούτου
645 2314 822 2385 χάριν,
875 2313 1036 2381 μέχρι
1066 2309 1296 2363 θανάτου
1327 2310 1424 2371 τάς
1459 2309 1594 2378 πρὸς
1646 2309 1809 2360 αὑτὸν

228 2408 508 2478 συνθήκας
540 2405 832 2473 ἐφύλαξαν.
871 2402 1074 2455 Τούτου
1105 2400 1198 2454 τοῦ
1230 2400 1457 2462 κάλλους
1486 2400 1806 2470 ἐρασθέντες

229 2502 324 2554 καὶ
360 2501 407 2552 οἱ
433 2499 540 2552 νέοι
574 2500 671 2568 τῆς
692 2496 896 2568 ἀρετῆς
925 2494 1172 2564 ἀθληταὶ,
1207 2487 1280 2544 ὧν
1311 2493 1725 2563 συνεγράψαμεν
1751 2495 1808 2546 ἐν

232 2592 489 2660 συντόμῳ
514 2590 605 2642 τὸν
639 2588 772 2659 βίον,
811 2589 888 2649 είς
931 2588 1055 2649 τοὺς
1099 2583 1370 2655 μεγάλους
1425 2584 1687 2649 ἐκείνους,
1719 2587 1813 2638 καὶ

232 2685 328 2755 τὴν
349 2684 696 2754 ἀνθρωπείαν
718 2681 875 2750 φύσιν
892 2680 1178 2743 νικῶντας,
1210 2678 1572 2749 ιίσεπήδησαν
1596 2677 1810 2741 ἄθλους.

231 2778 408 2832 Τοῦτο
434 2777 492 2828 δὲ
527 2774 714 2842 σαφῶς
748 2773 945 2834 αὐτοὺς
978 2771 1363 2835 ἐξεπαίδευσαν
1394 2773 1449 2823 αἱ
1480 2770 1622 2822 θεῖαι
1668 2770 1809 2840 Γρα-

233 2869 351 2937 φαί.
385 2867 661 2921 Ψάλλουσι
687 2865 794 2935 γὰρ
814 2863 951 2933 μετὰ
972 2861 1064 2939 τοῦ
1094 2861 1326 2932 μεγάλου
1360 2860 1522 2912 Δαϐίδ
1543 2876 1556 2890 ·
1586 2877 1605 2912 t
1637 2859 1809 2929 Κύριε

231 2962 261 3013 ό
292 2960 429 3021 Θεὸς
462 2975 588 3027 μου,
615 2955 689 3018 ὠς
720 2952 1096 3024 ἐμεγαλύνθης
1127 2952 1352 3022 σφόδρα.
1395 2950 1809 3020 Ἐξομολόγησιν

235 3055 332 3106 καὶ
385 3048 860 3120 μεγαλοπρέπειαν
923 3045 1177 3105 ἐνεδύσω,
1226 3042 1656 3111 ἀναὸαλλόμενος
1696 3040 1810 3111 φῶς

238 3145 312 3205 ὼς
352 3143 597 3211 ἱμάτιον·
634 3140 891 3191 ἐκτείνων
930 3136 1021 3189 τὸν
1049 3136 1297 3206 οὐρανὸν,
1353 3134 1487 3187 ὡσεὶ
1540 3134 1722 3204 δέρριν
1745 3148 1758 3164 ’
1788 3150 1805 3183 ι

1918 1956 2121 2026 Deique
2147 1935 2277 2025 erga
2303 1971 2403 2010 nos
2430 1969 2615 2009 amore
2648 1968 2938 2023 perpenso,
2960 1963 3014 2007 et
3038 1935 3251 2006 infinita
3280 1951 3487 2006 beneﬁ-

1917 2049 2001 2102 cia
2040 2049 2225 2101 animo
2257 2055 2593 2114 reputantes,
2630 2054 2791 2115 turpe
2841 2054 3125 2115 putarunt,
3160 2060 3263 2099 nec
3296 2044 3487 2100 ineffa—

1919 2141 2078 2195 bilem
2108 2140 2255 2193 illam
2285 2139 2630 2194 desiderasse
2659 2137 3147 2208 pulchritudmem,
3180 2143 3237 2191 et
3258 2135 3489 2204 ingrati-

1921 2236 2129 2289 tudinis
2157 2233 2299 2304 apud
2341 2232 2745 2287 benefactorem
2788 2239 2968 2284 notam
3012 2228 3336 2283 incurrisse.
3371 2226 3490 2283 Hae

1921 2328 1986 2382 (Ie
2029 2340 2191 2381 causa
2231 2325 2299 2379 ad
2348 2331 2577 2378 mortem
2633 2321 2846 2391 1316
2895 2336 3068 2388 usque
3104 2336 3202 2375 sua
3242 2335 3367 2375 cum
3418 2333 3487 2376 eo

1921 2427 2077 2490 pacta
2103 2425 2411 2472 servarunt.
2451 2414 2627 2484 Hujus
2651 2414 2816 2469 etiam
2854 2412 3280 2482 pulchritudinis
3302 2426 3487 2466 amore

1922 2510 2064 2578 capti
2116 2516 2366 2563 recentes
2410 2505 2631 2558 virtutis
2672 2502 2924 2567 athletae,
2975 2514 3208 2571 quorum
3258 2513 3288 2553 a
3330 2498 3487 2553 nobis

1923 2603 2031 2652 vita
2062 2596 2383 2667 compendio
2404 2593 2683 2663 descripta
2709 2602 2814 2654 est,
2850 2591 2915 2644 ad
2947 2605 3139 2659 magna
3171 2590 3261 2645 illa
3285 2589 3487 2642 huma-

1922 2708 2043 2746 nam
2089 2699 2340 2744 uaturam
2372 2687 2691 2742 excedentia
2724 2683 2977 2753 prodiere
3006 2680 3330 2737 certamina.
3373 2679 3488 2736 Hoc

1919 2799 2047 2839 vero
2082 2784 2203 2838 illos
2251 2780 2539 2835 manifeste
2581 2778 2888 2832 docuerunt
2917 2776 3117 2831 divinae
3162 2774 3476 2845 Scriptura.

1919 2875 2135 2929 Canunt
2196 2873 2340 2927 enim
2408 2886 2531 2927 cum
2595 2884 2793 2939 magno
2858 2867 3062 2921 Davide
3116 2886 3129 2922 :
3196 2862 3221 2918 i
3261 2867 3491 2921 Domine

1921 2966 2064 3020 Deus
2087 2980 2257 3029 lucus,
2288 2960 2667 3031 magniﬁcatus
2687 2973 2748 3013 es
2778 2957 3147 3011 vehementer.
3174 2954 3493 3009 Confessio-

1919 3073 2042 3112 nem
2093 3064 2147 3111 et
2197 3055 2448 3109 decorem
2484 3051 2709 3104 induisti
2746 3066 2758 3101 :
2797 3047 3033 3101 amictus
3088 3046 3293 3100 lumine
3345 3044 3489 3100 sicut

1921 3148 2265 3203 vestimento.
2303 3140 2613 3196 Extendens
2643 3138 2840 3192 caelum
2879 3136 3023 3190 sicut
3054 3134 3247 3204 pellem
3280 3142 3323 3197 ι,
3374 3151 3393 3184 ι
3433 3139 3488 3185 et

234 3236 334 3287 καὶ
349 3233 515 3287 τᾶλλα
542 3234 642 3285 ὅσα
658 3231 754 3300 τὴν
778 3229 967 3296 σοφίαν
992 3227 1150 3280 αὑτοῦ
1174 3228 1413 3280 διδάσκει
1443 3227 1537 3279 καὶ
1565 3224 1813 3295 δύναμιν.
1844 3204 1864 3260 ί

1858 3204 1885 3261 3
1920 3239 2022 3292 alia
2059 3248 2395 3305 quaecunque
2444 3230 2763 3300 sapientiam
2802 3227 2975 3296 ipsius
3016 3235 3070 3279 et
3111 3225 3217 3279 vim
3266 3222 3487 3277 docent.

240 3328 351 3380 Καὶ
373 3325 558 3377 πάλιν·
591 3341 608 3373 ι
634 3323 690 3374 ὐ
715 3319 913 3389 Κύριος
960 3319 1328 3383 ἐϐασίλευσεν,
1364 3316 1695 3388 εὐπρέπειαν
1727 3316 1816 3367 ἐν-

238 3417 485 3471 εδύσατο’
506 3413 787 3467 ἐνεδύσατο
825 3412 1021 3481 Κύριος
1042 3410 1287 3477 δύναμιν,
1308 3410 1399 3462 καὶ
1415 3408 1784 3480 περιεζώσατο
1801 3422 1814 3436 ·

241 3506 467 3573 καὶγὰρ
509 3502 834 3571 κατώρθωσε
871 3502 967 3569 τὴν
1001 3498 1347 3567 οἰκουμένην,
1372 3498 1493 3566 ἥτις
1523 3497 1583 3550 οὐ
1627 3494 1817 3549 σαλευ-

240 3597 495 3665 θήσεται.
528 3613 545 3645 ι
597 3592 889 3646 Κάνταῦθα
942 3590 998 3643 δὲ
1054 3588 1315 3651 ὡσαύτως
1358 3589 1452 3642 καὶ
1508 3588 1667 3654 σοφία
1723 3585 1817 3638 καὶ

241 3689 437 3750 κάλλος
477 3684 788 3756 ἐκηρύχθη,
844 3683 937 3735 καὶ
976 3681 1225 3751 δύναμις.
1272 3682 1382 3733 Καὶ
1437 3680 1662 3750 ἑτέρωθι
1720 3678 1814 3731 δέ’

248 3801 267 3830 ι
298 3781 512 3849 Ὠριῐος
543 3778 728 3830 κάλλει
769 3775 920 3845 παρά
948 3775 1073 3835 τοὺς
1104 3775 1251 3835 υἱοὺς
1290 3771 1396 3825 τῶν
1445 3770 1767 3841 ἀνθρώπων.
1793 3789 1810 3822 ι

256 3870 521 3925 Ἐνταῦθα
548 3870 625 3931 δὲ,
662 3868 757 3920 καλ⁹
787 3866 845 3918 τὸ
876 3864 1215 3936 ἀνθρώπινον
1244 3863 1335 3916 τοῦ
1359 3861 1493 3916 Θεοῦ
1516 3862 1688 3930 Λόγου
1722 3864 1814 3915 εἰ)-

245 3964 468 4031 φῄμησε
493 3959 703 4019 κάλλος.
723 3957 913 4025 Ὑμνεί
935 3954 990 4005 δὲ
1024 3955 1117 4006 καὶ
1138 3954 1234 4023 τὴν
1263 3952 1479 4019 σοφίαν·
1508 3970 1525 4001 ι
1559 3951 1816 4021 Ἑξεχυθη

246 4054 375 4122 γὰρ,
405 4052 561 4120 φησὶ,
596 4050 751 4119 χάρις
789 4049 846 4098 ἐν
887 4045 1087 4115 χείλεσί
1121 4060 1235 4096 σου.
1265 4062 1281 4093 ι
1322 4041 1696 4095 ’Υποδείκνυσι
1726 4044 1819 4095 καὶ

244 4149 344 4216 τὴν
371 4144 598 4212 δύναμιν
623 4158 636 4170 ·
678 4158 695 4190 ι
726 4138 1032 4208 Ιιερίζωσαι
1060 4136 1155 4205 τὴν
1183 4134 1460 4205 ῥομφαίαν
1491 4150 1584 4186 σου
1620 4134 1713 4186 ἐπὶ
1728 4134 1817 4187 τὸν

251 4237 425 4308 μηρόν
457 4253 571 4299 σου,
610 4232 802 4285 δυνατέ
823 4248 837 4262 ο
874 4233 940 4301 τῇ
969 4228 1260 4300 ὡραιότητί
1294 4244 1410 4290 σου,
1436 4229 1533 4280 καὶ
1564 4226 1640 4296 τῷ
1685 4227 1817 4280 κάλ-

248 4331 329 4383 λει
362 4347 477 4393 σου,
510 4330 604 4380 καὶ
654 4326 875 4388 ἔντεινε,
929 4323 1023 4375 καὶ
1077 4320 1389 4384 κατευοδοῦ,
1421 4321 1515 4373 καὶ
1545 4319 1816 4389 βασίλευε,

248 4423 435 4475 ἕνεκεν
466 4417 745 4488 ἀληθείας,
775 4415 869 4467 καὶ
896 4411 1222 4483 πραότητος,
1256 4413 1348 4463 καὶ
1394 4408 1765 4478 δικαιοσύνης.
1796 4429 1813 4459 ι

249 4512 436 4565 Ταῦτα
462 4510 570 4578 γάρ
610 4505 795 4567 αὑτοῦ,
822 4503 916 4557 καὶ
942 4502 1153 4563 κάλλος,
1182 4503 1275 4553 καὶ
1325 4499 1576 4563 πλοῦτος,
1607 4502 1701 4553 καὶ
1728 4500 1817 4553 δύ-

248 4620 432 4672 ναμις.
468 4601 576 4654 Καὶ
606 4597 830 4658 Ἠσαίας
866 4595 919 4647 δὲ
952 4594 1083 4665 βοᾷ·
1120 4612 1138 4644 ί
1162 4591 1257 4655 Τίς
1285 4585 1484 4655 οὗτοςὸ
1511 4594 1814 4662 παραγενό.

251 4710 413 4764 μενος
443 4693 499 4758 ἐξ
522 4689 731 4759 Ἐδώμ;
760 4685 1011 4757 ἐρύθημα
1065 4684 1296 4754 ἱματίων
1330 4682 1493 4736 αὐτοῦ
1520 4685 1582 4737 ἐκ
1619 4684 1823 4754 Βοσόρς

250 4780 423 4848 Οὗτος
476 4784 676 4853 ὡραῖος
714 4782 772 4834 ἐν
807 4779 966 4848 στολῇ
1020 4774 1205 4840 αὑτοῦ,
1262 4776 1353 4845 βία
1398 4775 1535 4845 μετὰ
1571 4775 1771 4844 ἰσχύος.
1801 4794 1818 4827 ι

250 4880 386 4935 Οὐδὲ
449 4876 551 4946 γὰρ
575 4879 608 4945 η
632 4873 946 4944 ἀνθρωπεία
1008 4870 1167 4939 στολὴ
1202 4870 1261 4921 τὸ
1292 4870 1431 4921 θεῖον
1482 4869 1824 4939 κατεκάλυψε

251 4972 444 5033 κάλλος
468 4987 482 5000 ’
514 4967 648 5022 ἀλλὰ
686 4968 779 5020 καὶ
816 4964 1021 5035 ταύτην
1057 4961 1542 5035 περιϐεϐλημένος,
1603 4980 1826 5032 μαρμα-

255 5065 426 5136 ρυγὰς
455 5062 561 5115 ἀπὸ
592 5060 693 5130 τῆς
728 5058 876 5130 ὥρας
899 5058 1141 5127 ἀφίησιν,
1178 5055 1255 5117 ὡς
1290 5055 1415 5117 τοὺς
1441 5055 1680 5126 ὁρῶντας
1708 5056 1824 5124 βιά-

252 5158 442 5224 ζεσθαι
473 5157 567 5209 καὶ
597 5152 954 5219 καταθέ).γειν
987 5153 1065 5212 είς
1098 5148 1293 5219 ἔρωτα.
1326 5147 1497 5200 Τοῦτο
1550 5151 1639 5201 καὶ
1694 5149 1824 5217 ἁγία

250 5245 456 5314 Νύμφη
490 5243 620 5313 πρὸς
649 5242 810 5296 αὑτὸν
837 5242 894 5292 ἐν
914 5242 1021 5302 τοῖς
1043 5240 1280 5310 ’ᾼσμασι
1307 5239 1414 5289 τῶν
1434 5239 1689 5309 ᾀσμάτων
1720 5240 1829 5293 δια-

248 5338 521 5405 λεγομένη
566 5333 731 5404 φησί·
779 5352 796 5383 t
821 5332 1009 5403 Μῦρον
1040 5329 1343 5383 ἐκκενωθεν
1369 5330 1540 5401 ὄνομά
1576 5349 1690 5386 σου.
1730 5333 1825 5386 Διὰ

252 5427 408 5481 τοῦτο
457 5424 693 5488 νεάνιδες
747 5423 1044 5493 ἡγὰπησάν
1087 5438 1178 5474 σε·
1236 5421 1490 5475 εἵλκυσάν
1526 5439 1578 5476 σε
1606 5440 1618 5452 ·
1653 5424 1828 5477 ὀπίσω

256 5536 349 5573 σου
380 5520 457 5581 εἰς
482 5516 657 5587 ὀσμὴν
687 5516 872 5587 μύρων
900 5532 991 5568 σου
1015 5514 1269 5584 ἔδραμον.
1306 5532 1322 5563 i
1351 5513 1416 5563 Ai
1451 5514 1558 5584 γάρ
1584 5516 1828 5568 νεανικαὶ

352 5715 547 5767 rllchr.
601 5731 679 5775 τι,
719 5716 809 5771 εδ.
838 5726 859 5752 τ
893 5715 1038 5771 Psal.
1075 5731 1190 5782 cm,
1234 5716 1282 5776 1,
1316 5717 1369 5771 2.

354 5798 375 5825 ε
406 5787 535 5839 ibid.
558 5786 609 5852 εί,
644 5788 693 5838 5.
748 5787 889 5839 τιμε).
919 5803 1070 5849 ιτιιι,
1098 5791 1147 5841 l.
1252 5792 1274 5825 κ
1305 5790 1458 5841 llam.
1491 5805 1524 5844 ι.
1559 5788 1609 5853 2,
1656 5791 1711 5845 5.

1479 5728 1502 5755 ι
1538 5716 1686 5805 Ρὶμοιέ
1729 5736 1855 5775 mu
1887 5763 1899 5788 ,
1933 5724 1980 5777 l.

1923 3334 1995 3387 Ac
2034 3346 2265 3385 rursus:
2309 3346 2327 3379 ι
2363 3327 2624 3380 Dominus
2659 3325 2934 3393 regnavit,
2972 3321 3225 3375 decorem
3261 3318 3488 3373 indutus

1918 3428 2021 3477 est.
2057 3418 2281 3471 indutus
2314 3423 2397 3469 est
2438 3413 2700 3467 Dominus
2730 3410 3134 3474 fortitudinem,
3169 3419 3224 3463 et
3256 3408 3487 3477 praecin-

1921 3511 1998 3563 xit
2025 3525 2081 3563 se
2118 3518 2165 3562 τι.
2212 3508 2419 3561 Etenim
2454 3506 2747 3560 constituit
2782 3504 2970 3557 orbem
3024 3509 3205 3566 terrae,
3239 3500 3333 3569 qui
3380 3516 3489 3554 non

1920 3597 2352 3652 commovebitur
2381 3597 2428 3649 δ.
2469 3614 2488 3646 ι
2523 3594 2643 3660 Quo
2674 3595 2793 3647 loco
2821 3592 3078 3647 similiter
3111 3590 3407 3660 sapientia,
3436 3600 3492 3643 et

1922 3688 2295 3760 pulchritudo,
2323 3697 2484 3752 atque
2514 3687 2753 3756 potentia
2776 3685 3067 3754 praedicata
3098 3693 3201 3737 eSt.
3234 3681 3296 3735 Et
3320 3682 3488 3736 alibi:

1926 3800 1944 3832 ι
1993 3779 2285 3850 Speciosus
2338 3776 2517 3831 forma
2575 3792 2685 3845 prre
2736 3775 2867 3830 filiis
2924 3774 3208 3828 hominum
3237 3779 3284 3825 ε.
3338 3789 3356 3822 ι
3395 3768 3493 3825 llic

1919 3887 2051 3925 vero
2082 3879 2136 3924 et
2169 3869 2463 3922 humanam
2494 3867 2587 3921 Dei
2623 3865 2784 3921 Verbi
2811 3863 3277 3935 pulchritudinem
3307 3860 3491 3914 laudi—

1923 3962 2023 4015 lius
2047 3961 2261 4015 extulit.
2306 3958 2515 4013 Laudat
2544 3966 2724 4012 autem
2757 3966 2811 4012 et
2839 3955 3161 4025 sapientiam
3198 3971 3251 4007 ει
3287 3950 3492 4005 Diﬂ‘usa

1921 4055 2087 4116 enim,
2114 4055 2211 4117 ait,
2234 4060 2317 4107 est
2337 4051 2512 4123 gratia
2544 4051 2597 4104 in
2634 4050 2789 4105 labiis
2814 4051 2923 4104 tuis
2945 4048 2995 4103 ἀ.
3031 4066 3050 4100 ι
3076 4045 3325 4102 Ostendit
3352 4060 3492 4114 quo-

1922 4161 2027 4214 que
2073 4145 2370 4213 potentiam
2401 4160 2413 4195 :
2447 4161 2465 4193 ι
2491 4142 2788 4211 Accingere
2814 4140 2994 4212 gladio
3019 4151 3115 4194 tuo
3136 4153 3299 4208 super
3321 4138 3495 4192 l'emur

1923 4245 2097 4298 tuum,
2150 4234 2548 4304 potentissime.
2608 4233 2804 4303 Specie
2844 4241 2936 4286 tua
2989 4240 3045 4287 et
3086 4229 3494 4301 pulchritudine

1926 4337 2015 4381 tua
2052 4327 2308 4390 intende,
2351 4340 2610 4397 prospere
2642 4325 2898 4395 procede,
2940 4332 2995 4379 et
3030 4339 3219 4395 regna,
3269 4329 3491 4392 propter

1926 4421 2233 4479 veritatem,
2287 4416 2790 4481 mansuetudinem,
2841 4424 2896 4469 et
2942 4414 3209 4485 justitiam
3242 4425 3266 4452 ο
3305 4431 3324 4465 ι
3366 4412 3491 4464 llaec

1928 4510 2194 4579 siquidem
2234 4511 2407 4579 ipsius
2445 4516 2594 4565 sunt.
2627 4518 2680 4563 et
2702 4507 2926 4568 divitiae,
2957 4514 3010 4560 et
3044 4503 3415 4576 pulchritudo,
3438 4513 3493 4556 et

1858 4574 1899 4629 θ
1931 4602 2191 4672 potentia.
2225 4574 2367 4667 Q—uiu
2397 4609 2450 4656 et
2483 4601 2651 4654 Isaias
2681 4599 2921 4655 clamat:
2951 4617 2969 4649 ι
2999 4574 3133 4663 Quis
3164 4606 3248 4652 est
3275 4597 3378 4651 iste
3400 4596 3491 4664 qui

1926 4695 2071 4747 venit
2106 4694 2173 4747 de
2204 4692 2417 4747 Edom?
2450 4693 2618 4745 rubor
2645 4691 2877 4744 vestium
2901 4690 3020 4759 ejus
3051 4690 3119 4744 de
3154 4687 3363 4741 Bosor?
3397 4685 3493 4740 llic

1924 4785 2198 4840 formosus
2229 4785 2282 4838 iu
2312 4785 2451 4838 stola
2480 4799 2600 4846 sua,
2630 4784 2887 4837 violentia
2913 4797 3035 4837 cum
3065 4781 3384 4834 fortitudine
3410 4777 3488 4831 ί..

1927 4878 2111 4947 Neque
2158 4879 2300 4931 enim
2339 4879 2577 4930 humana
2625 4876 2793 4931 vestis
2834 4873 3076 4927 divinam
3129 4870 3494 4942 pulchritudi-

1927 4986 2046 5025 nem
2087 4969 2297 5039 1317
2328 4970 2574 5023 obtexit:
2609 4967 2701 5022 sed
2737 4967 2835 5020 hac
2860 4966 3020 5019 etiam
3055 4963 3289 5016 amictus
3313 4962 3495 5030 splen-

1924 5061 2087 5115 dores
2119 5061 2318 5113 emittit
2367 5074 2480 5114 sum
2523 5057 2986 5128 pulchritudinis,
3031 5055 3108 5107 ita
3149 5061 3209 5106 ut
3244 5052 3494 5106 videntes

1923 5154 2106 5222 adigat
2134 5152 2448 5219 alliciatque
2479 5151 2531 5204 in
2580 5165 2844 5203 amorem.
2869 5146 3024 5213 Quod
3059 5154 3247 5201 sancta
3280 5158 3496 5213 quoque

1927 5245 2157 5315 Sponsa,
2191 5259 2313 5297 cum
2354 5258 2419 5297 eo
2452 5244 2506 5297 iu
2557 5243 2787 5296 Cantico
2843 5241 3179 5295 canticorum
3238 5238 3492 5305 loquens,

1925 5337 2059 5390 dicit
2090 5355 2101 5389 :
2147 5354 2163 5387 ι
2193 5333 2385 5389 Oleum
2416 5333 2647 5388 eﬂ‘usum
2683 5347 2878 5386 nomen
2925 5341 3097 5384 tuum.
3135 5327 3260 5381 Ideo
3305 5326 3495 5380 adole-

1927 5428 2191 5483 scentulze
2223 5428 2537 5482 dilexerunt
2585 5435 2656 5479 te.
2691 5424 2999 5477 Traxerunt
3051 5430 3122 5486 te,
3168 5426 3295 5491 post
3333 5417 3495 5474 te‘ad

1926 5524 2148 5575 odorem
2207 5532 2611 5590 unguentorum
2669 5527 2889 5572 tuorum
2950 5525 3317 5570 cucurrerunt
3381 5514 3431 5564 5.-
3470 5529 3491 5562 ι

3367 5713 3498 5772 ibid.

2100 5725 2124 5762 ιι
2169 5723 2287 5778 Psal
2345 5740 2461 5786 xcv,
2518 5724 2601 5779 l0.
2709 5734 2729 5761 ε
2768 5722 2908 5777 Psal.
2954 5736 3113 5784 sui“,
3168 5720 3219 5773 5.
3283 5716 3307 5754 ἀ
