4216 6456
730 367 863 434 1519
1357 371 1842 434 THEODORETI
1900 367 2235 432 EPISCOPI
2290 364 2654 428 CYRENSIS
2707 365 2805 427 DE
2855 365 3282 428 CHARITATE
3839 369 3981 437 1520

721 487 1002 544 .luveniles
1030 489 1172 544 enim
1207 489 1423 555 animae,
1448 491 1651 544 bonum
1692 490 1845 544 illum
1883 495 2037 542 tuum
2067 489 2292 542 odorem
2324 488 2372 546 Δ

2324 481 2586 552 Αψυχαὶ,
2634 483 2731 551 τῆς
2781 484 2879 553 σῆς
2926 483 3154 548 εὐωδίας
3208 483 3737 554 μεταλαμϐάνουσαι,
3788 487 3976 542 θέουσι

724 579 1116 650 percipientes,
1143 591 1375 634 currunt
1406 582 1625 652 assequi
1651 589 1705 636 te
1725 580 2033 647 cupientes,
2056 585 2112 632 et
2132 579 2301 632 odore

2401 573 2730 627 καταλαϐεῖν
2767 591 2826 626 σε
2873 574 3163 628 ποθοῦσαι·
3227 577 3322 629 καὶ
3369 571 3481 630 οἷον
3533 578 3720 632 ἁλύσει
3773 581 3880 634 τινὶ
3907 583 3975 652 τῇ

725 667 840 731 illo,
870 667 1027 735 quasi
1076 677 1269 720 eatena
1311 667 1571 736 quadam,
1619 665 1957 728 constrictae,
2015 664 2298 718 vinculum

722 759 992 829 disrumpi
1027 774 1136 813 non
1176 761 1500 829 patiuntur:
1540 759 1698 813 dulce
1728 760 1929 828 quippe
1968 765 2075 823 est,
2107 765 2161 812 et
2189 771 2300 826 quo

722 852 1028 906 voluntarie
1074 844 1205 906 sunt
1254 853 1505 926 alligatm.
1571 851 1666 906 His
1715 865 1937 921 quoque
1989 858 2300 905 consonant

723 942 888 995 verba
925 941 1037 996 divi
1069 942 1218 996 Pauli
1255 927 1268 996 ἐ
1310 961 1328 993 ι
1365 927 1782 996 ϐίηὶεῑῖδοηιιε
1814 942 1949 996 odor
1981 955 2197 1003 sumus,
2241 939 2296 992 in

723 1035 791 1087 iis
824 1035 914 1103 qui
949 1035 1085 1088 salvi
1123 1035 1279 1093 liunt.
1312 1042 1366 1088 et
1403 1035 1458 1087 in
1501 1034 1571 1089 iis
1605 1034 1697 1102 qui
1727 1040 1996 1101 pereunt;
2025 1032 2146 1087 aliis
2173 1031 2298 1100 qui-

723 1123 845 1177 dem
881 1123 1016 1178 odor
1049 1124 1242 1179 mortis
1273 1125 1326 1176 in
1361 1132 1614 1185 mortem,
1651 1122 1772 1176 aliis
1800 1131 1981 1175 autem
2006 1120 2146 1175 odor
2170 1121 2295 1174 vita:

723 1214 776 1268 in
811 1216 974 1267 vitam
1004 1215 1053 1270 δ.
1089 1231 1108 1265 ι
1146 1213 1211 1267 Et
1264 1214 1548 1278 pulchrum
1610 1212 1774 1280 igitur
1803 1212 1954 1265 illum
1987 1225 2108 1264 esse
2141 1225 2171 1264 a
2209 1210 2298 1264 di-

721 1306 844 1358 vina
873 1304 1158 1373 Scriptura
1189 1304 1393 1366 edocti,
1429 1313 1482 1357 et
1517 1303 1824 1357 ineﬂ'abiles
1851 1303 2073 1356 divitias
2117 1303 2294 1372 possi-

719 1395 871 1460 dere,
919 1394 1313 1462 sapientiaeque
1361 1408 1485 1447 esse
1541 1393 1769 1454 fontem,
1805 1401 1857 1446 et
1899 1399 2096 1445 cuncta
2133 1405 2294 1459 posse

718 1503 840 1554 qua:
864 1486 1009 1549 velit,
1045 1493 1099 1537 et
1134 1485 1399 1538 immensa
1453 1486 1529 1537 uti
1585 1485 1939 1552 benignitate,
1984 1481 2294 1552 ﬂuentaque
2335 1506 2340 1515 ν

719 1576 1151 1631 mansuetudinis
1177 1577 1524 1646 profundere.
1549 1583 1600 1628 et
1626 1575 1725 1627 hoc
1755 1590 1920 1627 unum
1938 1574 2174 1638 velle,ut
2198 1589 2294 1643 per

717 1669 898 1722 omnia
936 1670 1180 1723 homines
1236 1669 1478 1721 cumulet
1538 1667 1839 1721 beneﬁciis.
1877 1666 2057 1736 Deque
2105 1667 2291 1720 inlini-

717 1773 786 1813 ns
812 1775 1211 1829 numerumque
1242 1759 1637 1814 excedentibus
1662 1760 2048 1813 beneﬁciorum
2081 1761 2291 1827 generi-

2397 664 2538 736 ὀσμῇ
2580 666 2958 735 κατεχόμεναι,
3007 666 3296 738 διαρρῆξαι
3339 668 3429 720 τὸν
3482 669 3680 739 δεσμὸν
3736 672 3837 725 οὐκ
3875 675 3975 726 ἀν-

2400 754 2615 825 ἐχονται
2637 771 2652 786 '
2685 756 2887 823 γλυκὺς
2913 756 3024 828 γὰρ
3055 751 3229 822 οὗτος,
3284 759 3381 811 καὶ
3422 741 3739 824 ἐθελουσίως
3781 765 3977 828 αὐταῖς

2400 847 2802 918 περικείμενος.
2833 849 3054 912 Τούτοις
3081 854 3359 917 συμφωνεῖ
3394 852 3489 904 καὶ
3515 852 3609 904 τοῦ
3640 854 3784 906 θείου
3820 857 3972 909 Παύ-

2398 939 2492 991 λου
2526 939 2598 992 τά
2639 941 2893 1009 ῥήματα·
2937 959 2954 991 ι
2985 941 3219 1011 Χριστοῦ
3254 943 3449 996 εὐωδία
3503 945 3690 1013 ἐσμὲν,
3741 949 3800 998 ἐν
3859 949 3976 1011 τοῖς

2400 1028 2747 1099 σωζομένοις,
2772 1031 2868 1084 καὶ
2903 1031 2962 1083 ἐν
2989 1035 3100 1094 τοῖς
3126 1018 3545 1103 ἀπολλυμένοις*
3579 1031 3659 1100 οἷς
3694 1038 3790 1106 μὲν
3823 1038 3973 1110 ὀσμὴ

2398 1120 2632 1174 θανάτου
2666 1123 2743 1184 είς
2779 1122 3005 1174 θάνατον
3028 1139 3040 1153 ·
3068 1117 3150 1184 οἷς
3175 1123 3231 1176 δὲ
3254 1124 3396 1194 ὀσμὴ
3454 1124 3601 1194 ζωῆς
3638 1128 3715 1188 είς
3745 1126 3913 1197 ζωήν.
3945 1147 3964 1179 ι

2396 1210 2576 1263 Καλὸν
2608 1210 2786 1263 τοίνυν
2811 1211 2972 1264 αὐτὸν
3007 1212 3227 1282 ὑπὸτῆς
3277 1213 3426 1277 θείας
3463 1215 3501 1266 Γ
3508 1219 3682 1286 ραφῆς
3726 1217 3976 1271 διδασκό-

2399 1317 2572 1369 μενοι,
2605 1303 2699 1355 καὶ
2757 1303 2984 1356 πλοῦτον
3042 1306 3317 1374 ἄφραστον
3366 1306 3573 1374 ἔχοντα,
3628 1309 3718 1361 καὶ
3781 1310 3975 1378 σοφίας

2394 1394 2520 1446 δντα
2552 1394 2757 1464 πηγὴν,
2783 1396 2877 1448 καὶ
2906 1397 3139 1449 τοσαῦτα
3184 1398 3476 1466 δυνάμενον
3537 1400 3636 1450 ὅσα
3700 1399 3970 1466 βούλεται,

2394 1483 2488 1536 καὶ
2526 1485 2901 1556 φιλανθρωπίᾳ
2923 1487 3200 1556 χρώμενον
3233 1490 3542 1558 ἀμετρήτῳ.
3569 1491 3663 1542 καὶ
3700 1493 3974 1560 ἡμερότη-

2394 1594 2484 1638 τος
2503 1579 2784 1646 ποταμοὺς
2809 1580 3199 1644 ἀναδλύζοντα,
3233 1582 3325 1634 καὶ
3348 1581 3434 1635 διὰ
3472 1583 3686 1634 πάντων
3744 1586 3971 1655 εὐεργε-

2392 1669 2500 1718 τεῖν
2526 1667 2686 1736 μόνον
2708 1669 2834 1730 τοὺς
2870 1669 3187 1738 ἀνθρώπους
3227 1671 3479 1724 ἐθέλοντα
3501 1689 3513 1702 °
3546 1675 3638 1725 καὶ
3673 1673 3740 1725 τὰ
3773 1676 3966 1743 μυρία,

2392 1758 2486 1810 καὶ
2515 1759 2606 1811 τὸν
2635 1759 2761 1812 νοῦν
2813 1761 3230 1829 ὑπερϐαίνοντα,
3290 1764 3398 1815 τῶν
3460 1765 3789 1834 εὐεργεσιῶν
3849 1767 3965 1835 εἴδη

715 1853 816 1906 bus
845 1867 872 1904 a
904 1852 1035 1906 viris
1069 1850 1254 1905 divino
1289 1852 1494 1921 Spiritu
1536 1851 1728 1906 adlatis
1770 1852 1997 1917 imbuti,
2029 1853 2285 1907 dulcibus
2318 1831 2363 1888 Β

2318 1831 2363 1888 Β
2393 1849 2497 1902 ὑπὸ
2519 1852 2625 1902 τῶν
2642 1849 2916 1921 θεοφόρων
2944 1853 3150 1921 ἀνδρῶν
3182 1831 3573 1923 διδασκόμενοι,
3605 1859 3713 1918 τοῖς
3736 1831 3969 1922 γλυκέσι

714 1943 834 1997 telis
865 1943 1152 1997 charitatis
1181 1943 1451 1996 vulnerati
1479 1951 1627 2006 sunt,
1659 1953 1712 1996 et
1743 1958 1865 1996 cum
1899 1944 2142 1998 membra
2176 1945 2284 1997 sint

713 2028 958 2098 Sponsae.
993 2046 1117 2084 eum
1155 2046 1216 2085 ea
1253 2030 1537 2105 clamitant
1570 2049 1581 2084 :
1625 2050 1642 2082 ι
1681 2029 1964 2084 Vulnerati
2017 2031 2285 2085 charitate

713 2137 812 2176 nos
842 2137 1034 2176 sumus
1071 2125 1112 2174 ί.
1150 2140 1167 2172 ›
1206 2121 1422 2175 Clamat
1447 2122 1717 2191 siquidem
1751 2138 1982 2192 magnus
2002 2121 2279 2177 Joannes:

715 2231 734 2262 ι
774 2212 914 2267 Ecce
957 2227 1132 2282 agnus
1179 2213 1294 2276 Dei,
1339 2213 1432 2282 qui
1487 2213 1628 2267 tollit
1677 2221 1902 2281 peccata
1959 2213 2147 2267 mundi
2177 2212 2221 2267 i.
2260 2231 2277 2264 ι

707 2306 980 2375 Propheta
1023 2321 1150 2358 vero
1201 2304 1373 2358 Isaias
1418 2319 1541 2373 quae
1587 2303 1768 2356 futura
1815 2310 1973 2357 erant
2019 2312 2282 2373 tanquam

711 2400 851 2453 facta
883 2397 1230 2466 praedicebat,
1253 2397 1442 2451 dicens
1471 2414 1485 2452 :
1517 2396 1731 2466 1318
1761 2415 1779 2448 ι
1814 2396 1933 2466 Ipse
1957 2397 2283 2451 vulneratus

709 2500 795 2546 est
833 2499 1055 2558 propter
1086 2488 1405 2557 iniquitates
1435 2500 1682 2549 nostras,
1708 2489 1930 2542 attritus
1951 2495 2034 2542 est
2063 2496 2284 2557 propter

710 2582 916 2637 scelera
955 2589 1176 2634 nostra:
1210 2579 1498 2648 disciplina
1531 2579 1680 2648 pacis
1715 2587 1915 2633 nostra:
1947 2594 2113 2648 super
2135 2595 2281 2646 eum,

711 2672 880 2724 livore
902 2669 1023 2737 ejus
1048 2668 1226 2722 sanati
1257 2683 1446 2722 sumus
1465 2669 1520 2731 ιι,
1545 2686 1563 2719 ι
1595 2675 1648 2722 et
1680 2667 1806 2732 alia,
1839 2684 1959 2737 qua:
1981 2669 2048 2724 de
2079 2671 2284 2725 saluta-

709 2762 864 2815 ribus
907 2759 1260 2830 passionihus
1310 2758 1683 2828 prosequitur.
1741 2758 2009 2813 Praedicat
2061 2776 2282 2831 quoque

709 2852 934 2915 Paulus,
976 2852 1261 2906 clamans:
1298 2869 1317 2901 ι
1354 2849 1458 2916 Qui
1510 2851 1674 2904 etiam
1716 2854 1948 2921 proprio
1993 2851 2131 2907 Filio
2181 2868 2284 2909 suo

708 2959 817 2999 non
876 2943 1139 3013 pepercit,
1205 2941 1299 2996 sed
1367 2957 1467 3010 pro
1528 2942 1686 2995 nobis
1742 2943 1996 2996 omnibus
2057 2944 2284 2997 tradidit

708 3036 885 3096 illum,
920 3034 1196 3100 quomodo
1228 3049 1335 3087 non
1369 3033 1532 3087 etiam
1579 3035 1740 3088 nobis
1782 3049 1907 3088 cum
1958 3036 2053 3089 illo
2099 3037 2282 3090 omnia

708 3125 936 3180 donabit
961 3123 1009 3177 ιι
1038 3143 1055 3175 ι
1095 3123 1158 3178 Et
1177 3123 1396 3178 denuo:
1432 3142 1451 3175 ι
1490 3123 1594 3178 Pro
1621 3123 1844 3178 Christo
1866 3125 2132 3195 legatione
2161 3126 2284 3181 fun-

709 3217 910 3286 gimur,
945 3226 1203 3285 tanquam
1245 3215 1352 3270 Deo
1379 3215 1707 3270 exhortante
1739 3231 1834 3284 per
1856 3232 1996 3272 nos:
2029 3218 2288 3273 obsecra—

710 3325 833 3363 mus
865 3324 962 3379 pro
994 3309 1234 3374 Christo,
1265 3307 1697 3362 reconciliamini
1731 3307 1863 3364 Deo.
1898 3309 2031 3363 Eum
2065 3310 2156 3379 qui
2183 3325 2292 3364 non

712 3410 939 3456 noverat
963 3409 1270 3471 peccatum,
1299 3417 1397 3471 pro
1423 3402 1580 3457 nobis
1606 3411 1890 3471 peccatum
1913 3401 2062 3467 fecit,
2097 3411 2155 3457 ut
2192 3418 2291 3458 nos

709 3493 1046 3548 el'liceremur
1074 3493 1284 3561 iustitia
1322 3494 1410 3547 Dei
1452 3495 1505 3548 in
1538 3496 1657 3563 ipso
1687 3503 1746 3547 ⁸³.
1776 3513 1792 3546 ι

783 3583 906 3636 Ihee
934 3593 989 3636 et
1029 3585 1134 3636 alia
1173 3584 1224 3636 id
1257 3600 1432 3654 genus
1466 3585 1606 3654 apud
1643 3586 1765 3640 illos
1791 3586 2153 3654 reperientes,
2193 3586 2287 3656 qui

710 3673 885 3729 divini
919 3670 1078 3727 Verbi
1123 3673 1273 3728 luere
1319 3675 1580 3737 ministri,
1615 3675 1815 3730 divinae
1850 3677 2140 3732 eharitatis
2185 3679 2287 3732 sti-

711 3760 890 3814 mulos
933 3761 1173 3831 undique
1203 3763 1531 3832 suscipiunt,
1561 3770 1614 3816 et
1643 3764 1843 3832 spretis
1865 3765 2140 3830 omnibus,
2161 3779 2284 3819 eum

713 3866 873 3920 quem
904 3861 1092 3905 amant
1129 3852 1238 3907 sibi
1265 3853 1334 3907 ob
1364 3854 1557 3910 oculos
1589 3866 1839 3924 ponunt:
1869 3865 1922 3911 et
1945 3866 2068 3912 ante
2100 3873 2286 3928 spera-

714 3953 822 3996 tam
856 3944 1349 4009 immortalitatem,
1382 3961 1586 4015 corpus
1629 3949 1872 4016 spiritale
1909 3947 2280 4004 reddiderunt.

714 4032 870 4086 Hunc
893 4039 947 4086 et
979 4047 1080 4087 nos
1105 4034 1503 4101 amplectamur
1533 4049 1793 4096 amorem.
1832 4038 2132 4106 sponsique
2161 4041 2284 4106 pulo

2390 1941 2489 2011 τῆς
2527 1942 2742 2010 ἀγάπης
2769 1943 3084 2012 ἐτρώθησαν
3114 1945 3310 2013 βέλεσι,
3342 1946 3434 1998 καὶ
3460 1946 3592 2016 μέλη
3626 1949 3721 2017 τῆς
3745 1950 3968 2019 νύμφης

2391 2035 2565 2096 ὄντες,
2619 2036 2736 2102 μετ’
2806 2036 3020 2102 ἐκείνης
3074 2035 3270 2104 βοῶσιο
3311 2038 3698 2107 (Τετρωμὲνοι
3746 2041 3968 2110 ἀγάπης

2388 2123 2569 2191 ἡμεῖς.
2596 2142 2613 2174 ι
2648 2125 2707 2175 '0
2738 2123 2847 2194 γὰρ
2875 2125 3048 2193 μέγας
3089 2125 3340 2193 Ἰωάννης
3366 2127 3463 2197 βοᾷ
3495 2144 3508 2158 ·
3554 2146 3571 2178 ι
3600 2129 3701 2181 Ἴδε
3729 2130 3758 2180 ὁ
3791 2131 3967 2199 ἀμνὸς

2387 2211 2481 2264 τοῦ
2513 2212 2670 2276 Θεοῦ,
2699 2216 2727 2266 ὁ
2765 2215 2933 2283 αἴρων
2957 2215 3056 2282 τὴν
3091 2215 3361 2286 ἁμαρτίαν
3392 2216 3489 2269 τοῦ
3530 2218 3754 2288 κόσμου.
3779 2239 3798 2271 ι
3821 2219 3879 2272 Ὀ
3906 2220 3966 2272 δὲ

2390 2309 2675 2375 προφήτης
2709 2305 2960 2368 Ἡσαΐας,
2994 2306 3070 2370 ὡς
3099 2309 3437 2378 γεγενημένα
3459 2309 3528 2363 τὰ
3559 2313 3794 2380 ἐσόμενα
3829 2329 3965 2383 προ-

2389 2395 2643 2448 εθέσπισε
2708 2397 2881 2464 λέγων
2911 2415 2923 2428 ·
2983 2417 3003 2450 ι
3039 2400 3212 2462 Αὐτὸς
3259 2401 3666 2471 ἐτραυματίσθη
3727 2403 3816 2456 διὰ
3860 2407 3964 2467 τὰς

2389 2487 2662 2558 ἁμαρτίας
2685 2488 2864 2558 ἡμῶν,
2897 2490 2990 2542 καὶ
3036 2490 3439 2559 μεμαλάκισται
3464 2493 3550 2546 διά
3582 2495 3680 2556 τὰς
3734 2495 3964 2563 ἀνομίας

2389 2578 2580 2654 ἡμῶν·
2610 2579 2825 2632 παιδεία
2863 2581 3083 2650 εἰρήνης
3107 2583 3261 2650 ἡμῶν
3285 2583 3373 2636 ἐπ’
3399 2584 3594 2636 αὐτόν·
3623 2583 3700 2653 τῷ
3735 2585 3964 2654 μὼλωτι

2389 2651 2555 2720 αὐτοῦ
2583 2669 2748 2738 ἡμεῖς
2786 2669 2906 2738 ἰάθη
2919 2688 3016 2739 μεν
3037 2686 3049 2699 ·
3085 2691 3104 2722 ι
3142 2673 3236 2724 καὶ
3270 2674 3337 2725 τὰ
3362 2674 3518 2738 ἄλλα,
3546 2676 3644 2726 ὃσα
3673 2651 3812 2743 περὶ
3852 2675 3964 2728 τῶν

2391 2758 2672 2829 σωτηρίων
2699 2759 2886 2811 παθῶν
2909 2761 3260 2830 διεξέρχεται.
3294 2765 3567 2832 Κηρύττει
3599 2765 3693 2817 καὶ
3746 2765 3961 2827 Παῦλος

2391 2850 2561 2920 βοῶν’
2605 2868 2622 2901 ι
2651 2851 2749 2911 Ὃς
2782 2867 2842 2915 γε
2876 2851 2970 2903 τοῦ
3020 2853 3147 2905 ἰδίου
3190 2853 3319 2915 Υίοῦ
3372 2855 3472 2906 οὐκ
3528 2856 3798 2923 ἐφείσατο,
3846 2855 3964 2908 ἀλλ’

2390 2938 2532 3006 ὑπὲρ
2565 2937 2720 3007 ἡμῶν
2746 2938 2964 2990 πάντων
3001 2940 3318 3008 παρέδωκεν
3349 2940 3532 3001 αὐτὸν,
3566 2941 3681 3003 πῶς
3710 2943 3828 3008 οὐχὶ
3863 2943 3959 2992 καὶ

2390 3031 2487 3081 σὺν
2514 3028 2664 3097 αὐτῷ
2702 3030 2771 3081 τά
2815 3029 2989 3081 πάντα
3018 3032 3148 3099 ἡμῖν
3187 3031 3476 3099 χαρίσηται
3506 3048 3522 3094 ς
3555 3051 3571 3079 ι
3615 3030 3721 3083 Καὶ
3752 3031 3916 3083 πάλιν
3948 3051 3958 3060 ·

2394 3120 2604 3191 «Ὑπὲρ
2638 3122 2875 3190 Χριστοῦ
2917 3121 3310 3191 πρεσϐεύομεν,
3345 3123 3418 3185 ὡς
3461 3123 3551 3175 τοῦ
3590 3124 3723 3176 Θεοῦ
3784 3142 3963 3194 παρα-

2391 3210 2679 3274 καλοῦντος
2705 3211 2770 3263 δι’
2798 3212 2982 3281 ἡμῶν·
3011 3213 3242 3282 δεόμεθα
3291 3215 3433 3284 ὑπὲρ
3468 3215 3726 3283 Χριστοῦ,
3757 3216 3961 3268 καταλ-

2398 3301 2600 3370 λάγητε
2630 3303 2708 3372 τῷ
2734 3302 2852 3369 Θεῷ
2890 3318 2904 3331 ο
2935 3304 3024 3356 τὸν
3048 3305 3155 3374 γὰρ
3183 3305 3259 3375 μὴ
3287 3307 3485 3372 γνόντα
3526 3305 3800 3375 ἁμαρτίαν
3821 3308 3963 3374 ὑπὲρ

2391 3391 2551 3460 ἡμῶν
2582 3392 2856 3461 ἁμαρτίαν
2885 3393 3162 3464 ἐποίησεν,
3185 3394 3271 3447 ἵνα
3299 3395 3462 3464 ἡμεῖς
3489 3393 3772 3464 γενώμεθα
3822 3395 3959 3448 Θεοῦ

2388 3480 2705 3550 δικαιοσύνη
2745 3484 2803 3536 ἐν
2827 3484 3000 3552 αὐτῷι
3026 3503 3043 3535 ι

2458 3573 2665 3636 Ταῦτα,
2699 3575 2793 3626 καὶ
2852 3574 2952 3627 ὅσα
3008 3574 3254 3639 τοιαῦτα,
3297 3577 3447 3647 παρά
3502 3579 3614 3639 τοῖς
3655 3578 3962 3647 ὑπηρέταις

2383 3662 2478 3716 τοῦ
2507 3649 2651 3717 θέίου
2674 3665 2834 3732 λόγου
2875 3668 3264 3735 γεγενημένοις
3293 3668 3636 3732 εὑρίσκοντες
3655 3707 3669 3733 ,
3711 3668 3961 3738 δέχονται

2387 3754 2722 3823 πανταχόθεν
2743 3756 2842 3824 τῆς
2872 3755 3020 3818 θείας
3066 3757 3284 3824 ἀγάπης
3313 3758 3380 3809 τὰ
3409 3759 3629 3826 κέντρα,
3675 3759 3772 3812 καὶ⁸
3824 3760 3962 3811 πάν-

2385 3861 2494 3897 των
2543 3845 3042 3916 ὑπερφρονοῦντες,
3101 3846 3463 3915 φαντάζονται
3515 3849 3604 3900 τὸν
3656 3847 3955 3916 ἐρώμενον,

2383 3935 2478 3988 καὶ
2511 3935 2615 4006 πρὸ
2640 3937 2736 4005 τῆς
2753 3936 3110 4006 ἐλπιζομένης
3144 3937 3476 4008 ἀφθαρσίας,
3506 3939 3566 3990 τὸ
3596 3938 3752 4007 σῶμα
3788 3956 3956 3990 πνευ-

2387 4029 2611 4097 ματικὸν
2669 4027 3024 4081 ἀπετέλεσαν.
3067 4029 3238 4080 Τοῦτο
3285 4031 3377 4082 καὶ
3421 4032 3578 4099 ἡμεῖς
3617 4030 3677 4082 τὸ
3733 4029 3957 4100 φίλτρον

714 4122 1024 4178 chritudine
1067 4124 1254 4186 illecti,
1287 4132 1341 4178 et
1375 4126 1772 4193 promissorum
1825 4127 2094 4182 bonorum
2133 4129 2283 4183 desi-

2380 4119 2682 4189 δεξώμεθα.
2700 4121 2793 4171 καὶ
2805 4120 2880 4188 τῷ
2903 4119 3085 4172 κάλλει
3102 4120 3194 4172 τοῦ
3219 4122 3448 4191 νυμφίου
3472 4120 3955 4191 καταθελγόμενοι,

714 4214 867 4270 derio
917 4215 1090 4284 capti,
1135 4215 1636 4285 ben'eliciorumque
1681 4219 2082 4273 multitudinem
2125 4235 2282 4276 reve-

714 4315 922 4367 rentes.
955 4314 1006 4360 et
1047 4307 1662 4378 ingratitudinispmnas
1691 4319 2281 4372 metuentes,amantes

715 4397 1009 4466 legumque
1058 4397 1233 4466 ipsius
1289 4397 1544 4452 custodes
1590 4415 1692 4455 nos
1741 4400 2104 4469 praebeamus.
2155 4403 2281 4457 Haec

2386 4212 2479 4265 καὶ
2511 4212 2618 4264 τῶν
2669 4213 3099 4282 ἐπηγγελμένων
3154 4215 3376 4281 ἀγαθῶν
3429 4216 3727 4285 ἐφιέμενοι,
3777 4218 3872 4268 καὶ
3897 4217 3958 4268 τδ

2385 4301 2493 4354 τῶν
2541 4303 2870 4372 εὐεργεσιῶν
2904 4304 3291 4374 ἐντρεπόμενοι
3333 4304 3554 4373 πλῆθος,
3607 4309 3702 4358 καὶ
3731 4307 3830 4367 τὰς
3857 4305 3958 4373 τῆς

2385 4393 2706 4460 ἀχαριστίας
2737 4393 2964 4456 δεδιότες
2983 4393 3229 4458 εὐθύνας,
3255 4395 3574 4461 ἀγαπῶντες
3603 4396 3693 4448 καὶ
3711 4397 3954 4462 φύλακες

714 4488 858 4541 enim
896 4501 1108 4542 summa
1137 4497 1222 4541 est
1253 4488 1527 4552 amicitiae,
1557 4491 1745 4545 eadem
1791 4507 1975 4548 amare
1999 4500 2053 4547 et
2091 4495 2278 4548 eadem
2309 4525 2358 4584 Ι)

2309 4525 2358 4584 D
2384 4483 2545 4535 αὐτοῦ
2577 4482 2683 4536 τῶν
2707 4484 2884 4552 νόμων
2919 4484 3225 4554 γενώμεθα.
3261 4481 3426 4547 Οὗτος
3459 4486 3567 4555 γὰρ
3591 4487 3713 4555 ὅρος
3747 4485 3955 4554 φιλίας,

717 4577 920 4631 odisse.
947 4575 1020 4628 Ea
1039 4576 1104 4630 de
1123 4592 1288 4631 causa
1313 4578 1525 4632 dicebat
1546 4595 1765 4651 quoque
1785 4583 1850 4637 ad
1870 4583 2237 4637 Abrahamum
2267 4603 2280 4640 :

722 4688 743 4718 ι
785 4666 1112 4721 Benedicam
1164 4668 1613 4724 benediceutibus
1670 4673 1792 4736 tibi,
1854 4682 1907 4727 et
1967 4674 2285 4728 maledicam
2339 4719 2344 4726 .

719 4756 1174 4810 maledicentibus
1211 4756 1306 4810 tibi
1342 4768 1390 4810 ιι.
1432 4777 1448 4809 ι
1489 4759 1555 4812 Ει
1591 4761 1754 4814 David
1796 4761 1862 4815 ad
1897 4777 2061 4816 eum:
2105 4781 2122 4814 ι
2157 4762 2288 4816 Mihi

719 4856 899 4901 autem
943 4848 1097 4902 valde
1139 4848 1393 4902 honorati
1435 4860 1563 4904 sunt
1598 4853 1758 4908 amici
1790 4855 1890 4918 tui,
1913 4854 2055 4909 Deus
2076 4863 2115 4907 °.
2161 4874 2177 4906 ι
2212 4855 2290 4910 Ac

721 4954 936 4992 rursum
966 4957 979 4993 :
1017 4959 1035 4991 ι
1067 4938 1257 4994 Nonne
1293 4941 1383 5010 qui
1411 4943 1652 4997 oderunt
1687 4945 2019 5011 te,Domine,
2045 4947 2290 5009 oderam,

722 5040 776 5084 et
805 5046 969 5099 super
998 5031 1210 5101 1319
1266 5033 1517 5088 inimicos
1563 5043 1686 5090 tuos
1738 5037 2126 5092 tabesceham?
2161 5037 2290 5092 Per-

725 5122 867 5173 fecto
894 5122 1019 5174 odio
1048 5123 1266 5176 oderam
1299 5123 1444 5178 illos.
1477 5123 1689 5180 Inimici
1722 5127 1848 5181 facti
1877 5137 2006 5182 sunt
2037 5130 2166 5184 mihi
2204 5142 2283 5184 ρ.»

727 5211 789 5262 Et
832 5210 939 5264 alio
976 5211 1134 5265 loco:
1173 5229 1190 5263 ι
1225 5211 1449 5282 lniquos
1483 5216 1607 5269 odio
1650 5217 1837 5280 habui,
1889 5219 2057 5286 legem
2109 5228 2287 5273 autem

723 5310 870 5355 tuam
901 5300 1065 5355 dilexi
1087 5311 1134 5353 ει·
1176 5321 1194 5355 ι
1243 5302 1308 5357 Et
1327 5306 1492 5359 alibi:
1531 5324 1548 5357 ι
1586 5305 1868 5371 Quomodo
1898 5309 2060 5363 dilexi
2106 5311 2281 5378 legem

723 5399 895 5454 tuam,
927 5389 1182 5446 Domine!
1219 5400 1329 5446 tota
1354 5393 1441 5448 die
1477 5395 1757 5449 meditatio
1785 5408 1904 5450 mea”
1931 5409 2015 5453 est
2052 5379 2126 5452 τί»
2163 5399 2288 5454 Evi-

724 5481 859 5536 dena
892 5482 1058 5552 igitur
1083 5481 1368 5540 charitatis
1395 5485 1448 5540 in
1484 5485 1650 5541 Deum
1674 5497 2056 5557 argumentum
2089 5502 2172 5547 est
2197 5494 2284 5548 di-

791 5662 1037 5744 λιιᾷερτ,
1075 5664 1129 5728 2,
1168 5665 1364 5744 15116.
1507 5665 1664 5744 Qant.
1709 5685 1758 5731 ν,
1794 5671 1844 5725 8.
1910 5675 1948 5744 ,ιζ
1976 5672 2132 5731 Joau.
2177 5695 2235 5740 ll,
2274 5680 2363 5744 29,

1371 5745 1395 5772 ο
1427 5735 1568 5791 Psal.
1605 5752 1861 5803 cxxxvm,
1897 5741 1982 5797 l7.
2059 5747 2191 5801 ibid.
2226 5735 2444 5817 21,122.

723 5732 812 5791 91.
886 5735 1079 5790 IIGen.
1121 5737 1286 5800 νηῒ).

2384 4577 2445 4627 τὸ
2478 4576 2649 4627 ταυτα
2687 4576 2880 4642 φιλεῖν,
2927 4578 3020 4628 καὶ
3064 4577 3234 4629 ταυτὰ
3283 4580 3490 4646 μισεῖν·
3522 4577 3608 4629 διὰ
3676 4578 3836 4631 τοῦτο
3873 4579 3955 4648 τῷ

2398 4666 2646 4736 Ἀϐραὰμ
2673 4667 2853 4734 ἔλεγεν
2879 4685 2890 4697 ’
2931 4669 3254 4737 «Εὐλογήσω
3296 4669 3419 4730 τοὺς
3463 4668 3814 4736 εὐλογοῦντάς
3870 4688 3954 4732 σε.

2387 4757 2480 4808 καὶ
2537 4760 2660 4820 τοὺς
2711 4759 3141 4827 καταρωμένους
3178 4775 3236 4810 σε
3292 4760 3694 4828 καταράσομαι,
3726 4779 3744 4809 ι
3789 4762 3896 4812 Καὶ
3927 4765 3954 4812 ο

2388 4847 2549 4899 Δαεὶδ
2599 4847 2735 4917 πρὸς
2783 4849 2944 4901 αὐτόν
2975 4863 2992 4880 ο
3029 4867 3047 4898 ι
3088 4849 3242 4917 Ἐμοὶ
3272 4848 3328 4900 δὲ
3379 4849 3500 4902 λίαν
3543 4851 3877 4920 ἐτιμήθησαν
3905 4854 3956 4905 οι

2389 4941 2532 5008 φίλοι
2563 4957 2677 5002 σου,
2701 4941 2728 4992 ὁ
2751 4940 2903 5002 Θεὸς,
2942 4958 2959 4988 ι
2993 4940 3101 4990 Καὶ
3130 4939 3288 4991 πάλιν
3310 4952 3322 4965 ·
3366 4957 3383 4988 ι
3406 4941 3538 5008 Οὐχὶ
3567 4942 3690 5001 τοὺς
3724 4941 3922 5008 μισοῦν
3941 4973 3954 4980 -

2389 5031 2487 5092 τάς
2513 5048 2592 5093 σε,
2627 5031 2823 5102 Κύριε,
2887 5030 3143 5099 ἐμίσησα,
3179 5030 3271 5082 καὶ
3301 5031 3393 5083 ἐπὶ
3446 5033 3556 5092 τοῖς
3614 5032 3824 5100 ἐχθροῖς
3858 5049 3955 5085 σου

2389 5119 2772 5189 ἐξετηκόμην;
2825 5119 3039 5170 Τέλειον
3085 5119 3242 5187 μῖσος
3304 5120 3528 5187 ἐμίσουν
3583 5120 3778 5182 αὐτούς
3813 5137 3828 5152 ο
3872 5124 3958 5182 είς

2386 5210 2610 5282 ἐχθροὺς
2637 5211 2877 5278 ἐγένοντό
2909 5228 3018 5279 μοι.
3050 5227 3068 5259 ι
3101 5210 3208 5262 Καὶ
3239 5209 3462 5279 ἐτέρωθι
3487 5218 3501 5240 ⁸
3545 5229 3562 5260 ι
3595 5211 3954 5280 Παρανόμους

2384 5301 2622 5371 ἐμίσησα
2640 5342 2654 5367 ,
2677 5302 2765 5355 τὸν
2787 5303 2843 5356 δὲ
2865 5303 3026 5372 νόμον
3054 5319 3148 5355 σου
3169 5302 3463 5370 ἠγάπησα.
3493 5319 3510 5351 ι
3551 5301 3662 5353 Καὶ
3690 5300 3955 5371 ἀλλαχοῦ·

2390 5413 2408 5446 ι
2442 5395 2526 5458 Ὠς
2544 5396 2804 5466 ἠγάπησα
2832 5397 2921 5450 τὸν
2943 5397 3106 5466 νόμον
3127 5412 3240 5460 σου,
3262 5397 3455 5466 Κύριε,
3472 5397 3597 5466 ὅλην
3618 5397 3716 5466 τὴν
3737 5397 3957 5467 ἡμέραν

2388 5486 2580 5557 μελέτη
2608 5487 2707 5556 μού
2759 5489 2919 5540 ἐστιν.
2953 5506 2970 5538 ι
2993 5488 3250 5559 Ἐναργές
3277 5484 3371 5541 οῦν
3392 5490 3688 5559 τεκμήριον
3711 5490 3809 5559 τῆς
3826 5492 3959 5559 περὶ

2464 5683 2486 5722 ι
2521 5683 2849 5767 Ιειιᾏιιιιῶ.
2929 5685 2944 5725 ι
2993 5687 3150 5742 Rom.
3180 5690 3421 5767 νειμ-ῥὶς
3500 5702 3536 5730 ι
3569 5695 3738 5749 llCor
3785 5698 3959 5767 v.20,

2549 5765 2572 5802 ε
2609 5756 2756 5810 Psal.
2791 5771 2954 5810 cum
2983 5771 3162 5813 CCXIX.
3247 5769 3266 5796 ι’
3303 5760 3437 5814 ibid.
