4216 6456
747 370 884 435 1503

744 482 1098 553 appositionc
1143 484 1385 538 materim
1411 528 1423 551 ,
1456 492 1510 539 et
1540 500 1649 540 non
1695 487 1985 543 hebetatur

742 574 966 625 dilectio
1018 587 1200 625 rerum
1252 573 1562 628 divinarum
1612 579 2077 646 contemplatione
2128 580 2317 633 incen-

741 662 911 724 ditur,
949 670 1002 716 et
1027 663 1487 719 vehementiorem
1523 666 1650 721 inde
1680 668 2163 739 ardentioremque
2187 685 2318 740 ope-

741 757 1010 808 rationem
1048 756 1234 826 recipil
1285 775 1298 810 :
1346 758 1554 826 1302
1587 766 1641 811 et
1670 768 1877 824 quanto
1922 764 2046 830 quis
2080 763 2316 832 amplius

740 846 795 896 iu
824 845 1024 900 divinis
1057 846 1361 910 institerit,
1418 857 1573 902 tanto
1622 852 1797 920 magis
1829 852 2117 908 charitatis
2162 853 2316 906 ﬂam-

741 951 883 990 mant
941 938 1169 991 excitat.
1216 942 1392 1008 Atque
1439 941 1544 995 hoc
1598 957 1697 995 nos
1728 959 1836 996 non
1868 945 2046 998 solum
2083 961 2315 1016 magnus

740 1028 929 1079 docuit
960 1029 1169 1094 Moses,
1204 1033 1296 1084 sed
1327 1033 1491 1085 etiam
1521 1042 1710 1087 sancta
1741 1036 1832 1087 illa
1855 1051 2087 1105 sponsa,
2116 1037 2185 1091 de
2206 1054 2313 1107 qua

738 1119 961 1175 divinus
985 1123 1060 1173 ait
1092 1121 1334 1178 Paulus:
1367 1142 1385 1174 ι
1427 1124 1694 1193 Despondi
1724 1142 1819 1181 vos
1856 1129 1949 1182 uni
1982 1131 2118 1196 viro,
2143 1132 2312 1202 virgi—

741 1226 863 1263 nem
895 1220 1106 1266 castam
1126 1214 1382 1269 exhibere
1413 1215 1630 1271 Christo
1651 1220 1696 1270 θ.
1732 1237 1749 1269 ι
1779 1219 1900 1274 llazc
1917 1223 2062 1275 enim
2085 1223 2139 1275 in
2168 1222 2312 1278 Can-

740 1302 847 1355 tico
882 1304 1221 1357 canticorum
1269 1305 1333 1357 ad
1370 1321 1635 1374 sponsum
1695 1311 1897 1364 clamat
1947 1331 1959 1366 :
2003 1333 2021 1363 ‹
2073 1312 2312 1371 Ostende

740 1390 871 1442 mihi
909 1391 1103 1445 faciem
1132 1401 1280 1446 tuam
1305 1434 1319 1457 ,
1355 1405 1515 1450 sonet
1539 1413 1642 1451 vox
1674 1406 1763 1451 tua
1790 1400 1844 1452 in
1879 1402 2106 1456 auribus
2131 1404 2307 1459 meis:

739 1494 841 1533 vox
882 1482 1027 1535 enim
1080 1491 1173 1536 tua
1229 1485 1438 1547 dulcis,
1500 1496 1555 1540 et
1610 1487 1782 1543 facies
1832 1499 1923 1543 tua
1969 1493 2169 1547 decora
2192 1493 2239 1548 δ.
2286 1514 2304 1547 ι

738 1570 812 1623 lix
849 1572 933 1626 his
960 1573 1104 1626 enim
1130 1590 1253 1643 quae
1287 1577 1353 1629 de
1379 1578 1497 1644 ipso
1531 1578 1782 1632 audierat
1814 1580 1942 1645 dici,
1974 1583 2092 1650 ejus
2123 1601 2311 1640 amore

737 1672 928 1730 multa,
985 1680 1095 1719 non
1141 1675 1223 1719 est
1272 1676 1531 1721 contenta
1577 1670 1796 1735 verbis,
1835 1673 1927 1726 sed
1975 1674 2147 1742 ipsam
2192 1676 2309 1742 ejus

739 1767 927 1806 vocem
958 1755 1148 1808 audire
1201 1756 1483 1811 desiderat
1533 1777 1549 1814 :
1603 1769 1657 1814 et
1688 1777 1755 1816 ex
1800 1762 1868 1817 iis
1899 1780 2021 1832 qua:
2048 1765 2114 1819 de
2160 1766 2309 1821 illius

1732 375 2219 436 THEODORETI
2257 377 2596 440 EPISCUPI
2644 381 3007 442 CYRENSIS

3858 385 3996 451 150i

2037 508 2050 544 :
2098 490 2178 545 sic
2226 488 2319 543 Dei
2352 495 2397 549 Α
2426 490 2633 553 λαυσις.
2670 493 2775 544 Καὶ
2810 492 3061 562 καθάπερ
3105 491 3168 543 τὸ
3198 492 3343 563 πῦρ,
3380 495 3491 565 ὅσῳ
3519 495 3741 550 πλείονα
3790 500 3999 570 τροφὴν

2426 581 2773 650 ὑποδέχεται,
2839 583 3077 652 τοσούτῳ
3128 583 3351 652 μείζονα
3404 584 3501 655 τὴν
3553 586 3834 658 ἐνέργειαν
3890 592 3998 643 δείο

2430 686 2616 722 κνυσιν
2663 669 2909 740 (αὒξεται
2943 674 3052 741 γὰρ
3085 672 3217 741 αὕτη
3259 676 3327 744 τῇ
3375 674 3659 746 προσθήκῃ
3707 678 3801 747 τῆς
3837 678 3993 746 ὕλης,

2422 758 2538 811 ἀλλ’
2574 761 2674 812 οὐκ
2724 760 3115 830 άμ6λύνεται)’
3166 763 3337 826 οὕτως
3384 766 3417 834 ή
3471 765 3606 836 πρὸς
3633 767 3765 820 Θεὸν
3802 771 3997 838 ἀγάπη

2421 853 2486 919 τῇ
2517 851 2718 921 θεωρίᾳ
2756 851 2866 905 τῶν
2898 852 3057 905 θείων
3092 854 3453 923 πυρσεύεται,
3504 857 3596 909 καὶ
3630 859 3998 929 σφοδροτέραν

2420 942 2652 1005 ἐκεῖθεν,
2704 944 2797 995 καὶ
2827 943 3164 1016 θερμοτέραν
3197 947 3298 1017 τὴν
3332 947 3613 1018 ἐνέργειαν
3648 951 3994 1021 ὑποδέχεται.

2419 1033 2528 1086 Καὶ
2549 1034 2657 1105 ὅσῳ
2676 1035 2741 1088 ἄν
2764 1054 2853 1099 τις
2873 1036 3031 1090 πλέον
3058 1039 3169 1100 τοῖς
3194 1038 3360 1101 θείοις
3389 1041 3723 1115 ἐνδιατρίψῃ,
3752 1046 3999 1114 τοσούτῳ

2423 1120 2626 1188 μᾶλλον
2656 1122 2882 1185 ἐξάπτει
2921 1124 3019 1193 τῆς
3070 1125 3294 1192 ἀγάπης
3340 1126 3441 1197 τὴν
3469 1127 3663 1197 φλόγα.
3696 1132 3803 1183 Καὶ
3833 1132 3999 1184 τοῦτο

2416 1213 2565 1281 ἡμᾶς
2594 1215 2653 1266 οὐ
2684 1216 2845 1283 μόνον
2882 1218 2910 1267 ό
2961 1216 3137 1285 μέγας
3186 1215 3393 1283 ἐδίδαξε
3422 1220 3684 1291 Μωῦσῆς,
3715 1222 3851 1275 ἀλλὰ
3899 1225 3997 1276 καὶ

2418 1303 2451 1371 ἡ
2489 1303 2620 1370 ἁγία
2649 1305 2832 1376 νύμφη
2858 1349 2873 1372 ,
2913 1308 3043 1377 περὶ
3071 1302 3139 1377 ἦς
3167 1311 3195 1361 6
3234 1308 3521 1374 θεσπέσιος
3556 1311 3700 1379 λέγει
3739 1312 3952 1375 Παῦλος
3977 1331 3991 1343 ’

2422 1411 2443 1444 ι
2481 1393 2839 1466 Ἡρμοσάμην
2866 1398 3009 1466 ὑμᾶς
3038 1399 3120 1451 ἐνὶ
3139 1399 3295 1470 ἀνδρὶ
3323 1401 3589 1469 παρθένον
3614 1402 3781 1471 ἁγνὴν
3814 1422 3996 1474 παρα-

2419 1484 2613 1553 στῆσαι
2651 1486 2727 1554 τῷ
2754 1486 2996 1556 Χριστῷ.
3037 1506 3057 1540 ι
3089 1488 3237 1559 Αὕτη
3270 1489 3378 1561 γὰρ
3411 1493 3467 1543 ἐν
3495 1493 3574 1561 τῷ
3612 1494 3853 1564 ’ᾼσματι
3880 1496 3994 1547 τῶν

2417 1576 2676 1645 ᾀσμάτων
2708 1577 2841 1647 πρὸς
2874 1577 2963 1630 τὸν
3002 1580 3234 1647 νυμφίον
3274 1580 3374 1650 βοᾷ
3399 1598 3413 1612 ·
3453 1601 3473 1634 ‹
3520 1583 3701 1647 Δεῖξόν
3746 1602 3835 1653 μοι
3887 1590 3993 1655 τὴν

2414 1663 2536 1731 ὄψιν
2568 1680 2661 1716 σου
2684 1705 2699 1732 ,
2732 1668 2826 1718 καὶ
2861 1666 3150 1721 ἀκούτισόν
3184 1687 3273 1739 μοι
3306 1671 3406 1740 τῆς
3436 1672 3623 1741 φωνῆς
3670 1690 3761 1725 σου
3788 1712 3802 1735 ,
3840 1675 3921 1727 ὅτι
3956 1677 3990 1744 ἡ

2415 1756 2565 1824 φωνή
2602 1773 2695 1809 σου
2730 1756 2903 1827 ἡδεῖα,
2951 1758 3044 1811 καὶ
3083 1761 3116 1829 ἡ
3144 1760 3268 1831 Mm;
3301 1778 3397 1815 σου
3427 1764 3623 1836 ὡραῖα.
3667 1784 3683 1816 ι
3734 1767 3827 1819 Ἐκ
3876 1768 3990 1836 γὰρ

740 1843 1150 1910 pulchritudine
1180 1848 1394 1901 narrari
1430 1849 1709 1916 audierat,
1746 1860 2005 1921 tanquam
2039 1856 2161 1909 aliis
2181 1858 2311 1912 sub-
2342 1846 2383 1899 Β

2342 1846 2383 1899 Β
2411 1847 2521 1899 τῶν
2559 1849 2689 1919 περὶ
2741 1850 2907 1902 αὑτοῦ
2952 1850 3124 1918 λόγων
3167 1852 3435 1924 δεξαμένη
3468 1855 3560 1908 τὸν
3608 1856 3825 1926 ἔρωτα,
3884 1859 3989 1910 οὐκ

737 1940 928 1994 vecta,
979 1932 1154 2001 ipsius
1193 1950 1414 2004 quoque
1443 1950 1744 2008 conspectu
1799 1940 1905 1996 frui
1961 1946 2150 2013 cupit,
2201 1950 2307 2001 vim

736 2022 941 2076 altioris
1006 2022 1318 2079 laudatione
1376 2027 1462 2080 illa
1519 2028 1894 2099 signiﬁcans:
1948 2052 1967 2084 ‹
2021 2032 2306 2104 Ostende,

734 2112 913 2176 mihi,
969 2112 1185 2183 inquit,
1244 2117 1437 2171 [aciem
1489 2128 1673 2187 tuam,
1734 2131 1787 2176 et
1825 2136 1982 2178 sonet
2045 2142 2147 2180 vox
2212 2138 2305 2182 tua

736 2205 791 2255 iu
836 2205 1065 2260 auribus
1098 2208 1277 2261 meis:
1327 2224 1426 2263 vox
1457 2212 1602 2265 enim
1643 2221 1737 2266 tua
1789 2216 2001 2279 dulcis,
2044 2229 2098 2273 et
2142 2219 2311 2277 iacies

736 2301 828 2345 tua
866 2294 1085 2350 decora.
1144 2315 1162 2349 ›
1202 2296 1378 2368 Hujus
1434 2302 1598 2357 etiam
1660 2306 2086 2374 pulchritudinis
2127 2326 2312 2369 amore

735 2396 934 2456 captus
990 2389 1138 2447 illius
1185 2407 1419 2461 sponsor
1477 2410 1541 2449 ae
1582 2401 2014 2469 paranymphus,
2064 2402 2307 2471 divinus,

736 2477 984 2547 inquam,
1021 2479 1259 2546 Paulus,
1313 2484 1601 2541 amabilem
1650 2488 1797 2542 illam
1859 2493 2046 2547 amisit
2097 2509 2307 2549 vocem.

742 2589 760 2621 ι
825 2571 963 2635 Quis
1012 2589 1115 2629 nos
1177 2578 1457 2645 separabit
1496 2595 1525 2633 a
1577 2580 1847 2638 charitate
1906 2584 2158 2642 Christi?
2211 2588 2311 2642 tri-

735 2658 983 2726 bulatio,
1038 2678 1107 2717 an
1159 2668 1453 2737 angustia,
1518 2684 1584 2722 an
1619 2670 1814 2737 fames,
1865 2685 1933 2727 an
1976 2679 2308 2745 persecutio,

736 2765 805 2802 an
868 2752 1125 2818 nuditas,
1196 2770 1263 2810 an
1327 2758 1666 2826 periculum,
1727 2775 1796 2815 an
1856 2764 2106 2834 gladius?
2167 2768 2310 2823 sicut

737 2843 1007 2912 scriptum
1056 2853 1140 2899 est
1176 2865 1190 2901 :
1236 2849 1363 2916 quia
1404 2859 1625 2919 propter
1675 2861 1725 2907 te
1767 2855 2163 2911 mortiﬁcamur
2196 2867 2310 2913 tota

733 2932 856 2996 die,
903 2935 1156 2991 aestimati
1207 2953 1400 2996 sumus
1447 2941 1592 2996 sicut
1648 2958 1780 3000 oves
1831 2946 2130 3003 occisionis
2184 2960 2231 3002 ο.
2284 2968 2303 3003 ι

732 3023 941 3080 Deinde
963 3035 1021 3081 et
1045 3030 1350 3085 tolerantia:
1368 3033 1531 3102 hujus
1554 3037 1797 3090 ostendit
1821 3052 2080 3094 causam:
2117 3061 2135 3093 ι
2171 3042 2306 3099 Nam

732 3117 787 3168 in
819 3117 926 3181 his,
956 3118 1173 3188 inquit,
1211 3125 1469 3180 omnibus
1513 3131 1857 3196 superamus,
1890 3142 2114 3202 propter
2139 3134 2304 3189 Deum

2415 1936 2666 2007 ἀρκεῖται
2718 1942 2832 2004 τοῖς
2863 1940 3075 2008 λόγοις,
3121 1942 3255 1997 ἀλλὰ
3310 1947 3405 1998 καὶ
3464 1947 3632 2017 αὐτῆς
3684 1950 3989 2002 ἐπακοῦσαι

2414 2026 2569 2080 ποθεῖ
2603 2029 2701 2098 τῆς
2746 2030 2950 2098 φωνῆς.
3001 2033 3110 2085 Καὶ
3157 2036 3497 2105 πτερωθεῖσα
3538 2041 3651 2101 τοῖς
3701 2042 3831 2110 περὶ
3883 2040 3988 2109 τῆς

2412 2115 2562 2186 ῶρας
2590 2120 2755 2171 αὐτοῦ
2782 2121 3099 2193 διηγήμασι,
3143 2126 3235 2178 καὶ
3274 2127 3445 2197 αὐτῆς
3474 2130 3686 2197 ἐφίεται
3725 2133 3822 2201 τῆς
3848 2132 3987 2185 θεων

2414 2207 2561 2277 ρίας,
2591 2214 2712 2274 ταῖς
2739 2214 3059 2283 εἰρημέναις
3099 2217 3397 2289 εὐφημίαις
3427 2221 3488 2273 τὸ
3535 2222 3753 2294 φίλτρον
3784 2224 3987 2295 σημαία

2412 2317 2595 2357 νουσα.
2634 2323 2652 2355 ι
2686 2306 2866 2371 Δεῖξόν
2904 2324 3019 2378 μοι,
3054 2312 3208 2378 φησὶ,
3238 2313 3338 2381 τὴν
3376 2313 3501 2382 ὄψιν
3532 2331 3624 2366 σου
3645 2356 3659 2380 ,
3691 2319 3785 2368 καὶ
3812 2317 3983 2370 ἀκού-

2411 2393 2559 2447 τισόν
2601 2412 2692 2463 μοι
2729 2397 2828 2467 τῆς
2877 2400 3064 2469 φωνῆς
3114 2418 3247 2468 σου,
3278 2404 3418 2475 ὁτιή
3482 2407 3631 2477 φωνή
3666 2425 3759 2461 σου
3804 2408 3983 2478 ἡδεῖα,

2410 2486 2503 2539 καὶ
2537 2486 2570 2555 ή
2610 2486 2732 2556 ὄψις
2758 2505 2851 2541 σου
2876 2489 3074 2561 ὡραῖα.
3110 2511 3129 2543 ι
3165 2492 3370 2547 Τούτου
3424 2496 3518 2549 τοῦ
3561 2498 3793 2562 κάλλους
3825 2502 3920 2553 καὶ
3954 2502 3987 2554 6

2409 2577 2614 2649 ταύτης
2663 2583 3033 2655 προμνήστωρ
3078 2587 3173 2639 κα)⁵
3220 2590 3590 2658 νυμφοστόλος
3627 2593 3914 2660 ἐρασθεὶς,
3954 2598 3986 2649 6

2410 2667 2737 2737 θεσπέσιος,
2793 2675 2936 2745 φημὶ
2959 2716 2974 2739 ,
3016 2675 3229 2742 Παῦλος
3254 2720 3268 2742 ,
3305 2678 3405 2749 τὴν
3447 2681 3716 2753 ἐρωτικὴν
3762 2684 3985 2753 ἐκείνην

2409 2759 2589 2830 ἀφῆκε
2621 2765 2835 2832 φωνήνο
2873 2783 2892 2816 ι
2917 2767 3014 2830 Τίς
3044 2769 3193 2838 ἡμᾶς
3218 2772 3443 2841 χωρίσει
3475 2773 3585 2826 ἀπὸ
3628 2775 3725 2844 τῆς
3758 2776 3985 2847 ἀγάπης

2408 2852 2502 2906 τοῦ
2543 2854 2813 2923 Χριστοῦς
2869 2858 3096 2928 Θλίψις,
3149 2862 3181 2932 ἢ
3227 2863 3589 2934 στενοχωρία,
3634 2866 3666 2935 ἢ
3704 2866 3861 2935 λιμὸς
3891 2910 3905 2931 ,
3944 2869 3981 2937 ἦ

2407 2943 2682 3015 διωγμὸς,
2746 2949 2779 3019 ἢ
2827 2952 3144 3023 γυμνότης,
3201 2953 3545 3022 ἢκίνδυνος,
3594 2957 3626 3026 ἢ
3687 2958 3979 3028 μάχαιρας

2408 3035 2591 3099 καθὼς
2627 3039 2961 3108 γέγραπται·
2992 3042 3074 3095 ὅτι
3108 3043 3271 3097 ἕνεκά
3304 3053 3399 3098 σου
3437 3045 3813 3116 θανατούμεθα
3848 3048 3984 3118 ὃλην

2408 3120 2508 3191 τὴν
2531 3125 2766 3195 ἡμέραν,
2791 3128 3148 3201 ἐλογίσθημεν
3167 3132 3239 3196 ὼς
3263 3134 3509 3203 πρόϐατα
3532 3136 3761 3206 σφαγῆς,
3796 3156 3815 3188 ι
3846 3134 3982 3191 Εἶτα

731 3206 824 3274 qui
855 3208 1047 3263 dilexit
1080 3226 1202 3266 nos.
1247 3231 1266 3264 ι
1293 3193 1724 3273 Considerautes
1746 3193 1937 3285 enim-,
1968 3193 2159 3292 quales
2182 3242 2306 3281 eum
2334 3193 2377 3250 C

2334 3193 2377 3250 (ἶ
2409 3215 2506 3267 καὶ
2555 3193 2654 3282 τῆς
2697 3193 2999 3289 καρτερίας
3030 3193 3399 3275 ’.ὑποδείκνυσι
3431 3223 3528 3295 τὴν
3577 3193 3788 3281 ἀιὲίέν.
3824 3246 3842 3278 ι
3894 3229 3981 3280 Ἐν

731 3312 1003 3364 essemus,
1044 3300 1358 3369 cujusmodi
1388 3306 1404 3326 ⁶
1438 3304 1598 3359 bonis
1628 3305 1807 3361 aﬁ‘ecti
1854 3308 2050 3374 simus,
2086 3318 2140 3365 et
2171 3327 2309 3382 quo-

731 3390 899 3444 modo
952 3406 1062 3445 non
1118 3394 1279 3462 primi
1325 3411 1427 3450 nos
1472 3396 1783 3463 dileximus,
1821 3400 1916 3454 sed
1970 3404 2144 3457 amari
2188 3404 2309 3459 red-

729 3481 1038 3537 amavimus
1075 3501 1087 3536 :
1119 3479 1173 3538 et
1196 3485 1262 3539 ab
1296 3500 1384 3551 eo,
1420 3502 1582 3555 quem
1605 3489 1732 3543 odio‘
1758 3490 2112 3558 habebamus,
2144 3497 2306 3549 amati

729 3587 953 3638 sumus,
1002 3590 1235 3643 eumque
1271 3576 1479 3632 inimici
1519 3577 1729 3649 1303
1780 3596 2066 3649 essemus,
2114 3600 2306 3639 recon-

728 3664 901 3718 ciliati
936 3681 1127 3720 smnus
1164 3668 1208 3733 ί,
1240 3683 1349 3723 non
1396 3669 1503 3739 ipsi
1556 3685 1657 3739 pro
1689 3674 2135 3730 reconciliatione
2173 3692 2304 3746 sup-

727 3755 1038 3825 plicantes,
1097 3758 1194 3812 sed
1243 3759 1673 3815 intercessorem
1731 3762 1994 3819 habentes
2043 3764 2305 3834 Unigeni-

729 3855 867 3909 lllln,
895 3855 950 3900 et
972 3847 1068 3916 qui
1098 3847 1358 3918 injuriam
1383 3851 1772 3917 intuleramus,
1797 3854 1866 3907 ab
1888 3853 2083 3909 aﬁ'ecto
2103 3856 2302 3924 injuria

728 3939 1161 3994 consolationem
1204 3942 1516 4011 accepimus
1550 3961 1563 3998 :
1594 3958 1811 3998 crucem
1839 3954 2035 4012 praeter
2058 3962 2120 4001 ea
2149 3949 2300 4001 salu-

729 4036 904 4083 tarem
925 4031 1317 4100 expendentes,
1348 4033 1588 4105 itemque
1615 4049 1718 4104 pro
1741 4035 1901 4089 nobis
1932 4038 2257 4091 cruciﬁxum
2284 4078 2298 4102 ,

724 4122 1001 4177 salutares
1046 4124 1335 4192 passiones
1364 4165 1378 4189 ,
1448 4126 1645 4182 mortis
1700 4126 1893 4194 ﬁnem,
1930 4144 2081 4199 spem
2113 4145 2298 4186 resur-

729 4210 993 4267 rectionis
1020 4212 1181 4267 nobis
1212 4214 1419 4269 datam.

800 4385 922 4441 llaec
940 4392 1002 4441 et
1027 4386 1298 4456 ejusmodi
1321 4389 1427 4443 alia
1448 4391 1881 4461 considerantes,
1915 4394 2074 4452 facile
2097 4398 2291 4468 gravia

727 4491 959 4546 quaeque
987 4478 1146 4534 nobis
1177 4480 1488 4549 ingruentia
1534 4498 1880 4552 superamus,
1914 4492 1968 4540 et
2004 4486 2296 4543 beneﬁcio-

727 4583 848 4620 rum
883 4569 1323 4625 recordationem
1352 4586 1475 4626 cum
1517 4575 1849 4643 temporaria
1878 4578 2126 4646 corporis
2156 4579 2293 4634 ami-

726 4659 912 4714 ctione
939 4671 1345 4729 comparantes,
1371 4665 1688 4735 graviorum
1725 4681 1905 4720 rerum
1942 4668 2292 4728 incursiones

725 4749 963 4805 libenter
991 4753 1356 4809 sustinemus:
1391 4757 1650 4823 quoniam
1684 4758 1937 4813 universa
1980 4763 2103 4815 vitae
2137 4765 2293 4817 taedia

2408 3305 2620 3369 τούτοις
2644 3307 2775 3376 γὰρ,
2808 3311 2966 3379 φησὶ,
3011 3314 3144 3366 πᾶσι
3176 3314 3559 3385 ὑπερνικῶμεν
3596 3316 3684 3371 διὰ
3711 3318 3804 3372 τοῦ
3838 3321 3979 3387 ἀγα-

2409 3397 2681 3465 πήσαντος
2709 3401 2855 3469 ἡμᾶς
2876 3401 3032 3455 Θεοῦ.
3070 3421 3089 3454 ι
3119 3404 3485 3475 Σκοπούμενοι
3515 3408 3626 3477 γὰρ
3658 3409 3801 3470 τίνες
3824 3410 3979 3473 ὄντες

2406 3486 2568 3541 τίνων
2624 3489 3024 3562 ἀπηλαύσαμεν
3080 3494 3341 3563 ἀγαθῶν,
3402 3497 3498 3552 καὶ
3532 3497 3608 3562 ὡς
3665 3501 3765 3569 οὐχ
3816 3503 3978 3570 ἡμεῖς

2406 3580 2774 3651 ἠγαπήσαμεν
2824 3585 3074 3655 πρῶτοι,
3135 3585 3253 3639 ἀλλ’
3304 3587 3680 3659 ἀγαπηθέντες
3734 3592 3978 3660 ἀντηγα-

2407 3670 2661 3740 πήσαμεν
2687 3690 2700 3702 ·
2754 3672 2848 3726 καὶ
2899 3675 3183 3745 μισοῦντες
3210 3677 3582 3749 ἠγαπήθημεν
3604 3721 3619 3745 ,
3656 3680 3751 3733 καὶ
3789 3682 3981 3751 ἐχθροὶ

2404 3759 2556 3824 ὄντες
2587 3762 3010 3834 κατηλλάγημεν
3034 3781 3047 3794 ·
3082 3767 3183 3820 οὐκ
3215 3768 3369 3822 αὐτοὶ
3400 3773 3582 3841 τυχεῖν
3608 3771 3719 3825 τῶν
3760 3773 3980 3827 διαλλα-

2404 3849 2516 3917 γῶν
2566 3853 2943 3917 ίκετεύσαντες
2970 3894 2985 3917 ,
3021 3856 3158 3909 ἀλλὰ
3213 3858 3304 3912 τὸν
3358 3861 3642 3932 Μονογενῆ
3691 3862 3978 3935 δεξάμενοι

2404 3940 2743 4013 πρεσϐευτήν
2771 3960 2785 3973 θ
2820 3946 2912 3997 καὶ
2942 3947 2992 3998 oi
3019 3947 3340 4017 ἠδικηκότες
3374 3951 3478 4003 ὑπὸ
3502 3951 3598 4005 τοῦ
3627 3955 3979 4025 ἀδικηθέντος

2404 4034 2883 4105 παρακληθέντεςς
2939 4039 3034 4092 καὶ
3068 4042 3205 4111 πρὸς
3245 4042 3452 4106 τούτοις
3502 4043 3849 4116 λογιζόμενοι
3884 4049 3974 4101 τὸν

2401 4122 2666 4186 ζωοποιὺν
2699 4128 2955 4198 σταυρὸν,
2996 4130 3088 4184 τὸν
3113 4132 3252 4203 ὑπὲρ
3278 4134 3434 4204 ὴμῶν
3468 4137 3874 4205 σταυρωθέντα,
3908 4140 3975 4191 τὰ

2399 4215 2645 4285 σωτήρια
2698 4217 2844 4288 πάθη
2869 4258 2884 4282 ,
2924 4221 3019 4274 τοῦ
3063 4220 3296 4277 θανάτου
3342 4227 3443 4294 τὴν
3473 4227 3722 4295 παῦλαν,
3759 4230 3859 4300 τὴν
3890 4231 3974 4284 60-

2400 4303 2583 4360 θεῖσαν
2611 4308 2741 4378 ἡμῖν
2768 4310 2867 4380 τῆς
2900 4312 3253 4378 ἀναστάσεως
3279 4316 3489 4371 ἐλπίδα.

2469 4396 2651 4450 Ταῦτα
2670 4399 2765 4453 καὶ
2784 4400 2853 4453 τὰ
2867 4404 3089 4457 τοιαῦτα
3111 4406 3469 4476 σκοπούμενοι
3485 4408 3592 4461 τῶν
3607 4412 3977 4478 προσπιπτόν-

2398 4504 2504 4541 των
2526 4490 2558 4557 ἡ
2569 4492 2657 4558 μίν
2681 4492 3073 4563 περιγινόμεθα
3096 4496 3455 4566 σκυθρωπῶν,
3493 4500 3587 4551 καὶ
3609 4500 3718 4553 τῶν
3751 4503 3977 4571 εὐεργε-

2398 4576 2527 4631 σιῶν
2543 4580 2640 4651 τὴν
2663 4582 2881 4653 μνήμην
2898 4584 3281 4654 παρατιθέντες
3293 4589 3357 4658 τῇ
3376 4588 3695 4661 προσκαίρῳ
3714 4608 3969 4646 κακοπα-

2397 4668 2519 4738 θείᾳ
2533 4670 2625 4722 τοῦ
2644 4670 2914 4741 σώματος,
2930 4674 3167 4745 φέρομεν
3191 4677 3471 4742 ἀσπασίως
3491 4680 3589 4751 τὴν
3602 4680 3711 4734 τῶν
3731 4682 3976 4753 ἀνιαρῶν

2397 4761 2721 4833 προσϐολήν.
2761 4762 3316 4831 Ἀντιταλαντεύοντες
3349 4770 3457 4841 γὰρ
3482 4770 3560 4841 τῷ
3601 4772 3729 4839 περὶ
3758 4773 3850 4825 τὸν
3881 4778 3975 4826 Δε-

726 4850 852 4893 cum
890 4838 1107 4895 Domini
1158 4858 1343 4900 amore
1388 4847 1776 4915 ponderantes,
1812 4850 2105 4905 admodum
2156 4853 2295 4908 levia

2400 4854 2605 4924 σπότην
2655 4855 2863 4927 φίλτρῳ
2912 4858 3088 4912 πάντα
3139 4862 3204 4915 τὰ
3244 4860 3339 4915 τοῦ
3371 4838 3486 4931 βίου
3520 4838 3759 4936 λυπηρὰ,
3795 4867 3977 4935 κοῦφα

727 4925 819 4977 illa
851 4926 1335 4997 deprehendimus.
1382 4932 1540 5000 Quod
1578 4936 1622 4990 si
1655 4945 1875 5003 cuncta,
1907 4954 2028 5009 qua:
2055 4941 2297 5010 jucunda

2397 4943 2517 4996 λίαν
2564 4925 2911 5017 εὑρίσκομεν.
2970 4950 3090 5003 Κᾶν
3134 4951 3200 5004 τὰ
3246 4925 3452 5023 τερπνά
3493 4955 3551 5007 δὲ
3608 4925 3825 5010 ἅπαντα
3881 4925 3974 5011 καὶ

727 5026 780 5068 et
809 5016 1147 5075 delectabilia
1175 5023 1431 5079 videntur
1459 5027 1511 5079 in
1539 5026 1642 5080 hac
1672 5028 1805 5091 vita,
1849 5030 1905 5084 in
1945 5047 2111 5085 unum
2144 5035 2296 5089 rede-

2397 5033 2617 5105 θυμήρη
2645 5036 2903 5091 δοκοῦντα
2951 5040 3095 5092 κατὰ
3168 5042 3362 5095 ταυτὸν
3416 5045 3833 5116 συναγάγωμεν,
3872 5049 3972 5100 ἁν-

727 5107 989 5176 gerimus,
1015 5125 1083 5165 ex
1108 5111 1341 5169 adverso
1373 5116 1602 5173 libratus
1636 5118 1855 5176 divinus
1905 5136 2058 5177 amor
2109 5128 2297 5181 umbra

2393 5128 2834 5199 τισταθμὼμενος
2860 5132 2888 5184 6
2917 5130 3056 5194 θεῖος
3081 5132 3262 5199 πόθος,
3289 5137 3445 5198 σκιᾶς
3465 5107 3849 5208 ἁδρανέστερα,
3878 5144 3975 5194 καὶ

729 5199 924 5265 quavis
960 5200 1320 5259 imbecilliora
1347 5206 1461 5272 illa,
1498 5211 1796 5281 vernisque
1844 5213 2071 5269 ﬁoribus
2102 5232 2295 5272 corru-
2393 5248 2394 5261 ι

2393 5216 2599 5269 ἀνθέων
2652 5220 2883 5288 ἐαρινῶν
2915 5220 3322 5292 εὐφθαρτότερα
3368 5199 3627 5279 δείκνύσι.
3657 5199 3846 5280 Ταύτα
3876 5232 3973 5282 καὶ

733 5290 1009 5357 ptibiliora
1067 5294 1431 5353 demonstrat.
1490 5298 1615 5356 Haec
1665 5304 1863 5372 partim
1918 5318 2046 5360 ante
2097 5308 2298 5377 dictis,
2392 5310 2398 5353 ἀ

2392 5306 2481 5361 διὰ
2503 5308 2613 5361 τῶν
2643 5310 2968 5381 εἰρημένων,
2999 5290 3102 5366 καὶν
3120 5314 3210 5368 διὰ
3256 5290 3366 5369 τῶν
3394 5316 3823 5388 λεχθησομένων,
3870 5339 3972 5391 ση-

737 5382 933 5447 ιιίιιιὶιῐι
957 5394 1009 5439 et
1047 5396 1172 5454 post
1203 5387 1455 5445 dicendis
1482 5391 1732 5460 designat
1765 5397 2073 5454 manifeste.
2107 5418 2123 5450 ι
2167 5401 2299 5455 Cer-
2398 5419 2402 5468 Λ

2398 5399 2577 5469 μαίνει
2626 5402 2831 5469 σαφῶς.
2894 5422 2912 5454 ι
2968 5406 3274 5476 Πέπεισμαι
3308 5382 3662 5479 γάρίφη-σὶν,
3706 5412 3788 5464 ὅτι
3846 5382 3974 5467 οὔτε

732 5479 824 5526 tus
862 5488 981 5528 sum
1026 5478 1196 5545 enim,
1240 5481 1437 5550 inquit,
1493 5485 1640 5554 quod
1699 5501 1874 5557 neque
1918 5504 2088 5557 mors,
2126 5508 2300 5562 neque
2390 5495 2397 5537 ί

2390 5492 2635 5556 θάνατος,
2672 5493 2793 5547 οὔτε
2825 5496 2959 5565 ζωὴ,
2995 5497 3117 5550 οὒτε
3182 5478 3423 5568 ἄγγελοι,
3468 5478 3591 5554 οὔτε
3631 5504 3818 5573 ἀρχαὶ,
3845 5505 3974 5560 οὔτε

734 5567 865 5627 vita,
894 5582 1071 5638 neque
1107 5573 1502 5645 angeli,neque
1532 5577 1891 5649 principatus,
1933 5598 2110 5653 neque
2146 5598 2293 5653 pote~

2399 5583 2673 5653 δυνάμεις,
2705 5584 2827 5639 οὕτε
2865 5588 3153 5656 ἐνεστῶτα,
3189 5589 3309 5644 οὔτε
3346 5591 3625 5662 μέλλοντα,
3655 5591 3774 5646 οὔτε
3822 5593 3975 5664 ὕψω-

810 5753 830 5781 ο
867 5743 908 5798 ll
948 5745 1070 5803 Cor.
1115 5751 1265 5813 xt,2.
1346 5751 1370 5790 ά
1410 5754 1568 5810 Cant.
1596 5770 1655 5824 ιι,
1686 5758 1768 5812 14.
1871 5773 1891 5799 ν
1932 5760 2088 5818 Rom.
2118 5780 2232 5831 vm,
2274 5767 2339 5821 53
2370 5782 2475 5836 seq.

1346 5751 1370 5790 ά
1410 5754 1568 5810 Cant.
1596 5770 1655 5824 ιι,
1686 5758 1768 5812 14.
1871 5773 1891 5799 ν
1932 5760 2088 5818 Rom.
2118 5780 2232 5831 vm,
2274 5767 2339 5821 53
2370 5782 2481 5836 seq.
2568 5767 2583 5805 ί
2619 5767 2772 5822 Rom.
2813 5782 2867 5834 v,
2908 5767 2985 5821 12.
