4216 6456
223 380 361 447 1505

1225 376 1506 437 ORATIO
1552 375 1648 435 DE
1689 373 1952 434 DIVINA
1991 373 2438 435 CHARITATE.

3313 379 3445 445 1506

220 488 488 565 μα,ηοῠτε
543 484 722 556 βάθος,
764 483 888 537 οὒτε
919 499 1001 546 τις
1055 482 1227 546 κτίσις
1267 484 1448 554 ἑτέρα,
1500 481 1787 551 δυνήσεται
1818 488 1859 541 Α

1783 518 1787 529 ,
1818 488 1859 541 Α
1892 489 2082 544 states,
2116 496 2292 552 neque
2324 482 2607 549 instantia,
2638 498 2819 554 neque
2856 484 3061 550 futura,
3096 501 3271 557 neque
3325 492 3448 543 alti-

215 585 366 654 ἡμᾶς
416 578 646 650 χωρίσαι
694 577 803 629 ἀπὸ
846 576 945 644 τῆς
990 576 1209 644 ἀγάπης
1260 574 1354 626 τοῦ
1389 573 1546 636 Θεοῦ,
1574 573 1671 640 τῆς
1729 572 1786 622 ἐν

214 670 438 744 Χριστῷ
474 667 647 736 Ἰησοῦ
674 666 750 737 τῷ
782 667 970 736 Κυρίῳ
1008 665 1181 734 ἡμῶν.
1225 683 1243 715 ι
1293 664 1509 732 Ἐπειδὴ
1539 663 1644 731 γάρ
1676 661 1786 715 ἄνω

211 766 280 817 τά
311 758 612 832 σκυθρωπά
666 759 799 829 μόνα
845 756 1125 821 τεθεικὼς,
1187 756 1528 826 παρεξήτασε
1587 753 1783 821 θλίψιν,

213 855 312 907 καὶ
348 850 728 920 στενοχωρίαν,
760 848 853 902 καὶ
903 848 1163 917 διωγμὸν,
1216 847 1310 899 καὶ
1343 844 1521 914 λιμὸν,
1568 845 1662 897 καὶ
1692 859 1788 910 γυ·

218 946 479 1015 μνότητα,
512 942 604 995 καὶ
654 939 917 998 κίνδυνον,
946 938 1040 991 καὶ
1090 938 1382 1006 μάχαιραν,
1412 934 1657 988 τουτέστι
1688 933 1785 1004 τὴν

216 1038 398 1106 βιαίαν
422 1033 635 1101 σφαγήν
660 1049 671 1061 ·
692 1030 914 1091 είκότως
934 1027 1185 1089 ἐνταῦθα,
1206 1028 1299 1079 καὶ
1319 1028 1387 1079 τά
1412 1024 1551 1095 θυμή
1563 1042 1626 1093 ρη
1655 1041 1785 1093 προ-

212 1127 395 1192 τίθησι
410 1125 521 1184 τοῖς
549 1121 834 1185 ἀλγεινοῖς,
878 1116 956 1186 τῷ
973 1116 1186 1184 Θανάτῳ
1209 1114 1305 1182 τὴν
1328 1113 1491 1181 ζωὴν,
1525 1112 1593 1165 τά
1620 1108 1787 1179 νοητά

211 1217 327 1276 τοῖς
361 1212 659 1279 αἰσθητοῖς,
710 1211 822 1270 τοῖς
850 1208 1147 1276 ὁρωμένοις
1187 1203 1285 1266 τὰς
1330 1203 1592 1272 ἀοράτους
1627 1199 1787 1253 δυνά-

216 1324 359 1377 μεις,
377 1307 488 1365 τοῖς
503 1298 735 1370 παροῦσι
762 1299 852 1351 καὶ
874 1295 1213 1366 παριοῦσιτά
1247 1292 1508 1364 μέλλοντά
1522 1308 1579 1344 τε
1602 1290 1696 1342 καὶ
1717 1290 1785 1342 τά

215 1397 444 1466 μένοντα
469 1410 480 1422 ·
512 1393 646 1463 πρὸς
670 1391 898 1453 τούτοις,
922 1390 1018 1460 τῆς
1041 1389 1261 1456 γεέννης
1278 1387 1339 1438 τὸ
1364 1384 1541 1455 βάθος,
1565 1383 1661 1436 καὶ
1687 1382 1783 1452 τῆς

213 1486 488 1559 βασιλείας
531 1484 591 1537 τδ
637 1483 791 1553 ὕψος.
839 1480 1025 1534 Ταῦτα
1069 1480 1124 1532 δὲ
1174 1479 1351 1531 πάντα
1393 1475 1781 1544 παρεξετάσας,

210 1583 308 1632 καὶ
345 1577 518 1648 εὑρὼν
557 1575 772 1629 ἅπαντα
821 1573 896 1642 τῷ
937 1572 1143 1642 φίλτρῳ
1192 1568 1641 1641 παραχωροῦντα,
1690 1567 1785 1619 καὶ

208 1673 279 1724 τά
315 1669 534 1739 λυπηρά
587 1668 681 1720 καὶ
730 1666 798 1718 τά
840 1664 1081 1734 θυμήρη,
1135 1664 1230 1715 καὶ
1268 1663 1367 1729 τῆς
1426 1660 1643 1729 ἀγάπης
1687 1658 1783 1727 τὴν

212 1763 470 1831 στέῃσιν
500 1761 597 1829 τῆς
629 1761 685 1811 ὲν
722 1756 918 1826 γεέννῃ
966 1754 1240 1815 κολάσεως
1293 1752 1623 1821 πικροτέραν
1648 1764 1662 1777 ⁸
1689 1748 1783 1801 καὶ

207 1854 390 1919 δείξας
424 1852 517 1914 ὡς,
580 1849 739 1919 εἴπερ
787 1843 898 1900 οἷόν
946 1862 1001 1897 τε
1038 1842 1124 1915 ἦν,
1163 1844 1333 1896 εἵλετο
1376 1843 1441 1895 ἂν
1491 1842 1627 1910 μετά
1685 1839 1784 1905 τῆς

214 1948 366 2008 θείας
398 1944 617 2013 ἀγάπης
645 1943 746 2009 τὴν
768 1938 1138 2009 ὴπει).ημένην
1168 1935 1409 1997 κόλασιν,
1444 1934 1477 2002 ἢ
1506 1933 1628 2001 δίχα
1660 1930 1785 1984 ταύ-

209 2054 312 2105 της
343 2035 439 2105 τὴν
473 2032 885 2103 ἐπηγγελμένην
924 2029 1032 2082 τῶν
1064 2027 1307 2098 οὐρανῶν
1352 2024 1644 2094 βασιλείαν,
1687 2040 1782 2094 με-

210 2127 361 2179 θύων
405 2125 485 2194 τῷ
537 2124 686 2193 πόθῳ
714 2122 783 2175 τὰ
818 2121 891 2192 μὴ
944 2120 1230 2189 ὑφεστῶτα
1283 2117 1453 2188 ζητεῖ,
1496 2115 1784 2169 καὶταῦτα

213 2220 503 2287 συγκρῖναι
530 2214 608 2284 τῷ
638 2214 765 2279 θείῳ
788 2214 991 2285 φίλτρῳ
1027 2213 1336 2282 φιλονεικεῖ.
1375 2230 1394 2261 ι
1426 2209 1562 2263 Οῦτε
1585 2208 1786 2278 ὕψωμα

210 2310 344 2380 γάρ,
380 2310 563 2377 φησὶν,
595 2306 718 2359 οὔτε
748 2305 932 2375 βάθος,
966 2303 1086 2356 οὔτε
1115 2321 1198 2367 τις
1228 2302 1402 2363 κτίσις
1426 2302 1589 2370 έτέρα
1626 2299 1783 2368 δυνή-

213 2416 367 2451 σεται
398 2400 544 2468 ἡμᾶς
582 2397 813 2467 χωρίσαι
851 2395 958 2448 ἀπὸ
989 2395 1088 2464 τῆς
1113 2394 1332 2463 ἀγάπης
1360 2391 1452 2445 τοῦ
1497 2391 1653 2455 Θεοῦ,
1684 2389 1785 2459 τῆς

211 2493 270 2543 ὲν
296 2490 518 2561 Χριστῷ
552 2488 727 2558 Ἰησοῦ
758 2488 835 2557 τῷ
872 2485 1253 2557 Κυρίῳήμῶν.
1295 2504 1312 2537 ι
1356 2485 1429 2538 Ού
1460 2485 1567 2553 γάρ
1604 2482 1780 2553 μόνον,

212 2600 287 2653 φη
296 2583 373 2643 ei,
392 2582 607 2633 πάντων
632 2578 767 2651 ὁμοῦ
790 2578 896 2631 τῶν
912 2578 1202 2649 ὁρωμένων
1220 2580 1308 2631 καὶ
1325 2576 1571 2647 ἀοράτων
1588 2576 1646 2627 τὸ
1659 2575 1784 2644 περ)⁸

210 2673 303 2725 τὸν
360 2672 588 2741 Σωτῆρα
623 2670 717 2722 καὶ
736 2669 1028 2739 Λυτρωτὴν
1053 2667 1349 2739 προτίθημι
1380 2666 1621 2734 φίλτρον,
1651 2662 1784 2716 ἀλλά

210 2763 310 2815 καὶ
354 2763 407 2815 εἴ
440 2778 524 2825 τις
563 2762 723 2833 ἑτέρα
756 2761 931 2821 κτίσις
957 2757 1159 2827 ταύτης
1187 2758 1282 2810 καὶ
1314 2756 1513 2826 μείζων
1542 2755 1635 2807 καὶ
1663 2753 1785 2807 καλ-

210 2852 345 2905 λίων
380 2852 704 2921 ἀναφανείη.
733 2853 793 2905 οὐ
826 2851 1002 2903 πείσει
1035 2867 1103 2919 με
1160 2851 1258 2919 τὴν
1291 2849 1509 2915 ἀγάπην
1554 2845 1781 2910 ἀλλάξα-

215 2945 363 2998 σθαι’
383 2944 543 2998 Ἀλλά
571 2945 674 2997 κᾶν
696 2944 766 2997 τά
787 2944 1006 3014 θυμήρη
1028 2959 1112 3005 τις
1137 2942 1392 3012 παράσχῃ
1412 2940 1533 3009 δίχα
1559 2939 1780 3008 ταύτης,

209 3039 273 3091 ού
306 3036 529 3109 δέξομαι
552 3053 566 3065 ο
604 3036 710 3089 κᾶν
747 3034 999 3103 ἐπαγάγῃ
1024 3033 1110 3085 διὰ
1140 3031 1343 3098 ταύτην
1367 3031 1434 3083 τὰ
1465 3027 1782 3098 σκυθρωπὰ,

211 3128 495 3198 ὲπέραστά
530 3144 616 3197 μοι
646 3129 914 3196 φανεῖται,
940 3128 1035 3179 καὶ
1063 3126 1181 3178 λίαν
1206 3124 1443 3193 ὲράσμια
1469 3136 1482 3150 ·
1508 3119 1601 3173 καὶ
1626 3122 1654 3172 ὁ
1698 3118 1786 3171 διά

210 3217 419 3290 ταύτην
458 3218 613 3285 λιμὸς
652 3219 828 3286 πάσης
878 3234 965 3288 μοι
996 3216 1208 3288 τρυφῆς
1239 3214 1662 3284 θυμηρέστερος,
1693 3210 1788 3263 καὶ

213 3312 437 3382 εἰρήνης
482 3310 645 3379 ἡδίων
680 3312 707 3362 ὁ
735 3309 990 3378 διωγμὸς,
1037 3311 1129 3361 καὶ
1152 3310 1185 3377 ἡ
1231 3308 1505 3376 γυμνότης
1537 3302 1788 3373 ἁλουργί-

210 3403 301 3465 δος
366 3404 461 3454 καί⁸
510 3400 901 3469 χρυσοπάστων
960 3399 1188 3469 ίματίων
1228 3396 1552 3468 χαριεστέρα
1578 3411 1591 3425 ⁸
1624 3393 1719 3447 καὶ
1759 3395 1787 3446 ὁ

212 3492 457 3554 κίνδυνος
486 3492 659 3559 πάσης
674 3489 855 3552 ἀδείας
876 3488 1227 3557 γλυκύτερος,
1253 3488 1345 3539 καὶ
1369 3489 1402 3556 ἡ
1429 3486 1579 3555 βιαία
1604 3483 1785 3554 σφαγὴ

213 3585 399 3653 πάσης
452 3581 783 3653 αἰρετωτέρα
823 3576 985 3647 ζωῆς.
1029 3579 1088 3630 Ἡ
1119 3578 1226 3648 γὰρ
1266 3576 1412 3630 αἰτία
1439 3576 1545 3629 τῶν
1575 3574 1783 3637 παθῶν,

210 3672 537 3743 ψυχαγωγία
578 3688 667 3738 μοι
720 3670 949 3737 γίνεται.
988 3668 1085 3722 Διά
1126 3668 1233 3736 γάρ
1265 3667 1355 3719 τὸν
1385 3668 1620 3735 ἐραστὴν
1649 3664 1783 3733 ὁμοῦ

212 3765 311 3817 καὶ
372 3763 646 3832 ἐρώμενον
688 3762 911 3831 δέχομαι
967 3761 1065 3822 τὰς
1120 3760 1322 3812 τούτων
1348 3758 1589 3825 νιφάδας.
1628 3775 1645 3808 ι
1682 3756 1784 3809 Τὸν

212 3856 327 3925 γὰρ
395 3855 470 3924 μὴ
525 3854 723 3921 γνόντα
780 3852 1055 3922 ἁμαρτίαν
1101 3851 1241 3919 ὑπὲρ
1299 3850 1455 3919 ἡμῶν
1512 3849 1783 3919 ἁμαρτίαν

212 3946 493 4015 εποίησεν,
546 3945 633 3996 ἵνα
680 3945 839 4013 ἡμεῖς
886 3940 1174 4011 γενώμεθα
1204 3940 1339 3993 Θεοῦ
1370 3940 1682 4010 δικαιοσύνη
1728 3941 1785 3992 ὲν

212 4036 383 4106 αύτῷ.
409 4066 481 4076 -
504 4037 600 4098 Ὃς
629 4034 884 4096 πλούσιος
909 4032 985 4085 ὣν
1026 4032 1092 4085 δι’
1119 4034 1268 4101 ἡμᾶς
1305 4030 1667 4100 ἐπτώχευσεν,
1700 4031 1785 4083 ἵνα

213 4130 377 4199 ἡμεῖς
431 4129 498 4197 τῇ
561 4126 772 4178 ἐκείνου
823 4124 1066 4194 πτωχείᾳ
1102 4123 1510 4193 πλουτήσωμεν,
1547 4142 1566 4174 ι
1628 4121 1734 4174 Καί
1768 4136 1781 4150 '

218 4239 239 4273 ι
262 4218 626 4289 Ἐξηγόρασεν
657 4217 803 4285 ἡμᾶς
828 4216 894 4268 ὲκ
914 4214 1012 4284 τῆς
1037 4214 1280 4285 κατάρας
1300 4212 1391 4267 τοῦ
1421 4214 1606 4282 νόμου,
1631 4212 1787 4282 γενό-

215 4327 378 4381 μενος
426 4308 566 4379 ὑπὲρ
621 4307 776 4376 ἡμῶν
798 4307 1037 4375 κατάρα.
1075 4324 1094 4358 ι
1134 4306 1243 4358 Καί
1277 4321 1288 4334 ·
1331 4324 1349 4356 ι
1395 4305 1784 4358 Ἐταπείνωσεν

212 4402 428 4467 ἑαυτὸν,
453 4401 741 4469 γενόμενος
762 4401 998 4472 ὑπήκοος
1028 4402 1186 4471 μέχρι
1211 4400 1459 4462 θανάτου,
1481 4400 1707 4453 θανάτου
1727 4399 1784 4451 δὲ

1888 571 2039 634 tudo,
2068 585 2242 641 neque
2271 573 2617 643 profundum,
2649 590 2825 643 neque
2854 586 3110 631 creatura
3137 580 3242 632 alia
3274 582 3449 649 possit

1886 676 1987 717 nos
2024 677 2335 731 separat-ea
2378 666 2647 720 charitate
2683 666 2798 732 Dei,
2833 684 2952 737 quae
3006 678 3089 725 est
3123 670 3177 724 in
3226 670 3446 726 Christo

1882 753 2011 810 Jesu
2039 754 2270 811 Domino
2296 766 2488 812 nostro
2509 761 2553 813 ⁸.
2592 778 2609 811 ι
2637 759 2776 825 Quia
2805 761 2947 815 enitn
2976 777 3139 830 supra
3171 778 3232 817 ea
3266 764 3444 818 solum

1883 862 2005 916 quae
2045 846 2218 901 tristia
2250 855 2410 902 erant
2440 849 2623 917 posuit
2647 860 2699 904 et
2739 852 3093 920 comparavit,
3137 854 3449 907 tribulatio-

1884 951 2027 1000 nem,
2057 944 2110 990 et
2145 938 2477 1008 angustiam,
2523 947 2577 993 et
2624 943 3084 1009 persecutionem,
3117 952 3171 995 et
3227 944 3445 1006 famem.

1882 1035 1936 1080 et
1959 1027 2283 1093 nuditatem,
2304 1040 2356 1083 et
2389 1031 2712 1099 perieulum,
2748 1041 2801 1085 et
2828 1032 3090 1101 gladium,
3119 1034 3171 1086 id
3200 1042 3307 1096 est,
3330 1036 3447 1087 vio-

1885 1120 2085 1172 lentam
2133 1119 2374 1173 czedem:
2426 1122 2549 1190 jure
2596 1123 2803 1192 Optimo
2853 1123 2940 1176 hic
2985 1126 3149 1177 etiam
3205 1124 3449 1191 jucumla

1884 1208 2135 1263 tristibus
2169 1208 2437 1279 adjungit,
2485 1212 2645 1265 morti
2685 1213 2871 1277 vitam,
2914 1213 3125 1283 1304,
3173 1215 3451 1269 sensibili-

1882 1301 1985 1356 bus
2020 1301 2726 1372 intelligibilia,visibilibus
2771 1305 3000 1359 virtutes
3034 1306 3137 1358 sub
3173 1316 3448 1373 aspectum

1882 1407 1991 1445 non
2020 1391 2301 1457 cadentes,
2328 1394 2695 1463 praesentibus
2738 1408 2803 1448 ac
2836 1396 3128 1464 praeteritis
3162 1396 3343 1451 futura
3398 1408 3452 1450 et

1882 1484 2276 1553 permanentia,
2339 1484 2697 1552 profunditati
2757 1485 2995 1555 denique
3057 1487 3316 1555 gehenn:e
3370 1489 3451 1539 al-

1883 1571 2170 1625 titudinem
2200 1575 2372 1643 regni.
2408 1574 2532 1628 Haec
2557 1591 2684 1630 vero
2714 1578 2894 1630 omnia
2920 1592 3043 1631 cum
3076 1579 3220 1632 inter
3253 1595 3310 1634 se
3332 1594 3451 1631 nut—

1884 1672 1981 1717 tuo
2016 1666 2405 1730 exatninasset,
2438 1675 2750 1735 cunctaque
2779 1669 2950 1720 amori
3000 1670 3248 1722 cedentia
3307 1685 3453 1721 emn-

1886 1754 2142 1822 perissct,
2189 1755 2364 1808 tristia
2429 1757 2672 1810 simulet
2732 1757 3000 1823 jucunda,
3057 1757 3453 1826 charitatisqne

1887 1844 2244 1912 privationem
2277 1846 2473 1912 quovis
2499 1861 2621 1900 esse
2661 1847 2929 1913 supplicio
2984 1848 3246 1913 gehennae
3292 1864 3449 1901 accr-

1885 1935 2114 1997 biorem,
2149 1944 2203 1988 ct
2243 1937 2401 1989 malle
2434 1951 2511 1999 se,
2552 1937 2596 1990 si
2658 1936 2864 2000 liceret,
2925 1937 3262 1992 ostendisset
3324 1954 3447 1990 cum

1886 2025 2179 2080 dilectione
2203 2026 2386 2079 divina
2420 2027 2743 2079 intentatam
2783 2027 3107 2095 gehennam,
3144 2043 3302 2096 quam
3330 2031 3450 2085 sine

1886 2118 1980 2173 illa
2008 2118 2337 2186 promissum
2376 2132 2602 2187 regnum
2634 2123 2648 2139 '
2681 2118 2969 2180 cmlorum,
3007 2116 3313 2173 inebriatus
3358 2122 3447 2173 tle-

1887 2209 2111 2271 siderio,
2137 2225 2244 2262 non
2275 2210 2630 2264 subsistentia
2659 2211 2875 2279 quaerit,
2904 2221 3107 2265 etcum
3140 2210 3232 2265 Dei
3259 2226 3446 2266 amore

1886 2313 2205 2369 comparare
2246 2299 2337 2352 illa
2366 2300 2671 2353 contendit.
2726 2318 2744 2351 ι
2786 2298 2971 2369 Neque
3004 2299 3238 2355 altitudo
3271 2302 3450 2361 enim,

1886 2391 1979 2456 ait,
2013 2405 2189 2459 neque
2222 2390 2579 2459 profundum,
2622 2405 2799 2460 neque
2830 2398 3081 2444 creatura
3110 2391 3214 2445 alia
3253 2392 3454 2461 pulerit

1885 2496 1987 2535 nos
2018 2495 2275 2550 separare
2307 2496 2335 2533 a
2372 2480 2641 2534 charitate
2662 2479 2778 2545 Dei,
2843 2496 2967 2551 quae
3004 2487 3089 2536 est
3143 2481 3198 2535 in
3232 2480 3454 2535 Christo

1884 2573 2013 2629 Jesu
2045 2573 2278 2627 Domino
2310 2581 2521 2625 nostro.
2565 2590 2583 2623 ι
2613 2572 2731 2626 Non
2761 2573 2960 2635 solum,
2998 2572 3193 2642 inquit,
3234 2575 3453 2627 cunctis

1888 2665 2052 2720 simul
2087 2664 2397 2717 visibilihus
2423 2673 2474 2717 et
2506 2662 2877 2717 invisibilibus
2908 2677 3149 2717 amorem
3184 2664 3238 2717 in
3264 2662 3454 2718 Salva-

1888 2764 2059 2810 torem
2086 2764 2139 2810 et
2174 2755 2593 2824 ltedemptorem
2624 2770 2902 2825 praepono,
2933 2757 3025 2812 sed
3055 2767 3108 2813 et
3130 2758 3176 2811 si
3205 2773 3312 2828 qua
3346 2758 3455 2813 alia

1886 2855 2146 2901 creatura
2174 2848 2278 2899 hac
2342 2847 2522 2915 major
2580 2855 2635 2901 et
2691 2848 2979 2917 pulchrior
3022 2850 3353 2918 apparuerit,
3393 2857 3454 2904 ut

1885 2937 2209 2993 charitatem
2262 2945 2463 2991 mutem
2512 2953 2857 3009 nequaquam
2919 2941 3290 3009 persuadebit.
3346 2943 3455 2997 Sed

1888 3045 2062 3099 neque
2095 3029 2337 3097 jucunda
2377 3030 2422 3083 si
2459 3030 2584 3098 quis
2616 3030 2831 3096 oderat,
2862 3031 2981 3086 sine
3016 3031 3121 3086 hac
3151 3033 3407 3102 recipiam
3436 3049 3450 3084 :

1812 3151 1859 3213 ε
1889 3131 1941 3175 et
1967 3121 2092 3174 licet
2146 3121 2327 3174 tristia
2368 3129 2588 3190 propter
2655 3122 2797 3177 hanc
2847 3122 3082 3192 ingerat,
3140 3124 3447 3193 expetenda

1894 3210 2051 3275 mihi,
2083 3210 2349 3279 valdeque
2381 3211 2639 3264 amabilia
2668 3211 2999 3266 videbuntur
3026 3230 3039 3266 :
3085 3222 3138 3266 et
3171 3227 3294 3282 quas
3330 3213 3453 3283 ejus

1889 3316 2056 3356 causa
2087 3302 2353 3356 toleratur
2384 3301 2577 3364 fames,
2615 3302 3039 3372 quibuscunque
3064 3304 3279 3360 deliciis
3318 3307 3453 3360 mihi

1887 3392 2095 3463 gratior
2128 3400 2233 3458 est,
2269 3400 2322 3446 et
2360 3391 2668 3459 persecutio
2712 3407 2843 3460 pace
2872 3393 3109 3460 dulcior,
3139 3401 3194 3449 et
3232 3397 3452 3451 nuditas

1890 3496 2130 3551 purpura
2162 3496 2407 3551 auroque
2436 3482 2659 3537 intextis
2698 3483 2943 3540 vestibus
2992 3486 3279 3543 venustior
3326 3506 3341 3542 :
3399 3497 3454 3543 et

1887 3589 2191 3659 periculum
2215 3590 2408 3659 quavis
2437 3589 3073 3660 securitatejucundius,
3103 3593 3454 3666 violentaque

1883 3680 2157 3749 jugulatio
2194 3681 2480 3734 omni‘vita
2515 3680 2688 3751 magis
2739 3682 3066 3750 expetenda.
3130 3683 3452 3742 Passionum

1887 3771 2032 3825 enim
2058 3785 2221 3826 causa
2255 3770 2649 3826 consolationis
2685 3770 2818 3824 mihi
2856 3772 2978 3826 loco
3010 3779 3117 3837 est,
3167 3788 3292 3829 cum
3324 3792 3452 3842 pro-

1887 3871 2006 3932 pter
2044 3870 2343 3916 amatorem
2389 3859 2552 3914 simul
2602 3867 2657 3913 et
2697 3867 2937 3915 amatum
2974 3862 3192 3916 illarum
3242 3872 3451 3934 tempe-

1887 3961 2057 4009 states
2089 3951 2377 4023 perferam.
2416 3948 2625 4019 1305
2662 3966 2681 4000 t
2721 3947 2855 4003 Eum
2889 3951 3034 4007 enim
3060 3954 3153 4022 qui
3186 3970 3296 4010 non
3348 3971 3449 4011 no-

1888 4051 2039 4098 verat
2062 4052 2371 4113 peccatum,
2406 4057 2507 4110 pro
2544 4042 2705 4097 nobis
2734 4050 3016 4110 peccatum
3063 4043 3210 4109 fecit,
3245 4055 3303 4101 ut
3352 4064 3454 4105 nos

1886 4133 2221 4188 etIiceremur
2244 4132 2458 4201 justitia
2486 4131 2579 4187 Dei
2607 4134 2661 4188 in
2692 4134 2875 4202 ipsoh.
2903 4152 2922 4185 ι
2948 4153 3056 4188 -ι
3084 4135 3187 4203 Qui
3218 4153 3341 4193 cum
3371 4139 3454 4194 di-

1886 4242 1980 4281 ves
2008 4237 2171 4291 esset,
2211 4232 2436 4295 propter
2470 4240 2570 4280 nos
2599 4241 2806 4295 egenus
2854 4227 3034 4284 factus
3064 4236 3168 4294 est,
3216 4239 3276 4286 ut
3306 4231 3452 4290 illius

1887 4316 2071 4385 in0pia
2102 4330 2204 4369 nos
2226 4314 2423 4368 divites
2455 4330 2704 4370 essemus
2732 4317 2775 4369 ι.
2808 4334 2826 4367 ι
2864 4314 2929 4370 Ει
2957 4334 2972 4372 :
3008 4333 3028 4367 ‹
3067 4315 3315 4373 Redemit
3342 4336 3446 4376 nos

1888 4406 1954 4459 de
1986 4404 2275 4458 maledicto
2302 4404 2453 4475 legis,
2475 4404 2655 4460 factus
2684 4420 2781 4474 pro
2802 4405 2962 4459 nobis
2986 4407 3333 4463 maledictum
3362 4409 3440 4463 ί.»

214 4491 451 4562 σταυροῦ
470 4534 483 4547 .
508 4502 530 4543 ἰ
552 4493 661 4545 Καί
677 4508 690 4522 ο
715 4511 733 4543 ι
768 4494 886 4545 Ἔτι
906 4492 1241 4565 ἁμαρτωλῶν
1272 4493 1439 4546 ὄντων
1465 4492 1639 4561 ἡμῶν,
1661 4493 1786 4561 Χρι-
1818 4498 1861 4553 D

1781 4522 1786 4533 ι
1818 4498 1861 4553 D
1891 4494 1955 4549 Et
1987 4516 1999 4550 :
2046 4513 2064 4545 ι
2107 4480 2421 4550 Humiliavit
2457 4497 2808 4565 semetipsum
2848 4496 3027 4554 factus
3071 4498 3329 4575 obediens
3356 4517 3446 4555 us-

213 4583 339 4646 στὺς
388 4583 527 4654 ὑπὲρ
579 4582 735 4653 ἡμῶν
760 4575 1016 4636 ἀπέθανε.
1062 4603 1081 4635 ι
1131 4582 1313 4636 Ταῦτα
1345 4583 1436 4635 καὶ
1471 4582 1787 4636 τὰτοιαῦτα

212 4675 584 4744 λογιζόμενος,
644 4676 741 4727 οὐκ
800 4677 866 4729 ἂν
918 4675 1180 4745 δεξαίμην
1228 4675 1326 4745 τὴν
1384 4674 1491 4727 τῶν
1538 4673 1783 4744 οὐρανῶν

214 4767 512 4837 βασιλείαν,
565 4766 687 4836 δίχα
727 4767 826 4836 τῆς
883 4768 1010 4836 περὶ
1044 4765 1247 4819 τούτων
1291 4766 1510 4834 ἀγάπης
1541 4782 1554 4795 °
1586 4766 1685 4817 οὐκ
1717 4764 1782 4818 ἂν

214 4858 441 4927 φύγοιμι
478 4859 576 4926 τὴν
605 4859 663 4909 έν
690 4857 882 4929 γεέννῃ
905 4857 1199 4928 τιμωρίαν,
1236 4858 1394 4927 εἴπερ
1424 4856 1569 4918 είκὸς
1597 4852 1663 4926 ’ἦν
1689 4855 1782 4909 τὸν

206 4951 417 5019 ταύτην
451 4950 641 5019 ἔχοντα
678 4950 897 5003 κόλασιν
932 4950 1243 5020 ὑπομένειν.
1283 4949 1453 5002 Τοῦτο
1495 4951 1588 5003 καὶ
1616 4950 1779 5002 ἀλλα-

210 5042 306 5111 χοῦ
360 5042 597 5094 διδάσκει
654 5042 837 5109 σαφῶς
871 5056 883 5069 ·
936 5060 953 5091 ι
1001 5042 1066 5093 Ἦ
1121 5041 1226 5111 γὰρ
1273 5043 1458 5112 ἀγάπη
1511 5041 1604 5095 τοῦ
1645 5041 1779 5095 Θεοῦ

210 5134 426 5203 συνέχει
467 5134 633 5203 ἡμᾶς,
685 5134 975 5203 κρίναντας
1017 5133 1192 5197 τοῦτο,
1223 5134 1300 5186 ὅτι
1335 5128 1415 5195 εἷς
1459 5133 1599 5204 ὑπὲρ
1641 5134 1780 5188 πάν-

207 5244 318 5278 των
348 5224 637 5286 ἀπέθανεν,
670 5225 754 5276 ἵνα
785 5226 832 5276 οί
877 5222 1095 5287 ζῶντες,
1136 5226 1330 5294 μηκέτι
1354 5227 1563 5287 ἑαυτοῖς
1590 5224 1775 5291 ζῶσιν,

207 5317 344 5370 ἀλλὰ
378 5315 453 5385 τῷ
502 5317 639 5385 ὑπὲρ
686 5315 864 5369 αὐτῶν
910 5316 1232 5369 ἀποθανόντι
1274 5317 1367 5369 καὶ
1406 5316 1713 5371 ἀναστάντι.
1754 5336 1772 5369 ι

208 5410 273 5459 Ui
304 5407 481 5458 τοίνυν
520 5407 592 5477 μὴ
642 5408 854 5470 ἑαυτοῖς
887 5407 1108 5472 ζῶντες,
1160 5408 1294 5461 ἀλλά
1332 5407 1409 5478 τῷ
1444 5410 1581 5479 ὑπὲρ
1606 5408 1785 5462 αὐτῶν

209 5499 534 5552 ἀποθανόντι
587 5500 682 5552 καὶ
731 5500 1044 5566 ἀναστάντι,
1089 5501 1267 5555 πάντα
1323 5503 1460 5573 ὑπὲρ
1491 5502 1656 5557 αὐτοῦ
1692 5503 1785 5556 καὶ

281 5701 307 5739 8
344 5698 496 5752 Rom.
526 5715 645 5761 vm,
675 5700 763 5763 58,
800 5704 882 5761 39.
967 5704 989 5742 ιι
1025 5703 1064 5757 ll
1096 5703 1224 5759 Cor.
1265 5720 1315 5763 v.
1347 5704 1434 5761 Ξῖ.

206 5780 248 5809 ¹¹¹
282 5768 323 5825 ll
351 5771 478 5824 Cur.
511 5787 561 5835 ι’,
598 5771 690 5825 M.‘

1523 5702 1535 5742 ί
1568 5706 1700 5761 ibid.
1727 5723 1840 5769 vm,
1868 5708 1917 5763 9.
2002 5720 2011 5757 ι
2047 5706 2221 5764 Οαίειὲ.
2256 5724 2336 5773 ιιι,
2374 5709 2457 5764 l3.
2524 5710 2546 5748 ι
2574 5708 2806 5779 Philipp.
2837 5725 2897 5772 ιι,
2927 5710 2978 5763 8.

1883 4600 1988 4654 que
2029 4585 2094 4639 ad
2131 4596 2380 4650 mortem,
2440 4596 2669 4641 mortem
2727 4598 2905 4641 autem
2940 4589 3121 4643 crucis
3147 4590 3197 4644 ιι.
3253 4610 3272 4644 ι
3343 4592 3446 4647 Et:

1888 4696 1905 4727 ι
1948 4676 2084 4730 Cum
2118 4676 2295 4729 adhuc
2343 4685 2659 4744 peccatores
2715 4692 2982 4741 essemus,
3041 4677 3295 4734 Christus
3351 4696 3449 4749 pro

1881 4767 2036 4821 nobis
2068 4774 2318 4821 mortuus
2350 4774 2432 4821 est
2457 4764 2500 4821 ι.
2541 4785 2559 4817 ι
2600 4765 2723 4821 Haec
2751 4775 2805 4822 et
2832 4768 2885 4821 id
2926 4782 3101 4838 genus
3128 4769 3234 4822 alia
3264 4773 3450 4823 consi-

1880 4874 2099 4939 ilerans,
2152 4888 2377 4942 regnum
2426 4874 2690 4928 caelorum
2722 4874 2841 4927 sine
2873 4873 3141 4928 charitate
3196 4875 3249 4929 in
3281 4875 3447 4930 Deum

1888 4966 2116 5035 adipisci
2147 4966 2355 5019 nolim:
2405 4980 2583 5034 neque
2632 4965 2893 5034 gehennm
2921 4966 3247 5035 supplicium
3301 4966 3449 5020 refu-

1886 5073 2033 5127 gere,
2070 5058 2116 5111 si
2150 5072 2248 5126 par
2279 5066 2475 5119 essset,
2508 5071 2630 5110 eum
2663 5058 2754 5125 qui
2780 5056 2882 5110 hac
2910 5057 3170 5126 praeditus
3201 5059 3291 5121 sit,
3318 5074 3448 5127 sup-

1890 5150 2114 5219 plicium
2150 5147 2320 5202 ullum
2355 5148 2651 5203 sustinere.
2688 5146 2800 5202 Hoc
2827 5164 3048 5218 quoque
3081 5150 3210 5205 alibi
3240 5150 3451 5219 perspi-

1886 5252 1987 5292 cue
2019 5236 2220 5292 docet:
2263 5254 2281 5288 ι
2314 5235 2571 5292 Charitas
2600 5237 2743 5291 enim
2784 5236 2875 5292 Dei
2917 5247 3072 5307 urget
3127 5254 3247 5305 nos,
3298 5240 3449 5293 testi-

1884 5335 2099 5381 mantes
2129 5328 2255 5391 hoc,
2290 5328 2545 5397 quoniam
2578 5343 2723 5383 unus
2767 5342 2867 5398 pro
2900 5330 3156 5385 omnibus
3191 5341 3444 5385 mortuus

1881 5427 1986 5483 est,
2019 5428 2079 5472 ut
2106 5420 2200 5490 qui
2238 5420 2446 5485 vivunt,
2472 5419 2583 5488 jam
2613 5435 2721 5475 non
2750 5420 2854 5475 sibi
2886 5422 3097 5488 vivant,
3128 5422 3221 5477 sed
3248 5424 3294 5476 ei
3349 5424 3441 5491 qui

1881 5523 1980 5580 pro
2009 5508 2145 5579 ipsis
2178 5516 2429 5564 mortuus
2463 5515 2548 5564 est
2572 5514 2626 5564 et
2655 5510 2956 5563 resurrexit
2978 5517 3038 5561 ιιι.
3089 5525 3108 5560 ι
3144 5506 3249 5574 Qui
3278 5508 3443 5581 igitur

3064 5706 3076 5745 ι
3124 5708 3278 5762 Rom.
3309 5722 3361 5775 ν,
3386 5705 3444 5766 8.
