4216 6456
778 388 913 454 1537

1762 386 2243 447 THEODORETI
2278 385 2615 443 EPISCOPI
2669 386 3029 445 CYllENSIS

3871 386 4017 449 1508

770 515 880 554 non
913 498 1146 565 amplius
1182 496 1282 549 sibi
1317 497 1528 556 vivunt,
1561 497 1652 547 sed
1690 496 1734 548 ei
1765 498 1855 562 qui
1889 510 1983 562 pro
2023 497 2154 562 ipsis
2193 509 2338 545 mor-

2442 493 2635 561 δρᾶσαι
2676 494 2769 546 καὶ
2801 494 2993 547 παθεῖν
3043 494 3293 563 ἀσμένως
3339 494 3642 562 ἀνέχονται.
3687 495 3797 547 Καὶ
3834 498 3905 550 τὰ
3947 504 4014 568 τῇ

778 607 907 642 tuus
932 596 1015 641 est
1055 596 1106 639 ct
1144 590 1466 649 resurrexit,
1499 587 1682 639 omnia
1716 602 1813 654 pro
1843 603 1906 637 eo
1940 601 2099 652 agerc
2130 594 2181 637 ct
2226 585 2335 651 pati

774 679 1049 730 sustinent
1079 677 1330 728 libenter.
1365 675 1498 727 Hinc
1528 687 1581 727 et
1612 690 1731 744 qua:
1766 693 1861 729 sua
1902 683 2093 727 natura
2144 688 2338 741 magna

774 776 920 829 sunt,
948 783 1315 834 pet-passuque
1348 767 1604 828 dimi-ilia,
1630 784 1749 821 cum
1778 782 1964 818 amore
1988 780 2336 833 comparans,

775 871 937 925 parva
963 856 1117 916 dicit,
1151 865 1202 907 i-t
1232 857 1463 908 toleratu
1492 854 1693 906 facilia.
1733 873 1749 903 t
1786 855 1835 906 ld
1868 856 2033 914 enim,
2067 855 2163 914 ait,
2198 854 2340 919 quod

776 948 828 999 in
862 948 1119 1012 prmsenti
1150 954 1231 998 est
1262 954 1702 997 inomentatreum
1734 953 1791 997 et
1830 946 1943 997 leve
1974 942 2344 997 tribulationis

776 1049 997 1098 nostros,
1053 1054 1216 1104 supra
1268 1037 1530 1089 modutn‘
1574 1038 1626 1088 in
1680 1037 2018 1089 sublimitate
2078 1043 2343 1087 aeternum

777 1129 963 1196 gloria:
1018 1128 1229 1194 pondus
1287 1136 1548 1195 Operatttr
1604 1128 1837 1181 nobis“.
1876 1147 1892 1177 ι
1935 1126 2126 1179 Postea
2181 1127 2343 1178 etiam

767 1232 884 1283 .qno
920 1226 1082 1282 pacto
1109 1216 1477 1284 comparanda
1506 1216 1864 1269 smtedocet:
1901 1234 1918 1265 ι
1957 1214 2073 1268 Νοιι
2104 1229 2346 1267 contem-

776 1307 1053 1372 plantibns
1080 1306 1237 1357 nobis
1265 1307 1671 1373 qumvidentur,
1698 1305 1790 1358 sed
1809 1322 2049 1372 quacnou
2076 1306 2344 1358 videntur.

777 1394 907 1457 Qua:
940 1394 1081 1446 enim
1104 1395 1377 1460 videntur,
1414 1405 1784 1447 inomcntanea
1829 1405 2131 1459 sunt;qu:e
2167 1403 2345 1447 autent

778 1500 883 1536 non
908 1485 1181 1542 videntur,
1206 1492 1409 1535 mterna
1430 1493 1474 1534 υ.
1504 1502 1521 1533 ι
1551 1483 1774 1551 Oportet
1797 1485 1965 1547 enim,
1988 1489 2083 1547 ait,
2100 1484 2349 1538 conferre

778 1591 900 1626 Clliil
920 1562 1272 1639 pra-sentibus
1294 1574 1406 1625 fntu
1418 1589 1492 1635 ra,
1511 1591 1633 1626 cum
1656 1577 2044 1643 temporalibus
2062 1590 2188 1627 vero
2204 1585 2352 1627 arter-

781 1683 868 1727 na,
896 1665 1104 1733 1306
1132 1674 1181 1716 et
1220 1680 1342 1716 cum
1380 1666 1730 1719 tribulatione
1769 1667 2013 1732 gloriam.
2062 1665 2152 1717 Illa
2177 1667 2349 1732 siqui-

780 1761 896 1807 dem
926 1765 1199 1807 mauu-nlo
1220 1757 1475 1823 pra-terit,
1497 1758 1606 1809 haac
1626 1765 1805 1808 autem
1825 1767 2026 1809 aeterna
2040 1767 2141 1811 est.
2161 1757 2269 1810 llac
2286 1758 2351 1811 de

2444 584 2602 649 φύσει
2626 583 2681 636 δὲ
2719 585 2948 651 μεγάλα,
2979 585 3073 637 καὶ
3101 584 3316 653 χαλεπὰ
3345 584 3665 655 παθήματα,
3692 586 3770 655 τῷ
3798 587 4011 657 φίλτρῳ

2444 670 2765 735 συγκρίνων,
2790 671 2962 740 μικρὰ
3001 671 3147 739 λέγει
3183 673 3277 725 καὶ
3304 672 3527 741 εὔφορα.
3572 693 3588 724 ι
3623 674 3696 726 Τὸ
3727 676 3835 745 γὰρ
3870 693 4016 745 παρ-

2443 757 2663 817 αυτίκα,
2738 760 2922 828 φησὶν,
2976 762 3210 831 ἐλαφρὸν
3257 762 3355 829 τῆς
3404 762 3631 830 θλίψεως
3681 766 3858 833 ἡμῶν,
3892 769 4017 818 καθ’

2444 848 2745 918 ὑπερϐολὴν
2768 852 2846 912 είς
2888 852 3189 921 ὑπερϐολὴν
3229 852 3444 906 αἰώνιον
3494 855 3653 924 βάρος
3697 857 3854 924 δόξης
3886 876 4019 910 κατ-

2445 937 2740 1002 εργάζεται
2773 940 2924 1005 ἡμῖν,
2962 936 3095 992 Εἶτα
3154 942 3250 992 καὶ
3285 941 3402 1002 πῶς
3438 942 3519 993 δεῖ
3571 944 3881 1009 συγκρίνειν
3937 945 4020 995 δι-

2444 1028 2632 1081 δάσκει
2657 1046 2671 1060 θ
2702 1047 2719 1079 ι
2757 1031 2847 1097 Μὴ
2880 1032 3227 1084 σκοπούντων
3254 1032 3411 1101 ἡμῶν
3438 1034 3505 1085 τὰ
3536 1034 3858 1101 βλεπόμενα,
3881 1036 4023 1086 ἀλλὰ

2445 1119 2512 1170 τὰ
2552 1120 2625 1189 μὴ
2674 1119 2978 1190 βλεπόμενα
3011 1138 3023 1151 ·
3059 1122 3129 1174 τὰ
3160 1123 3267 1192 γὰρ
3316 1124 3622 1192 βλεπόμενα
3663 1127 3974 1195 πρόσκαιρα
4006 1145 4019 1155 ·

2447 1210 2514 1261 τὰ
2543 1210 2598 1262 δὲ
2633 1213 2705 1281 μὴ
2741 1211 3049 1280 βλεπόμενα
3074 1215 3288 1269 αἰώνια.
3328 1232 3346 1265 ι
3392 1216 3665 1283 Προσήκει
3705 1218 3833 1283 γὰρ,
3863 1219 4021 1283 φησὶ,

2451 1300 2804 1369 παρατιθέναι
2840 1304 2955 1363 τοῖς
2998 1304 3095 1371 μὲν
3136 1303 3370 1373 παροῦσι
3401 1305 3469 1355 τὰ
3506 1305 3784 1372 μέλλοντα,
3823 1308 3937 1367 τοῖς
3963 1307 4021 1357 δὲ

2451 1394 2807 1463 προσκαίροις
2851 1393 2918 1445 τὰ
2962 1392 3174 1454 αἰώνια,
3210 1398 3273 1463 τῇ
3324 1394 3379 1446 δὲ
3424 1394 3596 1462 θλίψει
3628 1395 3725 1464 τὴν
3752 1396 3909 1458 δόξαν
3945 1414 3959 1426 ·
3990 1400 4021 1465 ἡ

2455 1486 2551 1553 μὲν
2580 1483 2686 1553 γὰρ
2709 1484 2818 1552 ἔχει
2853 1485 2913 1537 τὸ
2944 1486 3277 1553 παραυτίκα,
3310 1488 3340 1555 ή
3372 1486 3430 1537 δὲ
3459 1486 3518 1537 τὸ
3546 1486 3760 1539 αἰώνιον
3786 1504 3798 1515 ·
3826 1488 4021 1539 τούτου

2450 1576 2609 1643 χάριν
2643 1574 2780 1642 αὓτη
2826 1576 2924 1644 μὲν
2960 1575 3131 1645 κούφη
3161 1578 3255 1628 καὶ
3283 1575 3532 1645 εὖφορος,
3572 1577 3752 1645 ἐκείνη
3786 1577 3841 1629 δὲ
3867 1578 4026 1628 πολυσ

2450 1663 2609 1731 τελής
2630 1681 2689 1716 τε
2715 1668 2808 1717 καὶ
2839 1666 3157 1734 βαρύτιμος.
3184 1665 3365 1735 Ταύτῃ
3387 1666 3450 1735 δὴ
3478 1667 3649 1718 καὶτὸ
3679 1670 3807 1719 καθ’
3842 1670 4022 1732 ὑπερ-

2454 1754 2643 1819 ϐολὴν
2675 1756 3006 1824 ἀμφοτέροις
3033 1757 3410 1825 προστέθεικε,
3442 1758 3535 1809 καὶ
3571 1757 3648 1825 τῷ
3679 1758 3898 1827 ἐλαφρῷ
3924 1762 4025 1826 τῆς

780 1862 808 1895 r.
830 1862 941 1898 .us:i
961 1848 1091 1898 levis
1112 1848 1196 1896 illa
1211 1856 1315 1909 est,
1332 1854 1383 1898 et
1404 1855 1615 1914 portatu
1640 1847 1814 1899 facilis
1837 1864 1848 1898 :
1870 1849 1979 1899 litec
1999 1864 2125 1901 vero
2147 1848 2341 1916 magni-

2450 1846 2702 1913 θλίψεως,
2749 1847 2843 1899 καὶ
2894 1846 2970 1914 τῷ
3000 1847 3155 1916 βάρει
3193 1848 3293 1916 τῆς
3321 1848 3499 1917 δόξης.
3538 1850 3646 1901 Καὶ
3682 1849 3851 1900 ταῦτα
3882 1851 4017 1919 γὰρ,

784 1942 877 1988 lira
911 1948 993 1989 est
1022 1946 1074 1989 ιιι
1132 1939 1311 2005 magni
1369 1939 1550 2004 pretii.
1590 1937 1726 1991 llinc
1764 1954 1981 2006 quoque
2012 1938 2141 1991 illud
2189 1955 2350 2005 supra

786 2031 994 2082 modum
1031 2031 1244 2097 utrique
1279 2031 1527 2083 attribuit
1556 2039 1608 2083 ct
1644 2031 1845 2083 levitati
1871 2031 2263 2093 tribulationis,
2297 2041 2350 2084 ct

792 2122 1016 2189 ponderi
1049 2122 1256 2189 gloriae.
1297 2119 1420 2172 llmc
1446 2121 1615 2184 enim,
1672 2121 1867 2189 inquit,
1909 2136 2075 2189 supra
2130 2122 2348 2173 modmu

786 2226 945 2275 parva
981 2218 1128 2267 sunt,
1160 2218 1213 2261 et
1249 2210 1406 2268 levia,
1443 2224 1506 2262 ac
1542 2219 1957 2264 monientanea:
1995 2220 2045 2264 et
2079 2212 2169 2264 illa
2209 2214 2351 2265 simi-

785 2302 906 2351 liter
934 2315 1098 2367 supra
1137 2299 1355 2351 modum
1398 2300 1658 2367 gloriosa,
1689 2310 1742 2351 ct
1777 2301 2085 2368 Inagnilica,
2127 2310 2180 2353 et
2216 2316 2341 2369 pre-

784 2389 921 2439 tiosa
949 2400 1108 2455 atque
1137 2397 1357 2440 :eterna.
1397 2387 1680 2451 Quomodo
1734 2391 1932 2441 clamat
1966 2400 2020 2442 et
2078 2390 2205 2443 alibi
2260 2390 2340 2442 die

783 2497 913 2533 (“eus
941 2500 953 2533 :
992 2498 1008 2530 t
1043 2480 1233 2533 l‘laceo
1257 2482 1382 2533 mihi
1416 2481 1467 2534 in
1494 2482 1901 2534 inﬁrmitatibus
1933 2480 2090 2544 meis,
2122 2483 2174 2534 in
2204 2498 2339 2534 eon-

2449 1939 2633 2006 φησὶν,
2682 1938 3128 2006 ὑπερϐαλλόντως
3159 1940 3252 1990 καὶ
3294 1941 3525 2009 σμικρὰ,
3566 1942 3660 1992 καὶ
3695 1939 3893 2005 κούφα,
3929 1944 4024 1992 καὶ

2452 2029 2761 2099 πρόσκαιρα
2788 2046 2801 2059 °
2828 2034 3053 2082 κάκεῖνα
3099 2030 3363 2093 ὡσαύτως
3413 2030 3531 2099 μεθ’
3586 2031 3892 2100 ὑπερϐολῆς
3938 2033 4023 2083 ἓν-

2447 2120 2596 2185 δοξα,
2638 2123 2732 2173 καὶ
2766 2122 3051 2191 πολυτελῆ,
3087 2124 3179 2175 καὶ
3211 2122 3509 2193 βαρύτιμα,
3540 2126 3633 2177 καὶ
3662 2124 3875 2177 αἰώνια.
3916 2124 4023 2176 Καὶ

2449 2208 2674 2278 ἑτέρωθι
2725 2210 2927 2277 ὁμοίως
2974 2210 3112 2280 βοᾷ·
3160 2230 3179 2262 ι
3218 2211 3438 2263 Εὑδοκῶ
3495 2213 3554 2263 ὲν
3602 2212 3933 2275 ἀσθενείαις,
3968 2215 4025 2264 ἐν

2455 2298 2697 2369 ὕϐρεσιν,
2736 2303 2791 2352 ὲν
2838 2301 3124 2367 ἀνάγκαις,
3176 2302 3234 2353 ὲν
3280 2302 3559 2370 διωγμοῖς,
3608 2304 3662 2353 ὲν
3720 2305 4026 2355 ἀκαταστα-

2450 2390 2592 2453 σίαις
2619 2393 2757 2463 ὑπὲρ
2787 2392 3045 2464 Χριστοῦ.
3074 2393 3238 2446 Ὅταν
3263 2393 3370 2462 γὰρ
3395 2393 3623 2456 ἀσθενῶ,
3650 2394 3771 2446 τότε
3802 2394 4028 2457 δυνατός

2451 2486 2587 2552 εἰμι.
2619 2502 2637 2535 ι

782 2576 1040 2632 tuineliis.
1074 2575 1125 2627 in
1160 2576 1599 2639 necessitatibus,
1638 2575 1692 2628 in
1722 2577 2233 2644 persecutionibus,
2281 2577 2335 2630 in
2373 2578 2646 2647 angustiis
2722 2594 2819 2647 pro
2882 2579 3125 2633 Christo.
3156 2578 3293 2633 Cum
3362 2578 3509 2633 enim
3564 2578 3839 2644 inﬁrmus,
3894 2588 4033 2635 tunc

786 2676 975 2736 potens
1015 2684 1134 2721 Slllll
1162 2676 1210 2721 P,

856 2759 965 2811 lim:
995 2774 1213 2827 queque
1261 2774 1492 2829 magnus
1536 2760 1727 2815 Petrus
1766 2764 2159 2817 exstimulatns
2202 2762 2350 2816 desi-

783 2852 937 2903 derio
959 2891 972 2910 ,
1003 2865 1317 2918 quanquam
1349 2850 1588 2904 futuram
1617 2855 1956 2922 negationem
1980 2854 2349 2922 pravidisset,

786 2943 959 2994 noluit
997 2952 1176 2993 tamen
1224 2957 1285 2995 se
1329 2943 1612 2997 occultare
1646 2963 1657 2995 :
1694 2945 1787 2997 sed
1835 2945 2032 2997 melius
2079 2944 2234 2998 duxit
2265 2960 2352 2997 se-

784 3032 1002 3099 quendo
1056 3048 1289 3101 negare,
1336 3048 1499 3100 quam
1562 3032 1819 3101 fugiendo
1873 3035 2144 3087 conliteri.
2196 3034 2349 3100 Quod

784 3124 930 3174 enim
969 3138 1032 3174 ex
1068 3137 1286 3183 amore,
1336 3133 1389 3176 et
1430 3139 1536 3175 non
1578 3140 1643 3177 ex
1684 3126 1950 3185 audacia,
1986 3134 2204 3177 secutus
2246 3126 2349 3185 sit,

2518 2758 2702 2828 Τούτῳ
2732 2758 2825 2810 καὶ
2848 2761 2877 2811 ὁ
2914 2759 3084 2827 μέγας
3125 2758 3326 2826 Πέτρος
3373 2756 3713 2826 τετρωμένος
3745 2757 3823 2825 τῷ
3853 2756 4031 2827 πόθῳ.

2447 2851 2567 2904 οὑδὲ
2589 2849 2883 2919 προμαθὼν
2914 2850 3013 2918 τὴν
3046 2849 3310 2916 ἐσομένην
3343 2847 3573 2916 ἄρνησιν
3593 2847 3773 2899 λαθεῖν
3799 2848 4029 2900 κατεδέο

2451 2942 2578 3004 ξατο
2603 2956 2619 2971 ο
2649 2940 2762 2992 ἀλλ’
2786 2940 3003 3007 ἄμεινον
3058 2937 3324 2990 ὑπέλαϐεν
3383 2937 3647 3005 ἑπόμενος
3696 2937 4029 3007 ἀρνηθῆναι,

2448 3032 2478 3101 ἢ
2508 3032 2722 3099 φεύγων
2754 3029 3102 3099 ὁμολογῆσαι.
3137 3031 3258 3080 Ὅτι
3296 3027 3405 3097 γὰρ
3450 3028 3651 3096 ἔρωτος
3701 3025 3789 3097 ἦν,
3841 3031 3939 3081 καὶ
3965 3032 4029 3082 οὐ

2448 3121 2869 3192 θρασύτητος,ἡ
2917 3118 3272 3189 ἀκολούθησις
3322 3119 3563 3186 ἔκγονος,
3618 3120 3687 3170 τὰ
3725 3120 4031 3188 πράγματα

785 3230 874 3267 res
910 3214 1038 3280 ipsa:
1062 3222 1359 3266 testantur.
1392 3213 1578 3282 Neque
1602 3216 1745 3268 enim
1778 3224 1835 3268 ut
1881 3217 2201 3285 magistrum
2231 3226 2341 3284 post

2459 3216 2741 3284 μαρτυρεῖ.
2770 3212 2905 3263 osa:
2948 3212 3053 3281 γὰρ
3087 3212 3225 3281 μετά
3278 3212 3373 3282 τὴν
3431 3213 3655 3280 ἄρνησιν
3703 3211 4035 3263 καταλιπεῖν

784 3306 1128 3371 negatimiem
1174 3304 1509 3371 relinqueret
1553 3305 1747 3358 adduci
1802 3306 2023 3374 potuit:
2064 3308 2156 3358 sed
2206 3305 2349 3358 ﬂevit

784 3392 1003 3459 quidem
1054 3405 1257 3455 amare,
1304 3392 1447 3443 sicut
1491 3392 1722 3446 historia
1770 3393 1996 3458 docettt,
2028 3393 2350 3460 clademque

785 3494 978 3543 suam,
1013 3487 1066 3533 et
1113 3481 1550 3535 imbecillitatem
1598 3483 1935 3550 deploravit,
1983 3486 2220 3537 vinculis
2250 3500 2348 3537 an-

788 3581 895 3622 tem
926 3568 1133 3622 amoris
1164 3571 1499 3624 constrictus
1528 3586 1587 3625 se
1607 3572 1837 3640 praebuit
1868 3572 2173 3627 assiduum.
2207 3572 2348 3638 Quin

782 3662 944 3711 etiam
967 3698 981 3718 ,
1015 3674 1140 3711 cum
1175 3659 1353 3713 laetum
1400 3660 1697 3716 Dominicae
1739 3666 2163 3719 resurrectionis
2209 3682 2349 3718 ltlln-

784 3752 917 3801 tium
950 3749 1285 3817 accepisset,
1340 3750 1549 3817 primus
1596 3752 1663 3804 ad
1713 3755 2025 3820 sepulcrum
2076 3755 2254 3815 venit;
2297 3762 2350 3805 et

787 3838 838 3886 in
874 3833 1095 3888 Galilaza
1127 3852 1359 3896 rursus.
1394 3853 1515 3891 cum
1554 3840 1860 3908 piscaretur
1898 3851 1918 3878 τ
1959 3881 1974 3905 ,
2026 3855 2185 3912 atque
2226 3858 2351 3897 esse

784 3924 1071 3977 Dominum
1126 3928 1517 3994 cognovisset,
1564 3931 1654 3997 qui
1718 3932 1770 3983 in
1828 3932 2012 3985 littore
2062 3934 2243 3988 stabat
2298 3946 2351 3988 ct

782 4014 1161 4082 alloquebatur
1186 4031 1317 4076 eos,
1352 4034 1461 4071 non
1511 4034 1710 4088 passus
1753 4032 1837 4074 est
1885 4038 2076 4077 navent
2138 4024 2350 4078 tardius

782 4105 952 4156 maris
988 4112 1137 4172 terga
1190 4114 1466 4160 secantem
1491 4147 1505 4171 ,
1540 4109 1634 4162 sed
1678 4111 1793 4163 alas
1825 4113 2068 4180 Optavit,
2113 4128 2347 4181 quarum

782 4195 1113 4247 adminiculo
1146 4211 1241 4263 per
1271 4211 1397 4250 aera
1422 4198 1576 4254 littus
1616 4217 1777 4268 quain
1809 4203 2153 4258 velocissime
2176 4220 2345 4259 occu-

782 4291 954 4350 paret.
994 4280 1191 4336 Veruin
1224 4286 1350 4353 quia
1397 4287 1590 4354 pennis
1626 4290 1835 4359 1307
1868 4301 2059 4345 natura
2104 4302 2189 4348 est
2247 4296 2344 4349 de-

780 4364 994 4427 Stituta,
1030 4380 1129 4432 pro
1161 4381 1287 4421 aere
1314 4369 1509 4436 aquis,
1549 4386 1610 4424 ac
1657 4388 1754 4440 pro
1797 4375 1901 4427 alis
1940 4378 2193 4431 manibus
2232 4380 2345 4431 uti-

781 4461 872 4503 tur
899 4468 911 4503 :
944 4461 1284 4522 tranansqne
1310 4457 1377 4508 ad
1411 4473 1534 4510 cum
1563 4475 1724 4526 quem
1756 4461 2024 4530 diligebat
2055 4468 2305 4531 pervenit
2333 4509 2345 4530 ,

2454 3308 2710 3374 ἡνέσχετο
2736 3306 2824 3357 τὸν
2862 3303 3177 3356 διδάσκαλον
3199 3319 3211 3332 °
3236 3303 3350 3354 ἀλλ’
3382 3302 3610 3354 ἐκλαυσε
3655 3300 3754 3370 μὲν
3788 3302 4027 3370 πικρῶς,

2449 3397 2523 3458 ὡς
2563 3396 2772 3467 ἱστορία
2832 3395 3095 3457 διδάσκει,
3151 3393 3245 3444 κα)⁸
3301 3393 3399 3461 τὴν
3447 3388 3614 3462 ἧτταν
3676 3390 4025 3459 ἀπωδύρατο.

2452 3485 2827 3553 Προσήδρευσε
2863 3483 2920 3536 δὲ
2948 3485 3058 3545 τοῖς
3088 3482 3179 3534 τοῦ
3212 3483 3436 3550 φίλτρου
3470 3480 3685 3547 δεσμοῖς
3714 3481 4027 3549 κατεχόμε-

2450 3594 2558 3638 νος.
2593 3576 2699 3627 Καὶ
2753 3577 2933 3643 μέντοι
2979 3574 3070 3626 καὶ
3118 3573 3185 3625 τὰ
3218 3572 3317 3640 τῆς
3363 3573 3708 3635 ἀναστάσεως
3731 3571 4031 3638 δεξάμενος

2451 3667 2779 3732 Εὑαγγέλια,
2812 3664 3027 3732 πρῶτος
3051 3663 3141 3714 τὸν
3188 3663 3355 3725 τάφον
3398 3660 3662 3714 κατέλαϐε
3685 3678 3698 3691 ”
3734 3661 3831 3711 καὶ
3870 3663 3930 3711 ἐν
3963 3664 4025 3728 τῇ

2450 3755 2707 3823 Γαλιλαίᾳ
2729 3755 2784 3805 δὲ
2839 3754 2997 3805 πάλιν
3022 3752 3272 3813 ἁλιεύων,
3319 3747 3438 3803 εἶτα
3470 3749 3654 3819 μαθὼν
3691 3750 3855 3801 αὑτὸν
3889 3745 4026 3802 εἶναι

2449 3846 2541 3897 τὸν
2570 3845 2789 3914 Κύριον,
2815 3844 2905 3895 τὸν
2933 3844 3025 3896 ἐπὶ
3045 3844 3142 3910 τῆς
3176 3843 3352 3911 ἠϊόνος
3394 3842 3623 3898 ἑστῶτα.
3654 3841 3747 3892 καὶ
3774 3842 4030 3909 προσδια-

2450 3938 2759 4005 λεγόμενον,
2783 3937 2880 3987 οὐκ
2904 3936 3161 4003 ἠνέσχετο
3186 3933 3284 4001 μὲν
3328 3931 3421 3983 τοῦ
3478 3931 3742 4000 πορθμίου
3780 3932 4031 3999 σχολαιὸ-

2450 4044 2605 4097 τερον
2627 4026 3001 4094 διατέμνοντος
3023 4024 3120 4091 τῆς
3165 4021 3438 4089 θαλάσσης
3465 4020 3535 4071 τὰ.
3568 4020 3710 4072 νῶτα
3739 4032 3753 4047 '
3788 4020 4030 4090 ἐπόθησε

2449 4116 2506 4168 δὲ
2569 4115 2873 4181 ὑπόπτερος
2913 4115 3201 4180 γενόμενος
3246 4110 3313 4162 δι’
3356 4109 3519 4162 αὑτοῦ
3565 4110 3724 4177 ἀέρος
3792 4111 4029 4180 τάχιστα

2451 4204 2775 4259 καταλαϐεῖν
2796 4204 2893 4275 τὴν
2917 4205 3111 4273 ἀκτήν.
3159 4202 3377 4270 Ἐπειδὴ
3433 4201 3487 4254 δὲ
3549 4201 3762 4272 πτερῶν
3791 4204 3824 4272 ἡ
3863 4202 4028 4271 φύσις

2450 4295 2955 4367 ἑστέρητο,χρῆται
2991 4295 3089 4364 μὲν
3143 4293 3263 4347 ἀντὶ
3315 4291 3409 4344 τοῦ
3455 4291 3615 4359 ἀέρος
3658 4295 3771 4356 τοῖς
3817 4293 4025 4357 ὕδασιν,

2450 4388 2570 4440 ἀντὶ
2593 4388 2649 4441 δὲ
2687 4386 2903 4456 πτερῶν
2928 4388 3049 4448 ταῖς
3106 4384 3283 4455 χερσί.
3336 4386 3730 4453 Διανηχόμενος
3768 4384 3825 4436 δὲ
3853 4403 4027 4438 κατα-

2452 4478 2717 4546 λαμϐάνει
2746 4479 2837 4529 τὸν
2880 4474 3263 4543 ἀγαπώμενον,
3304 4476 3398 4527 καὶ
3432 4471 3591 4526 ἆθλον
3626 4475 3898 4541 λαμϐάνει
3933 4476 4025 4527 τοῦ

780 4553 832 4594 ct
862 4557 1058 4597 cursus
1089 4545 1171 4597 sui
1206 4546 1484 4612 praemium
1514 4550 1783 4615 obtinuit,
1817 4556 1963 4622 quini
1995 4556 2196 4609 honore
2226 4559 2341 4613 aliis

2450 4545 2676 4636 δρόμου,
2729 4567 2826 4634 τὴν
2880 4564 2990 4616 τῶν
3036 4563 3209 4615 ἄλλων
3276 4564 3640 4632 προτίμησιν’
3692 4564 3881 4633 ἐπειδὴ
3917 4566 4025 4633 γὰρ

785 4632 1037 4698 ιπιεισιιιε
1066 4645 1167 4687 est.
1200 4631 1332 4686 Nam
1367 4635 1459 4689 ubi
1493 4638 2050 4709 discumberejussit,
2081 4645 2344 4715 cibosque

755 4716 1035 4778 'invcntos
1065 4722 1381 4791 distribuit,
1410 4744 1529 4782 mox
1561 4732 1803 4800 colloqui
1850 4751 1973 4787 cmn
2024 4750 2089 4788 eo
2126 4738 2292 4806 coepit
2323 4724 2341 4792 ’;

783 4817 1128 4881 interrOgaus
1151 4815 1367 4884 quidem
1393 4832 1456 4871 ac
1487 4821 1780 4877 sciscitans
1803 4863 1815 4884 ,
1847 4834 2114 4891 quantum
2144 4829 2161 4846 ⁹
2192 4843 2344 4880 amo-

783 4938 897 4976 rem
953 4923 1188 4989 habeat,
1224 4929 1436 4983 czeteris
1492 4946 1622 4984 vero
1676 4933 1858 5002 magni
1909 4932 2056 4989 Petri
2104 4951 2343 4991 amorem

782 5014 1036 5082 detegens
1064 5034 1076 5069 :
1112 5035 1130 5068 ι
1181 5016 1369 5072 Simon
1415 5022 1560 5074 enim
1592 5021 1749 5077 Pctre
1771 5068 1789 5086 ,
1824 5025 2019 5094 inquit,
2052 5026 2234 5095 diligis
2261 5045 2344 5083 me

783 5103 905 5169 plus
937 5102 1104 5157 liiss?
1150 5123 1167 5154 ι
1206 5104 1300 5158 Ille
1340 5115 1521 5161 autem
1556 5107 1735 5177 ipsum
1784 5118 1979 5164 testem
2027 5114 2231 5167 amoris
2260 5114 2343 5168 sui

782 5191 1091 5258 appellavit.
1120 5210 1137 5242 ‹
1164 5190 1389 5247 Domine
1413 5195 1556 5247 enim
1578 5235 1592 5257 ,
1626 5197 1734 5259 ait,
1764 5206 1820 5249 tu
1857 5198 1967 5251 scis
1992 5198 2137 5265 quod
2168 5216 2342 5252 amem

783 5281 895 5333 tc‘.
924 5299 942 5331 ι
966 5280 1244 5337 Scrutaris
1274 5284 1417 5336 enim
1451 5284 1619 5338 corda
1649 5287 1955 5352 hominum,
1989 5298 2046 5341 et
2072 5288 2165 5341 tibi
2195 5292 2341 5359 cogi-

782 5372 1044 5425 tationum
1070 5382 1249 5427 motus
1279 5382 1493 5441 patent,
1528 5376 1774 5444 nihilque
1807 5394 1869 5429 ex
1900 5379 2061 5431 rebus
2091 5381 2343 5432 humanis

781 5461 879 5516 tibi
914 5473 1091 5516 manet
1117 5464 1502 5518 absconditum
1532 5483 1544 5518 :
1573 5477 1773 5521 cuncta
1798 5468 1941 5521 cnim
1966 5472 2131 5533 nosti,
2160 5472 2343 5526 novis-

850 5661 874 5688 ¹²
910 5660 947 5712 ξι
982 5662 1104 5713 Cor.
1137 5679 1209 5716 tv.
1246 5664 1321 5716 l7.

1403 5674 1426 5699 °
1462 5668 1592 5721 ibid.
1631 5667 1717 5730 18,
1794 5679 1820 5717 Ρ
1845 5668 1882 5720 ll
1915 5669 2041 5723 Cor.
2074 5684 2169 5731 xu,
2201 5670 2285 5724 10.

784 5744 935 5792 mu,
974 5730 1061 5785 E17.

1143 5741 1164 5768 τ
1202 5731 1363 5789 Joan.
1399 5750 1509 5798 XM,
1542 5737 1593 5792 6.
1674 5749 1693 5773 '
1724 5739 1855 5792 ibid.
1888 5739 1969 5791 l5.
2053 5742 2069 5775 ⁸
2108 5740 2237 5793 ibid.

2442 4657 2665 4710 καθίσαι
2696 4655 3011 4725 προσέταξε,
3048 4656 3143 4708 καί
3170 4654 3236 4707 τὰ
3273 4654 3561 4725 εὑρεθέντα
3598 4654 3737 4707 σιτία
3758 4654 4022 4723 διένειμε,

2439 4749 2540 4818 τῆς
2583 4747 2717 4813 πρὸς
2746 4746 2906 4800 αὑτὸν
2962 4746 3120 4808 εύθὺς
3161 4745 3362 4815 ἤρξατο
3385 4744 3689 4811 διαλέξεως,
3742 4744 4025 4815 ἐρώμενος

2447 4841 2545 4908 μὲν
2588 4836 2771 4904 δῆθεν,
2814 4838 2907 4889 καὶ
2961 4836 3263 4905 πυθόμενος
3304 4834 3467 4887 πόσον
3522 4834 3631 4903 ἔχοι
3676 4835 3735 4887 τὸ
3779 4836 4022 4905 φίλτρον,

2441 4929 2844 4983 ἀποκαλύπτων
2869 4928 2923 4979 δὲ
2956 4930 3067 4989 τοῖς
3096 4926 3272 4989 ἄλλοις
3304 4926 3393 4978 τοῦ
3433 4926 3665 4994 μεγάλου
3695 4926 3900 4996 Πέτρου
3934 4929 4023 4979 τὶν

2441 5020 2620 5089 ἔρωτα
2645 5035 2657 5048 ·
2701 5038 2717 5069 ι
2758 5020 2939 5088 Σίμων
2978 5019 3086 5086 γὰρ
3144 5018 3337 5085 Πέτρε,
3389 5016 3513 5084 ἔφη,
3558 5016 3727 5083 φιλεῖς
3754 5035 3820 5084 με
3858 5018 4024 5070 πλέον

2439 5109 2682 5173 τούτων;
2725 5127 2741 5159 t
2782 5110 2839 5161 '0
2894 5109 2949 5161 δὲ
3002 5110 3161 5161 αὑτὸν
3196 5111 3274 5170 είς
3316 5107 3619 5177 μαρτυρίαν
3656 5107 3881 5161 ἐκάλεσε
3917 5108 4012 5162 τοῦ

2441 5200 2666 5269 φίλτρου
2693 5216 2705 5229 ·
2738 5218 2753 5249 t
2790 5200 2979 5268 Κύριε,
3002 5201 3129 5269 γὰρ,
3164 5195 3302 5263 εἷπε,
3332 5200 3396 5250 σὺ
3427 5196 3573 5260 οἶδας
3604 5199 3683 5250 ὅτι
3714 5199 3851 5264 φιλῶ
3893 5218 4006 5252 σε..

2453 5290 2808 5360 Ἐμϐατεύεις
2846 5290 2954 5359 γὰρ
3004 5291 3083 5351 εἰς
3111 5289 3209 5351 τὰς
3234 5288 3339 5340 τῶν
3363 5288 3660 5359 ἀνθρώπων
3695 5291 3891 5359 ψυχὰς,
3926 5295 4021 5345 xui.

2442 5382 2630 5449 σαφῶς
2676 5382 2973 5434 ἐπίστασαι
3023 5380 3091 5433 τὰ
3134 5381 3232 5449 τῆς
3278 5380 3513 5441 διανοίας
3572 5382 3864 5450 κινήματα,
3928 5386 4023 5435 καὶ

2441 5474 2500 5525 οὑ
2546 5472 2801 5526 λανθάνει
2847 5490 2903 5525 σε
2941 5472 3049 5525 τῶν
3097 5471 3448 5542 ἀνθρωπίνων
3487 5471 3656 5525 οὐδέν.
3725 5472 4023 5536 Γινώσκεις

2362 5681 2389 5720 ιι
2420 5669 2609 5725 Matth.
2644 5675 2918 5738 “v.75;
2955 5673 3119 5729 Marc.
3157 5691 3251 5738 xu,
3278 5675 3378 5736 72;
3421 5674 3551 5729 Luc.
3588 5670 4021 5740 xxn,69;!oan.
