4216 6456
198 419 330 485 1509

1207 372 1489 474 ORATIO
1537 413 1634 473 DE
1678 410 1941 472 DIVINA
1984 412 2433 470 CHARI'I‘ATE.

3312 407 3451 475 1510

191 538 297 607 γὰρ
320 532 526 595 πάντα,
548 529 617 583 τὰ
644 528 868 599 Ισχατα,
913 527 1007 581 καὶ
1048 527 1119 580 τά
1151 528 1372 598 ἀρχαῖα.
1401 525 1544 596 Πρὸς
1565 527 1769 586 τούτοις

1877 526 2046 590 sima,
2100 534 2152 578 et
2197 527 2442 594 antiqua.
2492 522 2704 589 Quibus
2752 522 3016 579 Dominus
3070 522 3363 593 subjunxit
3397 533 3445 587 ιι.

190 633 216 681 6
237 627 519 694 Δεσπότης
548 622 795 691 ἐπήγαγε
823 636 889 683 ’,ι
925 619 1184 688 Ποίμαινε
1209 619 1277 669 τὰ
1300 614 1548 686 πρόϐατά
1584 632 1705 685 μου.
1749 632 1766 664 ι

201 716 342 785 Ἐγὼ
370 715 471 784 μὲν
512 712 642 782 γὰρ,
697 710 882 781 φησὶν,
914 708 1200 779 ἀνενδεής·
1237 706 1560 777 εὐεργεσίαν
1586 706 1641 757 δὲ
1677 719 1773 775 με·

190 810 387 877 γίστην
414 804 549 875 ήγοῦ
558 819 675 874 μαι,
694 801 805 855 τῶν
830 801 978 871 ἐμῶν
1001 800 1287 871 προδάτων
1310 800 1409 869 τὴν
1435 796 1769 866 ἐπιμέλειαν,

190 901 282 953 καὶ
313 900 417 970 τὴν
463 899 541 960 εἰς
599 897 782 949 ἐκεῖνα
814 893 1140 964 κηδεμονίαν
1175 893 1255 955 είς
1300 889 1540 961 ἐμαυτὸν
1582 888 1771 943 ἀναδέ-

189 1008 377 1061 χομαι.
414 988 686 1059 Προσήκει
710 984 886 1039 τοίνυν
907 1001 986 1047 σε,
1010 980 1077 1055 ἦς
1099 983 1393 1044 ἀπολαύεις
1413 980 1771 1051 προμηθείας,

192 1082 533 1152 μεταδιδόναι
566 1081 680 1141 τοῖς
706 1076 1037 1148 ὁμοδούλοις,
1078 1076 1172 1128 καὶ
1210 1074 1445 1145 βόσκειν,
1473 1072 1547 1135 ὡς
1584 1072 1771 1142 βόσκῃ.

189 1171 283 1223 καὶ
327 1170 409 1233 ὡς
471 1167 755 1239 ποιμαίνῃ,
794 1166 1125 1236 ποιμαίνειν,
1162 1165 1258 1218 καὶ
1286 1167 1354 1233 ἢν
1403 1162 1639 1231 ὀψείλεις
1687 1177 1775 1229 μοι

188 1264 372 1333 χάριν,
404 1262 471 1314 δι’
497 1260 724 1312 ἐκείνων
750 1256 1070 1310 ὲκτιννύειν.
1120 1254 1303 1308 Ταῦτα
1337 1254 1495 1307 πάλιν
1525 1255 1617 1306 καὶ
1643 1253 1724 1314 δὶς
1750 1252 1778 1303 6

189 1354 467 1422 Δεσπότης
488 1352 670 1421 ήρετο,
694 1348 789 1402 καὶ
822 1348 904 1410 δὶς
934 1348 963 1399 6
994 1346 1170 1417 μέγας
1191 1346 1523 1415 ἀπεκρίνατο
1552 1344 1775 1412 Πέτρος,

188 1444 281 1497 καὶ
307 1442 392 1504 δὶς
412 1439 506 1494 τοῦ
543 1439 801 1509 ποιμένος
818 1436 917 1507 τὴν
941 1436 1275 1507 χειροτονίαν
1297 1435 1531 1499 ἐδέξατο.
1563 1433 1776 1503 Ἐπειδὴ

188 1533 243 1585 δὲ
266 1534 362 1585 καὶ
390 1532 548 1602 τρίτῃ
573 1526 918 1598 προσηνέχθη
947 1527 1158 1591 πεῦσις,
1190 1527 1290 1579 οὐκ
1322 1526 1397 1578 ἔθ’
1427 1525 1623 1595 ὁμοίως
1648 1524 1777 1594 θαρ-

190 1621 397 1684 σαλέως
432 1621 525 1673 καὶ
560 1618 733 1680 ἀδεῶς
772 1617 801 1670 6
849 1618 1120 1688 μακάριος
1162 1615 1513 1687 ἀποκρίνεται
1540 1614 1773 1685 Πέτροςι

187 1710 325 1763 ἀλλὰ
352 1710 503 1769 δέους
543 1706 903 1778 ἐμπίπλαται,
940 1707 1031 1757 καὶ
1090 1705 1316 1775 θόρυϐον
1374 1704 1671 1773 εἰσδέχεται
1710 1704 1777 1771 τῇ

185 1803 355 1871 ψυχῇ,
393 1801 485 1853 καὶ
524 1800 731 1869 ἀγωνιᾷ
786 1801 851 1869 τῇ
905 1797 1091 1868 ψήφῳ,
1134 1796 1227 1849 καὶ
1282 1795 1535 1858 δέδοικεν“,
1561 1794 1774 1863 ὑφορώ-

1878 634 1897 669 ι
1939 616 2108 670 Pasce
2143 632 2271 671 oves
2306 626 2515 672 meas“.
2547 638 2565 670 ι
2596 616 2708 685 Ego
2738 617 2912 679 enim,
2955 617 3054 679 ait,
3087 615 3296 668 nullius
3326 632 3445 669 sum

1874 707 2125 777 indigens
2158 725 2170 760 :
2204 709 2499 762 maximum
2530 722 2660 762 vero
2693 708 3016 762 beuelicium
3060 710 3205 762 duco
3256 723 3446 762 curam

1874 801 2057 856 ovium
2088 815 2336 855 mearum
2362 842 2376 866 ,
2403 802 2940 868 sollicitudinemque
2970 807 3096 868 erga
3134 803 3257 855 illas
3289 800 3450 854 adhi-c
3510 784 3511 787 η

1874 893 2043 947 bitam
2080 893 2136 947 in
2174 894 2441 962 meipsum
2472 894 2699 962 recipio.
2734 895 2964 962 Oportet
2995 894 3163 961 igitur
3191 903 3242 948 te
3274 894 3450 962 provi-

1876 982 2115 1037 dentiam
2152 999 2270 1037 eam
2304 999 2407 1053 qua
2444 984 2645 1038 frueris
2690 986 2972 1039 conservis
3011 986 3122 1038 tuis
3155 985 3445 1053 impertiri,

1862 1087 2079 1141 eosque
2114 1088 2360 1141 pascere,
2404 1074 2567 1128 sicuti
2610 1077 2877 1142 pasceris,
2910 1084 2962 1129 et
3004 1085 3061 1128 ut
3093 1078 3319 1141 reperis,
3362 1091 3449 1127 re-

1878 1178 2036 1233 gere,
2079 1174 2134 1218 et
2180 1166 2325 1232 quod
2382 1167 2512 1218 mihi
2558 1174 2845 1234 acceptum
2890 1167 3055 1220 debes
3101 1167 3448 1226 beneficium,

1877 1273 1974 1327 per
2023 1256 2150 1309 illos
2189 1256 2507 1324 rependere.
2537 1256 2662 1310 Haec
2702 1259 2901 1310 iterum
2945 1258 3306 1325 interrogavit
3340 1257 3445 1309 Uo-

1879 1347 2099 1408 minus,
2152 1355 2205 1400 et
2260 1345 2345 1398 bis
2387 1361 2617 1413 magnus
2660 1348 2947 1415 respondit
2996 1346 3225 1407 Petrus,
3267 1356 3323 1400 et
3364 1346 3449 1399 bis

1882 1438 2121 1508 pastoris
2173 1438 2581 1491 ordinationem
2633 1439 2900 1506 suscepit.
2958 1437 3258 1503 Postquam
3318 1452 3448 1488 vero

1878 1528 2043 1583 tertia
2083 1542 2301 1597 quoque
2348 1527 2564 1594 adjecta
2615 1535 2698 1579 est
2741 1526 3131 1592 interrogatio,
3174 1540 3282 1576 non
3331 1524 3445 1596 pari

1876 1620 1985 1690 jam
2023 1618 2223 1672 ﬁducia
2254 1624 2309 1671 et
2342 1618 2640 1670 securitate
2671 1617 2963 1683 respondet
2997 1616 3187 1668 beatus
3233 1614 3449 1678 Petrus,

1882 1709 1976 1764 sed
1995 1716 2049 1763 et
2087 1708 2286 1760 timore
2306 1707 2521 1771 plenus,
2552 1714 2605 1758 et
2624 1707 2807 1759 animo
2830 1706 3327 1774 1308turbatus,
3353 1720 3451 1756 an-

1882 1800 2051 1870 gitur,
2088 1799 2410 1867 metuitque,
2442 1797 2811 1850 reformidans
2856 1812 2925 1849 ne
2968 1796 3248 1853 lloininns.
3287 1797 3448 1846 aliam

414 1892 487 1961 μὴ
520 1868 716 1960 ἑτέραν
767 1868 997 1960 ἄρνησιν
1039 1890 1067 1941 6
1116 1888 1390 1957 Δεσπότης
1419 1886 1767 1958 προθεωρῶν,

1874 1893 1994 1960 ejus
2016 1892 2359 1961 negationem
2393 1888 2717 1957 praevidens,
2754 1888 2958 1940 amoris
2990 1888 3154 1938 verba
3187 1887 3448 1939 derideat.

182 1981 293 2033 τῶν
319 1981 418 2051 τῆς
441 1981 661 2049 ἀγάπης
686 1978 945 2048 ῥημάτων
980 1977 1256 2047 καταγελᾷ
1285 1992 1297 2003 ·
1342 1977 1613 2047 ἀνέδραμε
1664 1976 1770 2045 γὰρ

182 2070 210 2119 6
230 2068 360 2131 νοῦς
392 2071 471 2131 είς
499 2068 570 2121 τά
602 2069 864 2139 πρότερα,
915 2068 1009 2120 καὶ
1040 2068 1313 2137 ἀνέμησεν
1346 2066 1530 2131 αὑτὸν,
1564 2065 1637 2129 ὡς
1671 2066 1772 2136 ήδη

183 2163 279 2214 καί
312 2162 581 2231 πρότερον
611 2161 871 2223 πολλάκις
897 2161 994 2230 μέν
1038 2161 1197 2230 μέχρι
1239 2160 1469 2213 θανάτου
1495 2160 1570 2231 μὴ
1599 2176 1769 2214 κατα-

182 2255 365 2306 λιπεῖν
413 2252 784 2324 διισχυρίσατο
822 2253 914 2304 τὸν
967 2251 1305 2315 διδάσκαλον,
1355 2254 1551 2323 ἢκουσε
1605 2252 1661 2304 δὲ
1697 2251 1772 2315 ὡς

192 2367 208 2395 ι
248 2347 387 2414 Πρὶν
416 2345 686 2414 ἀλέκτορα
716 2344 984 2412 φωνῆσαι,
1012 2345 1129 2413 τρὶς
1168 2345 1459 2414 ἀπαρνήσῃ
1494 2361 1580 2414 με.
1619 2363 1636 2395 ι
1664 2346 1771 2397 Καὶ

182 2430 366 2507 εὗρεν,
396 2437 457 2489 οὐ
487 2436 585 2506 τὴν
613 2436 819 2488 οἰκείαν
850 2435 1142 2505 ὑπόσχεσιν
1172 2437 1605 2505 περατουμένην,
1635 2436 1771 2489 ἀλλά

180 2529 278 2580 τοῦ
311 2526 585 2579 Δεσπότου
617 2525 1010 2596 βεϐαιουμένην
1066 2525 1163 2595 τὴν
1192 2527 1514 2596 πρόρρησιν.
1549 2526 1611 2579 Ἠ
1643 2528 1768 2581 τού-

180 2638 291 2674 των
317 2619 481 2672 αὑτὸν
513 2618 811 2671 έδεδξττετο
842 2618 1052 2687 μνήμη,
1089 2619 1183 2669 καὶ
1212 2617 1311 2669 οὐκ
1350 2619 1431 2670 εἴα
1459 2617 1771 2687 θαρσαλέως

179 2714 283 2783 τὴν
304 2710 569 2784 ἀρμοδίαν
602 2709 934 2779 προσφέρειν
956 2707 1267 2778 ἀπόκρισιν.
1290 2708 1425 2759 Ἀλλ’
1462 2707 1639 2775 ὀξείας
1671 2708 1769 2778 μὲν

179 2806 277 2857 καὶ
305 2802 511 2872 πικρὰς
544 2802 760 2865 ἐδέξατο
788 2800 887 2862 τὰς
902 2800 1121 2862 ἀκίδας’
1148 2799 1515 2871 παρεχώρησε
1546 2801 1601 2853 δὲ
1619 2801 1768 2871 ὅμως

179 2898 260 2969 τῷ
305 2897 552 2969 Δεσπότῃ
595 2897 693 2964 τῆς
738 2893 1026 2963 γνώσεως·
1075 2895 1174 2946 οὐκ
1216 2894 1551 2957 ἀντιτείνων,
1580 2894 1655 2956 ὡς
1708 2894 1768 2946 16

182 2993 478 3061 πρότερον,
520 2988 641 3041 οὐδὲ
693 2988 865 3055 λέγων
887 3003 899 3017 ·
948 3005 965 3037 ι
1008 2986 1128 3040 Κᾶν
1160 2986 1256 3059 δέῃ
1289 3003 1355 3058 με
1391 2987 1486 3039 σὺν
1515 2988 1596 3039 σοὶ
1632 2987 1769 3040 ἀπο-

182 3082 389 3145 θανεῖν,
442 3082 504 3133 06
572 3082 646 3150 μή
694 3096 753 3132 σε
798 3080 1205 3149 ἀπαρνήσομαι.
1249 3098 1266 3129 ι
1324 3079 1484 3131 Ἀλλὰ
1512 3078 1615 3147 τῆς
1670 3078 1768 3147 μὲν

1877 1982 2104 2037 Rcﬂexit
2133 1981 2276 2036 enim
2323 1995 2447 2035 sese
2483 1995 2637 2033 mens
2668 1980 2735 2032 ad
2772 1993 2833 2031 ea
2875 1994 2996 2045 qua:
3027 1987 3447 2046 praecesserant,

1873 2083 1927 2129 et
1956 2075 2009 2127 in
2052 2073 2369 2127 memoriam
2418 2071 2731 2133 revocavit,
2764 2084 2873 2139 quo
2922 2078 3082 2138 pacto
3132 2072 3243 2135 jam
3291 2080 3451 2124 antea

1875 2167 2075 2236 saepius
2107 2172 2499 2230 asseverasset,
2534 2164 2855 2232 magistrum
2885 2178 2943 2215 se
2979 2162 3046 2215 ad
3075 2173 3305 2215 mortem
3356 2177 3448 2215 ιιε-

1874 2275 1979 2327 que
2010 2273 2116 2310 non
2152 2257 2467 2310 relicturum
2493 2296 2507 2319 ,
2550 2255 2823 2307 audiisset
2858 2264 3069 2319 autem,
3099 2254 3243 2322 quod
3278 2254 3453 2323 prius-

1874 2364 2033 2418 quam
2068 2349 2246 2417 gallus
2278 2356 2545 2409 cantaret,
2575 2357 2657 2399 ter
2688 2347 3058 2415 abnegalurus
3090 2363 3215 2399 eum
3252 2354 3401 2399 esset
3431 2366 3446 2401 :

1872 2456 2039 2510 reque
2074 2442 2191 2508 ipsa
2230 2437 2623 2506 comperisset,
2674 2451 2781 2489 non
2831 2436 3257 2504 promissionem
3288 2451 3449 2489 suam

1872 2547 1995 2587 esse
2021 2530 2346 2599 completam
2378 2571 2388 2589 .
2434 2528 2527 2583 sed
2560 2529 2971 2597 praedictionem
3004 2527 3215 2580 Domini
3246 2530 3449 2581 contir-

1873 2632 2098 2678 matam.
2126 2622 2370 2687 Quorum
2420 2620 2734 2674 recordatio
2764 2622 2960 2673 timore
2992 2621 3149 2673 illum
3182 2619 3449 2689 percelle-

1872 2716 1997 2779 bat,
2057 2730 2157 2769 nec
2208 2713 2561 2781 permittebat
2610 2728 2735 2766 eum
2783 2712 3126 2767 conﬁdenter
3169 2711 3309 2766 idem
3365 2727 3453 2766 re-

1872 2806 2162 2878 spondere.
2184 2803 2384 2858 Verum
2419 2803 2641 2857 aculeos
2660 2804 2879 2872 quidem
2912 2810 3205 2872 peracutus
3223 2812 3277 2857 et
3297 2816 3454 2857 acer-

1870 2897 1971 2952 bos
2004 2894 2275 2966 persensit
2309 2912 2321 2947 :
2361 2892 2725 2961 cognitionem
2759 2900 2939 2946 tamen
2991 2892 3224 2945 Domino
3254 2892 3447 2953 cessit.

1870 3005 1981 3045 nou
2014 2996 2073 3043 ut
2107 2987 2260 3057 prius
2308 2988 2604 3049 resistens,
2653 2999 2832 3053 neque
2878 2984 3112 3038 dicens:
3156 3002 3174 3035 ι
3220 2984 3452 3039 Etiamsi

1870 3083 2173 3153 Oportuerit
2208 3094 2294 3133 me
2338 3079 2476 3132 mori
2525 3086 2705 3131 tecum
2731 3116 2744 3137 .
2778 3093 2887 3130 non
2939 3085 2993 3131 te
3039 3077 3352 3146 relinquam
3383 3085 3449 3143 νς

180 3175 404 3242 ἀγάπης
428 3171 591 3224 αὑτὸν
622 3171 765 3239 ἔχειν
792 3168 1078 3237 συνίστορα
1107 3169 1331 3237 φάσκων
1360 3170 1449 3222 τὸν
1470 3170 1764 3240 Δεσπότην,

1872 3174 1967 3228 sed
1998 3170 2285 3225 charitatis
2322 3183 2435 3223 sua:
2466 3167 2659 3221 dicens
2686 3166 2887 3222 habere
2932 3182 2991 3221 se
3027 3166 3313 3221 Dominum
3366 3168 3452 3237 ip-

180 3264 281 3329 τὴν
343 3260 549 3332 ἀκριϐῆ
593 3260 649 3313 δὲ
714 3260 819 3312 τῶν
849 3260 984 3312 ὅλων
1037 3259 1237 3326 γνῶσιν
1275 3262 1404 3329 παρ’
1448 3261 1595 3332 αὐτῷ
1626 3257 1762 3315 εἶναι

181 3354 335 3422 μόνῳ
364 3352 440 3421 τῷ
469 3353 663 3420 ποιητῇ
699 3350 806 3401 τῶν
841 3350 977 3403 ὅλων
1010 3351 1322 3419 ὁμολογῶνσ
1362 3370 1381 3402 ι
1421 3352 1759 3423 Κῦριε,γάρ,

178 3440 311 3509 εφη,
344 3439 410 3490 σὺ
442 3439 617 3491 πάντα
639 3434 808 3499 οἶδας,
836 3440 899 3490 σὺ
939 3439 1115 3491 πάντα
1155 3439 1476 3506 γινώσκεις,
1517 3444 1580 3495 σὺ
1617 3439 1763 3502 οἶδας

178 3534 265 3586 ὅτι
294 3530 434 3600 φιλῶ
477 3547 557 3583 σε.
603 3548 623 3581 ι
664 3530 788 3581 ὀτι
834 3530 932 3593 μὲν
984 3530 1091 3599 γὰρ
1140 3529 1300 3598 φιλῶ,
1351 3533 1444 3583 καὶ
1465 3527 1636 3596 οἶδας,
1670 3535 1763 3587 καὶ

185 3623 504 3691 μαρτυρεῖς.
561 3619 623 3670 El
682 3618 738 3669 δὲ
794 3619 889 3670 καὶ
925 3617 1166 3687 διαμενῶ
1193 3617 1382 3685 φιλῶν,
1432 3621 1765 3693 σαφέστερον

178 3707 331 3772 οἶδας
364 3708 543 3772 αὑτός.
568 3708 732 3760 Οὐδὲν
767 3708 874 3778 γὰρ
897 3707 1006 3775 ἐγὼ
1032 3708 1159 3780 περὶ
1190 3710 1295 3762 τῶν
1330 3712 1603 3781 ἐσομένων
1632 3714 1760 3783 ἐρῶ,

179 3801 304 3855 οὐδὲ
333 3800 702 3870 ζυγομαχήσω
738 3800 866 3870 περὶ
899 3792 974 3852 ὧν
1003 3800 1103 3852 οὐκ
1166 3800 1470 3868 ἐπίσταμαι
1492 3818 1503 3830 ο
1562 3802 1764 3872 ἔμαθον

179 3899 249 3966 τῇ
276 3895 440 3965 πείρᾳ
472 3894 547 3963 μὴ
577 3893 877 3959 ἀντιλέγειν
907 3892 984 3962 τῷ
1016 3894 1281 3963 Δεσπότῃ.
1314 3894 1385 3945 Σὺ
1422 3894 1477 3946 δὲ
1506 3896 1607 3963 τῆς
1634 3897 1763 3963 ἀλη-

181 3987 335 4050 θείας
385 3987 555 4057 πηγὴ,
595 3985 658 4037 σὺ
715 3985 812 4054 τῆς
856 3983 1110 4052 γνώσεως
1153 3984 1426 4047 ἀδυσσος·
1488 3989 1600 4048 τοῖς
1657 3989 1766 4049 σοῖς

181 4080 331 4150 ὅροις
351 4077 605 4147 ἐμμένειν
626 4076 956 4145 δεδίδαγμαι.
985 4075 1153 4127 Τοῦτο
1172 4075 1231 4128 16
1252 4075 1367 4139 δέος
1389 4078 1551 4130 αὑτοῦ
1569 4076 1767 4130 θεασά-

185 4188 350 4242 μενος
377 4171 404 4221 6
424 4169 721 4238 Δεσπότης,
746 4168 841 4220 καὶ
864 4168 926 4220 16
952 4168 1175 4236 φίλτρον
1199 4167 1254 4220 δὲ
1277 4168 1518 4239 ἀκριϐῶς
1542 4170 1766 4223 ἐπιστάο

184 4279 372 4331 μενος,
408 4263 472 4330 τῇ
500 4259 896 4331 προαγορεύσει
925 4260 1023 4329 τῆς
1052 4259 1304 4329 τελευτῆς
1332 4260 1446 4314 λύει
1468 4260 1557 4312 τὸν
1583 4260 1765 4329 φόϐον,

184 4353 281 4404 καὶ
313 4350 493 4403 δίδωσι
514 4352 578 4420 τῇ
597 4349 785 4421 ἀγάπῃ
835 4348 932 4418 τὴν
969 4349 1293 4419 μαρτυρίαν,
1325 4350 1533 4403 καὶτοῦ
1563 4352 1768 4420 Πέτρου

183 4442 284 4510 τὴν
318 4441 611 4511 ὁμολογίαν
676 4443 852 4510 κυροῖ,
905 4440 1001 4492 καὶ
1041 4440 1119 4509 τῷ
1151 4440 1318 4492 ,ἕλκει
1358 4442 1454 4511 τῆς
1484 4441 1768 4511 ἀρνήσεως

1867 3280 1986 3321 sum
2055 3260 2366 3320 conscium,
2446 3256 2825 3325 confitensque
2888 3271 3071 3309 veram
3135 3265 3452 3323 certamque

1865 3364 2192 3410 cunctorum
2234 3349 2484 3404 notitiam
2525 3346 2668 3417 apud
2714 3348 2891 3416 ipsum
2940 3347 3119 3400 solum
3162 3350 3453 3401 universo-

1865 3463 1989 3503 rum
2019 3446 2281 3499 factoretn
2313 3457 2455 3496 esse.
2495 3458 2513 3490 ι
2560 3438 2788 3492 Domine
2814 3439 2984 3502 enim,
3029 3439 3127 3503 ait,
3171 3446 3226 3490 tu
3259 3438 3450 3493 omnia

1866 3534 1977 3589 scis
2004 3574 2018 3598 ,
2049 3539 2105 3584 tu
2140 3531 2250 3585 scis
2283 3527 2428 3598 quod
2462 3542 2588 3581 amo
2623 3538 2675 3581 te
2706 3534 2755 3579 ι.
2790 3525 2947 3592 Quod
2991 3528 3136 3581 enim
3167 3536 3219 3582 te
3248 3542 3449 3591 amem,

1865 3635 1919 3681 et
1945 3626 2079 3683 scis.
2111 3631 2163 3676 et
2198 3620 2572 3675 testimonium
2609 3620 2840 3687 praebes.
2871 3617 2930 3671 In
2955 3618 3247 3673 dilectione
3268 3630 3450 3674 autem

1866 3734 1934 3771 an
1958 3713 2502 3786 permansurus'sim,
2528 3712 2731 3767 clarius
2756 3710 2874 3781 ipse
2903 3714 3046 3765 nosti
3075 3730 3088 3765 :
3120 3712 3449 3765 nihil'enim

1866 3822 1966 3878 ego
2023 3807 2090 3860 de
2145 3804 2349 3858 futuris
2399 3802 2664 3866 dixerim,
2722 3817 2897 3871 neque
2955 3804 3022 3857 de
3061 3803 3125 3857 iis
3174 3818 3295 3872 qua:
3339 3818 3452 3858 non

1867 3894 2029 3964 novi,
2051 3897 2367 3959 deeertabo,
2413 3897 2526 3964 ipsa
2559 3893 2757 3949 doctus
2789 3909 2909 3947 sum
2938 3895 3297 3963 experientia,
3341 3908 3451 3948 non

1869 3988 2247 4043 contradicere
2281 3984 2535 4037 Domino.
2568 3982 2650 4035 Tu
2697 3997 2831 4037 vero
2881 3981 3006 4037 fons
3057 3982 3341 4048 veritatis,
3391 3991 3451 4037 tu

1871 4076 2242 4147 intelligentiae
2276 4075 2505 4144 abyssus
2554 4092 2565 4126 :
2610 4074 2719 4129 tuis
2758 4074 3015 4128 insistere
3050 4074 3277 4128 statutis
3314 4073 3448 4129 ed0-

1870 4180 1991 4227 ctus
2026 4185 2171 4224 sum.
2216 4166 2373 4219 llunc
2434 4166 2565 4234 ejus
2612 4167 2863 4218 timorem
2920 4164 3109 4219 videns
3162 4162 3449 4227 Dominus,

1871 4276 2224 4329 amoremque
2250 4260 2463 4329 penitus
2480 4258 2822 4328 exploratum
2852 4257 3077 4317 habens,
3098 4256 3451 4326 prmdictione

1872 4352 2064 4407 mortis
2099 4349 2263 4403 solvit
2299 4350 2572 4413 timorem,
2604 4347 2930 4401 etcharitati
2964 4347 3177 4418 1309
3199 4350 3450 4403 testimo-

1877 4443 2023 4495 nium
2079 4439 2285 4509 praebet
2310 4479 2325 4499 ,
2357 4437 2615 4508 Peli-ique
2647 4438 3051 4493 confessionem
3091 4440 3440 4505 corroborat,

186 4534 490 4605 προσφέρει
522 4532 623 4601 τῆς
675 4532 966 4601 ὁμολογίας
1023 4531 1083 4583 16
1126 4531 1435 4603 φάρμακον.
1474 4533 1572 4583 Διὰ
1615 4531 1769 4585 τοῦτο

1872 4544 1924 4588 et
1957 4532 2263 4602 negationis
2312 4532 2480 4585 ulceri
2528 4530 2896 4586 confessionis
2944 4532 3302 4601 pliarmacum
3347 4532 3445 4586 ad—

185 4625 299 4697 γάρ
341 4620 494 4694 οἶμαι
549 4625 644 4675 καὶ
690 4622 924 4693 τριπλῆν
946 4621 1149 4690 ταύτην
1196 4623 1509 4693 ἀπῄτησεν⁹
1552 4624 1636 4676 ἵνα
1666 4624 1773 4676 ίσά-

190 4717 366 4787 ριθμα
394 4719 507 4779 τοῖς
534 4715 747 4768 ἕλκεσιν
778 4713 941 4785 ἐπιθῇ
973 4712 1041 4766 τὰ
1067 4711 1356 4785 φάρμακα,
1388 4714 1480 4765 καὶ
1510 4713 1773 4786 γυμνώσῃ

186 4810 303 4871 τοῖς
326 4805 563 4876 παροῦσι
591 4805 699 4857 τῶν
728 4804 985 4875 μαθητῶν
1046 4807 1143 4875 τῆς
1198 4805 1413 4873 ἀγάπης
1450 4805 1544 4875 τὴν
1578 4805 1769 4872 φλόγα.

198 4900 266 4953 Ἦ
292 4900 472 4952 τοίνυν
503 4897 809 4969 πρόρρησις
848 4898 947 4967 τῆς
985 4896 1264 4966 τελευτῆς.
1302 4897 1514 4950 καὶτὸν
1567 4899 1772 4969 Πέτρον

188 4989 562 5060 ἐψυχαγώγει,
588 4989 681 5041 καὶ
713 4989 838 5051 τοὺς
889 4987 1079 5050 ἄλλους
1110 4988 1410 5047 ἐδίδασκεν,
1455 4989 1530 5050 ὡς
1563 4992 1771 5041 οἰκονο-

192 5084 325 5153 μίας
348 5077 435 5153 ἦν,
460 5081 573 5133 ἀλλ’
604 5081 663 5131 οὐ
697 5078 921 5148 γνώμης
948 5081 981 5149 ή
1013 5080 1258 5149 ἄρνησις.
1287 5080 1396 5132 Καὶ
1425 5079 1582 5131 τοῦτο
1608 5078 1771 5141 αὐτὸς

189 5175 219 5226 6
249 5172 441 5241 Σωτὴρ
472 5171 563 5223 καὶ
594 5169 797 5239 Κύριος
828 5167 988 5236 ἡμῶν
1034 5168 1273 5239 ᾐνίξατο,
1330 5168 1468 5236 πρὸς
1505 5170 1665 5222 αὑτὸν
1698 5171 1775 5222 εἱ-

196 5262 413 5335 ρηκώςο
473 5281 490 5313 ι
546 5261 762 5330 Σίμων,
815 5260 1034 5329 Σίμων,
1083 5261 1383 5331 ἐξῃτήσατο
1444 5264 1470 5312 ὁ
1534 5261 1775 5323 Σατανᾶς

196 5358 438 5410 σινιᾶσαι
474 5356 616 5423 ὑμᾶς
646 5355 720 5417 ὠς
749 5354 837 5405 τὸν
873 5357 1038 5419 σῖτον,
1073 5354 1227 5421 κάγὼ
1254 5355 1476 5424 ἐδεήθην
1509 5354 1634 5424 περὶ
1660 5355 1775 5418 σοῦ,

197 5450 276 5502 [vs
310 5448 383 5518 μὴ
422 5447 616 5517 ἐκλίπῃ
709 5446 888 5508 πίστις
936 5463 1030 5498 σου
1054 5463 1067 5476 '
1101 5446 1232 5499 ἀλλὰ
1275 5448 1369 5499 καὶ
1402 5446 1464 5498 σύ
1501 5464 1626 5497 ποτε
1656 5447 1773 5498 ἐπι-

199 5541 325 5609 στρέ
344 5540 455 5610 ἶνας,
487 5539 737 5609 στήριξον
766 5541 891 5601 τοὺς
922 5538 1185 5609 ἀδελφούς
1219 5556 1334 5591 σου.
1369 5558 1385 5589 ι
1421 5540 1631 5609 Ὠσπερ
1664 5540 1772 5609 γὰρ

202 5634 334 5702 δῖὼι
388 5630 541 5701 φησὶ,
594 5629 951 5699 σαλευόμενον
1006 5630 1101 5700 οὐχ
1142 5629 1421 5701 ὑπερείδὸν
1470 5647 1548 5693 σε,
1601 5630 1771 5693 οὕτως

278 5805 302 5832 ⁸
328 5809 486 5861 Joan.
523 5824 634 5870 xxi,
669 5807 753 5865 15.
834 5816 856 5843 ν
890 5805 1080 5860 Matth.
1109 5822 1253 5874 τινι,
1278 5805 1366 5861 55.

1450 5820 1473 5847 ι
1497 5804 1653 5861 Joan.
1685 5822 1796 5873 ut,
1825 5806 1908 5861 l7.

1874 4636 2072 4682 movet.
2109 4624 2191 4679 Ob
2226 4625 2274 4677 id
2305 4624 2449 4677 enim
2481 4624 2734 4687 arbitror,
2769 4632 2822 4676 et
2862 4623 3002 4676 hanc
3046 4623 3228 4691 exegit
3262 4622 3445 4691 tripli-

1872 4734 2011 4781 cem,
2048 4716 2275 4785 utparis
2328 4716 2539 4768 numeri
2572 4715 2967 4768 medicamenta
3018 4714 3297 4768 ulceribus
3346 4713 3451 4766 itu-

1876 4817 2070 4878 ponat,
2102 4805 2525 4874 discipulisque,
2557 4805 2650 4873 qui
2680 4803 2930 4869 aderant,
2968 4804 3263 4859 cliaritatis
3290 4803 3447 4857 flam-

1875 4915 2020 4952 mam
2055 4895 2386 4950 manifestet.
2428 4894 2717 4949 Praedictio
2760 4896 2945 4966 itaque
2976 4896 3169 4950 mortis
3192 4937 3208 4962 ,
3265 4903 3320 4949 et
3351 4894 3451 4950 Pe-

1874 5000 2017 5046 trum
2051 4990 2331 5044 consolata
2361 4998 2466 5053 est,
2497 4998 2550 5041 et
2584 4989 2723 5042 alios
2751 4988 2959 5053 docuit,
3004 4990 3349 5057 negationem
3379 4988 3450 5043 il-

1871 5082 1976 5138 lam
2014 5081 2439 5151 dispensationis
2486 5080 2677 5144 fuisse,
2722 5097 2829 5135 non
2880 5082 3099 5134 mentis.
3137 5082 3317 5152 Atque
3348 5081 3449 5134 hoc

1871 5180 1989 5245 ipse
2012 5175 2265 5230 Salvator
2294 5182 2346 5228 et
2380 5172 2644 5227 Dominus
2670 5183 2856 5228 uoster
2882 5174 3181 5227 insinuavit
3202 5212 3216 5233 ,
3252 5173 3441 5227 dicens

1874 5267 1951 5320 illi
1996 5284 2011 5319 :
2054 5284 2071 5316 ι
2122 5267 2347 5325 Simon,
2401 5262 2626 5326 Simon,
2658 5280 2784 5317 ecce
2832 5262 3068 5317 Satanas
3103 5264 3451 5332 expetivitut

1878 5372 1973 5411 vos
2003 5358 2267 5411 cribraret
2300 5359 2443 5409 sicut
2470 5357 2749 5420 triticum,
2784 5372 2883 5426 ego
2915 5364 3094 5409 autem
3141 5356 3320 5425 rogavi
3354 5369 3451 5423 pro

1878 5460 1928 5503 te
1969 5459 2023 5501 ut
2056 5465 2161 5502 non
2196 5447 2413 5502 deﬁciat
2448 5447 2582 5501 ﬁdes
2610 5458 2725 5511 tua,
2779 5456 2833 5501 et
2868 5456 2925 5501 tu
2968 5448 3265 5516 aliquando
3306 5463 3441 5499 con-

1880 5553 2095 5600 versus,
2130 5538 2391 5591 conﬁrma
2428 5536 2622 5590 fratres
2660 5546 2784 5591 tuos
2808 5545 2860 5590 Y.
2906 5556 2924 5589 ι
2970 5536 3441 5601 Quemadmodum

1880 5629 2050 5694 enim,
2082 5632 2176 5692 ait,
2215 5644 2315 5699 ego
2347 5638 2401 5683 te
2449 5628 2806 5684 fluctuantem
2853 5645 2960 5685 non
3009 5628 3260 5698 despexi,
3294 5626 3367 5679 ita
3398 5633 3452 5679 ct

1996 5812 2025 5855 1
2063 5804 2191 5859 Luc.
2236 5818 2367 5867 χιιι,
2399 5803 2487 5866 3i,
2525 5804 2612 5856 '52.
