4216 6456
782 364 911 428 1511

1721 369 2203 430 'l'HEODORETl
2234 371 2571 433 EPISCOPI
2597 377 2963 438 CYRENSIS

3890 379 4030 447 1512

772 484 829 527 tu
874 477 1307 532 sustentaculum
1381 486 1504 532 esto
1555 476 1817 531 fratribus
1870 480 2239 541 conturbatis,
2296 490 2350 535 et

2456 482 2684 556 ἔρεισμα
2708 488 2864 553 γενοῦ
2902 489 2994 541 καὶ
3031 490 3094 543 σὺ
3125 490 3237 553 τοῖς
3273 490 3614 561 δονουμένοις
3641 493 3750 547 τῶν
3779 495 4029 564 ἀδελφῶν

770 585 881 633 quo
914 578 1163 623 servatus
1195 586 1254 623 es
1290 571 1499 623 auxilio
1523 612 1536 635 ,
1574 571 1691 640 ipse
1721 571 1840 622 aliis
1888 571 2191 640 impertire,
2248 587 2343 626 ue-

768 677 877 725 que
929 662 1269 716 labaseentes
1315 662 1555 730 impelle,
1617 661 1711 715 sed
1743 662 1891 729 erige
1946 663 2337 729 periclitantes.

772 750 981 804 Idcirco
1015 752 1159 805 enim
1188 761 1239 805 et
1265 759 1316 805 te
1342 754 1527 807 labare
1553 753 1694 813 sino,
1720 753 1913 805 cadere
1933 768 2039 805 non
2067 754 2340 819 permitto,

768 842 1120 894 stabilitatem
1154 857 1248 911 per
1279 852 1331 897 te
1360 841 1753 895 fluctuantibus
1780 857 2100 910 procurans.
2133 843 2224 896 Sic
2254 858 2342 896 or-

768 932 886 984 hem
926 941 1194 985 terrarum
1230 936 1545 987 universutn
1572 933 1924 987 fluctuantem
1956 942 2121 1002 atque
2156 935 2342 989 laban-

766 1032 872 1075 tem
904 1040 1097 1091 magna
1129 1025 1241 1076 haec
1270 1026 1527 1078 columna
1561 1028 1926 1086 continuavit,
1948 1038 2002 1079 et
2028 1038 2084 1078 ut
2113 1041 2339 1080 corrue-

768 1122 847 1165 εἰει
875 1116 1100 1167 omnino
1139 1130 1249 1168 non
1293 1118 1563 1183 permisit,
1615 1120 1706 1170 sed
1741 1118 1936 1177 erexit,
1982 1118 2341 1186 stabilemque

764 1206 1023 1269 reddidit,
1056 1222 1186 1262 oves
1220 1209 1436 1262 divinas
1470 1224 1693 1277 pascere
1743 1210 1954 1277 jussus,
1986 1221 2039 1263 et
2088 1226 2210 1263 eum
2244 1226 2340 1278 pro

766 1297 885 1364 ipso
953 1297 1257 1352 afficeretur
1321 1299 1539 1367 injuriis
1590 1302 1879 1361 tolerabat,
1925 1310 1978 1353 et
2025 1301 2339 1355 verberibus

762 1404 939 1443 caesus
972 1391 1275 1453 laetabatur,
1308 1394 1605 1461 exiensquc
1628 1409 1691 1445 ex
1728 1409 1893 1461 pravo
1922 1393 2179 1453 concilio,
2206 1408 2330 1445 eum

763 1490 1016 1534 consorte
1047 1481 1323 1549 gaudebat
1349 1523 1362 1544 ,
1390 1484 1535 1550 quod
1568 1483 1787 1535 habitus
1818 1491 1964 1535 esset
2004 1483 2205 1551 dignus
2241 1496 2339 1549 pro

764 1573 985 1626 nomine
1005 1572 1220 1626 Domini
1240 1575 1604 1628 contumelias
1633 1576 1803 1642 patiz.
1837 1572 1978 1637 Quin
2004 1580 2057 1626 ct
2078 1574 2128 1625 in
2157 1587 2338 1627 carec—

764 1676 854 1713 res
905 1660 1212 1728 eonjectus,
1251 1676 1361 1729 [περ
1414 1662 1617 1729 gaudio
1672 1661 1963 1729 gestiebat.
2012 1659 2259 1729 Cumque
2306 1677 2335 1715 a

764 1750 974 1803 Nerone
1008 1750 1188 1803 crucis
1225 1751 1438 1820 1310
1459 1752 1730 1821 supplicio
1758 1760 1983 1820 propter
2012 1753 2335 1804 cruxitixum

2454 593 2566 638 σου,
2600 578 2693 630 καὶ
2724 574 2791 650 ἧς
2812 578 3103 643 ἀπολαύεις
3158 582 3478 652 ἐπικουρίας
3514 584 3739 652 μετάδος
3761 602 3776 617 ο
3820 588 3913 639 καὶ
3952 585 4030 655 μὴ

2449 666 2607 730 ὠθεῖς
2631 669 2756 731 τοὺς
2786 670 3213 735 ὀλισθαίνοντας,
3232 671 3664 743 ἁλλ’ἁνάστησον
3692 676 4033 729 κινδυνεύον-

2448 776 2569 822 τας.
2615 760 2815 812 Τούτου
2864 764 2972 831 γάρ
3024 779 3083 814 σε
3132 763 3290 832 χάριν
3338 764 3433 816 καὶ⁸
3489 769 3855 837 προσπταῖσαι
3895 784 4031 834 συγ-

2448 852 2632 921 χωρῶ,
2661 855 2756 905 και
2783 857 2971 906 πεσεῖν
3006 854 3106 907 οὑκ
3136 854 3234 916 ἐῶ,
3286 856 3476 909 στάσιν
3506 859 3617 920 τοῖς
3643 857 4028 926 σαλευομένοις

2445 942 2534 994 διὰ
2568 944 2659 995 σοῦ
2698 943 3105 1014 μηχανώμενος,
3130 944 3287 997 Οὕτω
3314 948 3413 1016 τὴν
3445 948 3767 1017 οἰκουμένην
3799 949 4030 1001 σαλευο-

2449 1032 2618 1101 μένην
2639 1037 2666 1086 ὁ
2694 1036 2863 1104 μέγας
2912 1030 3066 1099 οὗτος
3122 1034 3312 1096 στύλος
3343 1038 3621 1107 ἐπήρεισε,
3660 1042 3757 1090 καὶ
3779 1055 4025 1091 καταπε-

2449 1126 2560 1175 σεῖν
2582 1127 2682 1177 ουκ
2704 1126 2851 1178 εἴασε
2880 1127 3177 1191 παντελῶς,
3211 1127 3652 1198 ἁλλ’ἀνώρθωσε,
3678 1129 3773 1182 καὶ
3802 1131 4028 1200 ἑδραίαν

2447 1215 2712 1282 ἀπέφηνε,
2749 1217 2841 1268 καὶ
2866 1219 3129 1285 ποιμᾶναι
3154 1218 3222 1270 τὰ
3259 1215 3378 1269 θεῖα
3426 1218 3671 1289 πρόϐατα
3709 1220 4027 1283 κελευσθεὶς

2447 1304 2542 1355 καὶ
2571 1306 2995 1375 παροινούμενος
3021 1308 3160 1376 ὑπὲρ
3211 1308 3398 1361 τούτου
3445 1310 3709 1381 ἠνείχετο,
3752 1312 3847 1364 καὶ
3876 1314 4026 1364 αίκι-

2447 1392 2669 1461 ξάμενος
2698 1395 2872 1463 ἥδετο.
2909 1398 3018 1447 Καὶ
3048 1395 3208 1458 ἐξιὼν
3240 1398 3306 1450 ὲκ
3339 1396 3432 1450 τοῦ
3473 1400 3709 1469 πονηροῦ
3742 1402 4025 1470 συνεδρίου

2448 1485 2541 1534 σὺν
2568 1483 2644 1551 τῷ
2690 1483 2945 1553 ὀμοζύγῳ
2990 1484 3228 1555 ἔχαιρεν,
3261 1487 3353 1538 ’ὅτι
3402 1486 3713 1558 κατηξιώθη
3757 1490 3898 1558 ὑπὲρ
3925 1490 4024 1542 τοῦ

2445 1573 2703 1642 ὀνόματος
2733 1575 2823 1625 τοῦ
2853 1577 3122 1631 Δεσπότου
3151 1578 3542 1647 ἀτιμασθῆναι.
3572 1580 3681 1631 Καὶ
3709 1582 3787 1642 είς
3810 1581 4024 1650 δεσμω-

2443 1668 2609 1735 τήρια
2624 1665 2679 1716 δὲ
2717 1665 3061 1735 βαλλόμενος,
3089 1669 3367 1737 ὲγάννυτο,
3399 1668 3493 1720 καὶ
3525 1669 3865 1739 εὐφραίνετο.
3910 1673 4025 1724 Καὶ

2444 1756 2631 1827 ἐπειδὴ
2661 1757 2765 1809 ὑπὸ
2791 1758 3040 1827 Νέρωνος
3071 1760 3169 1828 τὴν
3196 1759 3281 1812 διὰ
3310 1758 3546 1828 σταυροῦ
3578 1759 3712 1830 ὑπὲρ
3730 1760 3823 1812 τοῦ
3855 1777 4023 1812 σταυ-

761 1840 1052 1893 damnatus
1075 1851 1223 1894 esset
1247 1880 1262 1903 ,
1297 1842 1522 1896 lictores
1552 1844 1746 1895 orabat
1771 1858 1837 1895 ne
1870 1841 2061 1895 eodem
2093 1859 2202 1911 quo
2232 1844 2338 1895 Do-
2372 1841 2377 1894 Ι

2443 1848 2706 1916 magno;
2740 1850 3103 1919 κατεδικάσθη
3154 1852 3391 1922 σφαγὴν»
3440 1853 3891 1922 ἰτσιρεκάιλειτοδς
3926 1854 4025 1921 δη’

761 1932 943 1986 minus
980 1932 1140 1985 modo
1182 1933 1623 2001 crucifigeretur,
1659 1934 1753 1986 sed
1791 1946 1982 1987 contra
2036 1942 2203 2001 atque
2250 1936 2337 1989 ille

760 2022 1190 2090 suspenderctur
1237 2045 1247 2076 :
1287 2038 1538 2077 metuens
1579 2025 1874 2086 videlicet,
1918 2040 1984 2076 ue
2034 2024 2338 2078 similitudo

758 2114 1034 2179 passionis
1068 2114 1332 2181 aequalem
1379 2114 1481 2166 sibi
1515 2122 1659 2181 apud
1700 2115 1919 2181 ignaros
1950 2114 2211 2166 honorem
2257 2113 2337 2165 af-

758 2199 946 2253 ferret.
996 2199 1293 2269 Propterea
1336 2216 1533 2253 manus
1568 2201 1848 2263 deorsum,
1893 2199 2058 2269 pedes
2113 2216 2333 2254 sursum

756 2292 894 2360 adigi
922 2295 1152 2361 rogavit.
1177 2290 1440 2345 Ultimum
1468 2296 1483 2314 ⁶
1515 2295 1658 2346 enim
1690 2293 1865 2346 locum
1896 2309 2003 2347 non
2035 2293 2088 2345 iu
2128 2293 2334 2347 honore

756 2384 955 2446 solum,
1018 2398 1207 2437 verum
1248 2384 1411 2438 etiam
1474 2385 1528 2438 in
1583 2385 1880 2452 opprobrio
1938 2394 1991 2437 et
2038 2385 2334 2453 ignominia

756 2476 963 2544 eligere
997 2474 1212 2528 didicit.
1247 2474 1401 2539 Quod
1455 2475 1499 2529 si
1548 2477 1710 2528 etiam
1756 2475 1939 2528 decies
1977 2486 2024 2527 et
2066 2476 2335 2544 quinqua-
2370 2496 2377 2517 ι

754 2569 869 2634 gies
918 2575 1148 2621 mortem
1192 2568 1333 2621 haue
1377 2567 1566 2642 subire
1611 2566 1894 2631 licuisset,
1947 2582 2159 2621 suunua
2210 2584 2331 2621 cum

756 2660 1033 2728 voluptate
1074 2660 1261 2713 divino
1336 2676 1642 2714 succensus
1720 2674 1907 2712 amore
1968 2660 2331 2728 suscepisset.

756 2748 871 2804 lioc
910 2760 1088 2804 autem
1130 2762 1182 2804 et
1203 2752 1424 2807 divinus
1453 2753 1657 2804 clamat
1683 2751 1907 2813 Paulus,
1936 2766 2082 2804 nunc
2112 2751 2333 2820 quidem

753 2838 943 2894 dicens
982 2856 997 2892 :
1041 2859 1059 2890 ι
1103 2839 1359 2904 Quotidie
1401 2841 1610 2893 morior
1654 2856 1750 2909 per
1794 2848 2031 2895 vestram
2077 2842 2329 2910 gloriam,

753 2944 915 2999 quam
943 2931 1116 2985 habeo
1139 2932 1193 2985 in
1220 2930 1442 2986 Christo
1477 2930 1606 2986 Jesu
1641 2941 1683 2997 ·;
1717 2947 1865 2985 nunc
1891 2947 2023 2986 vero
2054 2950 2067 2986 :
2112 2951 2128 2983 ι
2174 2932 2333 2987 Chri-

755 3029 840 3072 sto
878 3019 1130 3073 confixus
1173 3036 1291 3074 sum
1337 3023 1533 3083 cruci:
1576 3021 1701 3074 vivo
1738 3036 1837 3091 ego
1881 3021 1995 3091 jam
2050 3035 2155 3075 non
2209 3036 2329 3091 ego,

754 3110 887 3163 vivit
923 3126 1050 3165 vero
1076 3113 1127 3163 iu
1156 3127 1242 3165 me
1264 3112 1518 3167 Christus
1556 3114 1601 3166 δ.
1649 3131 1667 3163 ι

826 3198 1079 3252 Divinum
1103 3200 1268 3268 igitur
1300 3216 1540 3254 amorem
1582 3201 1894 3270 quicunque
1938 3202 2192 3271 suscipit,
2218 3210 2328 3256 ter-

755 3298 888 3335 rena
926 3284 1091 3338 simul
1124 3286 1304 3338 omnia
1341 3301 1441 3355 pro
1489 3287 1661 3340 nihilo
1695 3286 1879 3351 ducit,
1912 3290 2329 3357 voluptatesque

752 3366 999 3441 corporis
1027 3390 1218 3429 onmes
1250 3376 1427 3430 calcat
1446 3418 1462 3444 ,
1499 3378 1741 3443 divitias,
1779 3385 1833 3432 et
1859 3378 2113 3447 gloriam,
2140 3387 2195 3432 et
2223 3379 2328 3433 hu-

753 3480 974 3519 manum
1007 3467 1273 3520 honorem
1302 3469 1535 3536 spernit,
1563 3468 1632 3521 ab
1677 3483 2004 3523 aranearum
2034 3469 2160 3523 telis
2183 3470 2322 3523 nihil

752 3555 970 3610 dierrre
993 3557 1233 3625 regalem
1259 3573 1557 3627 purpuram
1589 3558 1886 3622 existimat,
1910 3559 2178 3628 pretiosos
2202 3575 2332 3629 quo-

751 3660 857 3711 que
890 3644 1098 3712 lapides
1130 3646 1372 3698 littorum
1403 3648 1633 3701 calculis
1678 3648 1984 3719 tequiparat
2012 3666 2024 3701 :
2054 3665 2161 3704 non
2199 3651 2328 3705 bea-

754 3746 861 3787 tam
887 3734 1191 3787 habendam
1222 3745 1409 3790 ceuset
1433 3739 1685 3806 corporis
1716 3742 2032 3803 sanitatem,
2061 3756 2160 3794 nec
2181 3742 2329 3794 cala-

753 3827 993 3879 mitatem
1050 3826 1299 3879 morbum
1349 3837 1531 3891 vocat,
1582 3845 1759 3899 neque
1810 3831 2191 3885 infelicitatem
2232 3847 2322 3901 ap-

752 3918 919 3986 pellat
944 3927 1344 3987 paupertatem,
1375 3936 1552 3990 neque
1572 3921 1781 3977 divitiis
1814 3936 1876 3975 ac
1901 3922 2116 3979 deliciis
2155 3924 2328 3978 felici-

751 4018 916 4063 tatem
951 4012 1177 4063 metitur
1211 4028 1225 4065 :
1260 4012 1357 4065 sed
1388 4010 1706 4067 fluvialibus
1756 4015 1936 4083 aquis,
1965 4017 2241 4082 plantatas
2271 4016 2325 4071 in

750 4100 884 4169 ripis
918 4101 1147 4154 arbores
1180 4102 1696 4171 przeterflucntibus,
1731 4115 1784 4159 et
1816 4105 1883 4158 ad
1909 4108 2111 4159 nullam
2137 4122 2324 4162 earum

750 4190 1210 4255 subsistentibus,
1254 4194 1440 4247 simile
1487 4193 1683 4271 horum
1724 4195 1931 4264 1311
1976 4198 2326 4265 unumquod-

748 4294 854 4348 que
893 4280 1067 4332 videri
1125 4282 1321 4335 merito
1364 4282 1686 4336 arbitratur.
1732 4283 1851 4338 Pari
1888 4286 2034 4338 enim
2075 4290 2234 4341 modo
2275 4297 2326 4341 et

749 4379 1073 4440 paupertas,
1122 4382 1175 4425 et
1206 4372 1434 4439 divitiae,
1472 4382 1527 4429 et
1576 4377 1809 4439 sanitas,
1849 4385 1904 4431 et
1940 4378 2187 4443 morbus,
2231 4381 2326 4435 bo—

2442 1939 2624 2007 μίους,
2692 1940 2765 2010 μὴ
2817 1941 2897 2009 τῷ
2954 1943 3199 2013 Δεσπότῃ
3252 1944 3669 2013 παραπλησίως,
3710 1943 3787 2013 τῷ
3817 1945 4018 2013 ἰκρίῳι

2440 2032 2892 2101 προσηλωθῆναι·
2923 2033 3124 2096 δείσας,
3164 2034 3240 2097 ὡς
3280 2035 3447 2099 είκὺς,
3508 2035 3637 2105 μὴή
3672 2035 3764 2086 τοῦ
3812 2034 4021 2098 πάθους

2440 2124 2725 2191 ταυτότης,
2765 2124 2874 2177 ἴσον
2902 2124 3049 2193 αὑτῷ
3084 2124 3235 2196 παρὰ
3286 2124 3393 2178 τῶν
3444 2127 3686 2195 ἀνοήτων
3712 2128 4017 2191 εἰσενέγκοι

2436 2214 2497 2265 τὸ
2522 2215 2708 2281 γέρας.
2736 2213 2834 2266 Διὰ
2866 2214 3024 2266 τοῦτο
3048 2214 3197 2267 κάτω
3229 2214 3649 2286 προσηλωθῆναι
3671 2216 3767 2278 τὰς
3800 2219 4017 2285 χεῖρας,

2438 2306 2530 2356 καὶ
2564 2306 2675 2358 ἄνω
2703 2306 2829 2369 τοὺς
2861 2306 3023 2367 πόδας
3078 2306 3306 2359 ἱκέτευε.
3345 2308 3417 2359 Τὸ
3447 2307 3553 2377 γὰρ
3588 2308 3814 2376 ἔσχατον
3845 2310 4021 2378 αίρεῖ-

2439 2394 2581 2458 σθαι,
2603 2396 2701 2448 οὑκ
2733 2397 2791 2449 ὲν
2819 2400 2883 2465 τῇ
2935 2401 3067 2466 τιμῇ
3119 2398 3299 2467 μόνον,
3348 2398 3487 2450 ἀλλὰ
3525 2400 3619 2451 atat
3649 2401 3705 2451 ὲν
3727 2403 3792 2470 τῇ
3822 2400 4021 2471 ἀτιμία

2439 2486 2781 2558 μεμάθηκεν.
2814 2489 2876 2540 Et
2921 2488 2976 2540 δε
3027 2490 3120 2542 καὶ
3167 2490 3410 2553 δεκάκις,
3441 2492 3536 2543 καὶ
3567 2494 4017 2560 πεντηκοντάκις,

2435 2575 2622 2629 τοῦτον
2662 2578 2951 2647 ὑπομεῖναι
2977 2579 3067 2632 τὸν
3092 2579 3324 2634 θάνατον
3357 2576 3468 2635 οἷόν
3496 2598 3556 2634 τε
3585 2578 3653 2653 ἧν
3703 2582 3921 2646 ἐδέξατο
3952 2583 4020 2636 ἂν

2449 2664 2589 2731 μετὰ
2635 2667 2815 2735 πάσης
2846 2666 3056 2737 ἡδονῆς,
3091 2667 3169 2738 τῷ
3195 2668 3323 2739 θείῳ
3376 2670 3819 2741 πυρπολούμενος
3840 2672 4017 2745 πόθῳ.

2435 2754 2605 2808 Τοῦτο
2631 2755 2688 2808 δὲ
2732 2758 2827 2810 καὶ
2873 2760 2902 2810 ὁ
2956 2757 3098 2823 θεῖος
3153 2758 3364 2824 Παῦλος
3391 2760 3511 2832 βοᾷ,
3545 2762 3638 2815 νῦν
3670 2764 3769 2833 μὲν
3797 2765 3979 2832 λέγων
4000 2782 4014 2796 ·

2442 2865 2459 2898 ι
2484 2846 2819 2919 Καθημέραν
2841 2849 3273 2924 ἀποθνήσκω,νὴ
3294 2854 3392 2922 τὴν
3422 2855 3697 2926 ὑμετέραν
3721 2857 4018 2929 καύχησιν,

2433 2937 2499 3006 ἣν
2529 2938 2635 3007 ἔχω
2663 2940 2721 2992 ὲν
2749 2940 2969 3010 Χριστῷ
3008 2942 3214 3011 Ἰησοῦ’
3256 2961 3275 2996 ι
3310 2944 3406 2999 νῦν
3432 2945 3518 2999 δέ·
3553 2966 3572 2998 ‹
3609 2948 3830 3019 Χριστῷ
3877 2967 4002 3002 συν-

2434 3029 2809 3101 εσταύρωμαι.
2864 3033 2950 3086 Ζῶ
2995 3033 3051 3086 δὲ
3094 3035 3193 3087 οὑκ
3251 3034 3331 3088 ἔτι
3379 3036 3513 3106 ἐγὼ,
3574 3039 3637 3109 ζῇ
3697 3040 3749 3093 δὲ
3789 3044 3846 3094 ἐν
3889 3044 4018 3113 ἐμοὶ

2436 3123 2730 3191 Χριστός.»

2505 3212 2712 3264 Οὐκοῦν
2735 3213 2761 3263 ὁ
2792 3215 2883 3265 τὸν
2938 3215 3117 3283 ἔρωτα
3151 3217 3242 3268 τὸν
3277 3217 3419 3270 θεῖον
3453 3218 3760 3292 δεξάμενος,
3795 3223 4017 3278 πάντων

2449 3300 2545 3368 μὲν
2575 3301 2705 3369 ὁμοῦ
2735 3301 2842 3353 τῶν
2872 3305 3075 3371 γηΐνων
3116 3310 3461 3376 καταφρονεῖ,
3509 3314 3667 3361 πατεί
3700 3312 3754 3362 δὲ
3798 3314 4017 3377 ἁπάσας

2429 3390 2527 3453 τὰς
2572 3390 2664 3442 τοῦ
2729 3390 2977 3460 σώματος
3035 3395 3259 3458 ἠδονά;”
3326 3398 3571 3468 ὑπερορᾷ
3625 3402 3859 3454 πλούτου
3918 3406 4020 3458 καὶ

2430 3479 2609 3548 δόξης,
2641 3482 2733 3533 καὶ
2776 3484 2874 3551 τῆς
2926 3484 3074 3554 παρὰ
3130 3485 3431 3557 ἀνθρώπων
3472 3491 3668 3560 τιμῆς·
3737 3494 4018 3562 ἀραχνίων

2429 3572 2579 3626 οὐδὲν
2604 3572 2878 3642 διαφέρειν
2898 3575 3266 3646 ὑπολαμϐάνει
3282 3579 3375 3649 τὴν
3394 3580 3675 3652 βασιλικὴν
3698 3584 4013 3654 ἁλουργίδασ

2428 3663 2555 3724 τοὺς
2618 3661 2931 3726 πολυτελεῖς
2974 3664 3082 3717 τῶν
3140 3667 3304 3720 λίθων
3356 3673 3477 3733 ταῖς
3533 3674 3685 3743 παρὰ
3715 3675 3812 3737 τὰς
3844 3676 4017 3746 ὄχθας

2430 3748 2717 3813 ἀπεικάζει
2771 3750 3031 3820 ψηφίσιν·
3114 3756 3174 3807 οὐ
3243 3760 3591 3831 μακαριστὴν
3649 3764 3859 3831 ἡγεῖται
3914 3767 4015 3835 τὴν

2431 3840 2619 3907 ὑγείαν
2652 3841 2744 3893 τοῦ
2772 3842 3046 3912 σώματος,
3075 3846 3194 3900 οὐδὲ
3227 3851 3514 3921 συμφορὰν
3552 3853 3652 3922 τὴν
3700 3854 3851 3907 νόσον
3876 3858 4015 3910 ἀπο-

2431 3931 2607 3993 καλεῖ,
2666 3934 2785 3986 οὑδὲ
2826 3935 3162 4007 δυσπραξίαν
3211 3940 3310 4011 τὴν
3369 3944 3559 3997 πενίαν
3590 3951 4010 4018 προσαγορεύει,

2427 4021 2547 4073 οὐδὲ
2575 4022 2790 4093 πλούτῳ
2818 4025 2915 4078 καὶ
2950 4032 3126 4099 τρυφῇ
3160 4030 3257 4100 τὴν
3320 4032 3664 4104 εὐδαιμονίαν
3716 4039 3958 4108 ὁρίζεται
3992 4056 4007 4069 ·

2428 4112 2563 4164 ἀλλὰ
2598 4115 2888 4184 ποταμίοις
2918 4118 3174 4189 ῥεύμασι,
3213 4123 3284 4174 τὰ
3324 4130 3858 4199 παραπεφυτευμένα
3888 4136 4011 4195 ταῖς

2427 4200 2612 4270 όχΟαις
2632 4207 3007 4275 παραῤῥὲουσι
3041 4210 3254 4281 δένδρα,
3292 4218 3387 4268 καὶ
3415 4216 3550 4286 πρὸς
3579 4219 3767 4272 οὐδένα
3801 4222 4007 4276 τούτων

2431 4292 2759 4362 ἱσταμένοις,
2817 4298 2904 4348 ἀεὶ
2958 4300 3195 4355 ἑοικέναι
3256 4304 3459 4360 τούτων
3510 4309 3737 4362 ἕκαστον
3789 4314 4007 4383 ἡγεῖται

2429 4384 2625 4446 καλῶς.
2670 4386 2903 4455 Ὁμοίως
2954 4392 3063 4471 γὰρ
3122 4396 3216 4448 καὶ
3274 4398 3431 4451 πενία
3486 4404 3579 4454 καὶ
3608 4401 3855 4467 πλοῦτος,
3910 4408 4008 4458 καὶ

749 4475 957 4531 norque
1001 4470 1055 4516 et.
1093 4463 1415 4533 ignominia,
1442 4473 1497 4518 et
1528 4466 1633 4518 alia
1661 4481 1999 4537 qumcunque
2029 4468 2320 4522 humanam
2355 4514 2377 4569 Ι

2436 4475 2587 4569 ὑγεία
2618 4478 2714 4569 καὶ
2743 4481 2916 4546 νόσος,
2946 4463 3077 4555 τιμῆ
3118 4504 3177 4540 τε
3209 4489 3303 4542 καὶ
3334 4492 3548 4560 ἀτιμία,
3584 4495 3677 4546 καὶ
3698 4463 4005 4557 cilicii“

746 4558 997 4605 naturam
1029 4561 1485 4623 praetereurrunt,
1527 4571 1633 4609 non
1667 4571 1888 4627 semper
1920 4558 2061 4628 apud
2095 4560 2313 4614 eosdem

746 4658 968 4699 manere
998 4646 1439 4715 conspiciuntur,
1488 4650 1583 4703 sed
1623 4665 1975 4718 possessores
2023 4668 2154 4707 suos
2198 4668 2323 4722 per-.

747 4743 982 4797 mutant,
1030 4747 1084 4788 et
1123 4738 1191 4791 ab
1221 4740 1349 4793 aliis
1396 4741 1462 4794 ad
1510 4740 1650 4796 alios
1697 4751 1960 4813 perpetuo
2009 4752 2314 4799 transeunt.

742 4825 894 4881 Multi
928 4826 1198 4896 siquidem
1226 4844 1290 4885 ex
1315 4833 1593 4902 opulentia
1621 4834 1673 4887 in
1695 4843 1993 4889 extremam
2028 4846 2318 4907 pauperta-

744 4925 848 4971 tem
879 4918 1180 4973 decidunt:
1216 4922 1380 4976 multi
1421 4935 1618 4981 contra
1652 4942 1716 4981 ex
1751 4928 2087 4995 pauperibus
2134 4930 2189 4983 in
2236 4930 2317 4983 di-

742 5003 910 5057 vitum
945 5022 1235 5063 numerum
1267 5016 1689 5069 transcendunt.
1721 5015 1944 5071 Morbus
1969 5033 2121 5081 vero,
2146 5030 2201 5073 et
2236 5036 2319 5073 sa-

741 5091 885 5145 nitas
904 5108 996 5161 per
1021 5098 1226 5161 omnia,
1246 5110 1305 5152 ut
1331 5103 1498 5157 verbo
1514 5104 1712 5169 dicam,
1733 5120 1965 5174 corpora
1988 5108 2317 5175 pervadunt,

741 5190 856 5235 tum
896 5200 1016 5253 qua:
1045 5185 1185 5245 fame
1216 5205 1558 5261 premuntur,
1596 5205 1709 5251 tum
1736 5214 1856 5268 qua:
1889 5197 2102 5254 deliciis
2135 5200 2318 5255 indul-

811 5367 835 5396 ²
864 5359 988 5416 Aet.
1023 5379 1075 5429 v,
1107 5363 1192 5419 41.
1270 5366 1337 5419 οι
1372 5368 1500 5424 Cor.
1543 5387 1631 5432 xv.
1667 5373 1755 5427 51.
1836 5374 2064 5433 bGalat.
2098 5394 2157 5443 ιι,
2185 5377 2279 5433 90.

2424 4568 2533 4620 τῶν
2559 4568 2861 4640 ἀνθρώπων
2892 4578 3223 4647 παρατρέχει
3275 4581 3373 4651 τὴν
3397 4582 3577 4648 φύσιν,
3611 4585 3671 4637 οὑ
3706 4589 3857 4655 παρὰ
3892 4591 4004 4646 τοῖς

2424 4661 2605 4724 αὐτοῖς
2626 4664 2713 4715 ἀεὶ
2746 4664 2975 4731 μένοντα
3025 4668 3329 4738 θεωρεῖται,
3392 4674 3529 4728 ἀλλὰ
3570 4678 3696 4738 τοὺς
3726 4681 4003 4748 κεκτημέ-

2424 4768 2546 4814 νους
2580 4754 2897 4822 ἁμείϐοντα,
2946 4757 3040 4809 καὶ
3092 4758 3150 4825 ἐξ
3176 4759 3350 4813 ἄλλων
3398 4763 3477 4825 είς
3519 4764 3708 4828 ἄλλους
3735 4766 4001 4837 διηνεκῶς

2428 4845 2840 4914 μεταϐαίνοντα.
2890 4849 3082 4901 Πολλοὶ
3132 4851 3232 4919 μὲν
3276 4853 3386 4921 γὰρ
3431 4853 3489 4917 ἐξ
3530 4855 3789 4926 εὐπορίας
3832 4875 3999 4926 μετα-

2425 4936 2712 4989 πίπτουσιν
2744 4940 2823 5000 είς
2848 4940 3035 4992 πενίαν
3065 4942 3300 5012 ἐσχάτην
3322 4960 3335 4973 ·
3364 4944 3546 4997 πολλοὶ
3578 4946 3631 4998 δὲ
3662 4949 3724 5000 ἐκ
3746 4949 3999 5019 πενήτων

2419 5025 2499 5087 είς
2532 5025 2624 5076 τὸν
2672 5026 2781 5077 τῶν
2816 5027 3087 5082 πλουσίων
3135 5032 3432 5101 κατάλογον
3476 5035 3846 5089 ἀναϐαίνουσι.
3885 5040 3996 5091 Καὶ

2417 5116 2570 5178 νόσος
2600 5117 2681 5180 δὲ,
2740 5117 2835 5170 καὶ
2886 5119 3043 5192 ὑγεία
3090 5122 3176 5175 διὰ
3231 5124 3471 5190 πάντων,
3512 5125 3588 5190 ὡς
3625 5126 3751 5189 ἔπος
3792 5129 3991 5189 είπείν,

2423 5207 2715 5273 σωμάτων,
2778 5210 2871 5261 καὶ
2926 5212 3235 5267 πεινώντων
3282 5216 3377 5268 καὶ
3417 5216 3765 5287 τρυφώντων,
3794 5218 3993 5273 ὁδεύει.

1999 5530 2230 5586 VAle
2280 5534 2683 5592 LECTIONES.

809 5652 947 5734 “Sic
1000 5659 1117 5712 sine
1175 5660 1512 5717 dubitatione
1570 5665 1876 5734 rescripsi;

736 5739 820 5776 ναι
852 5725 1151 5795 frequentat
1184 5741 1389 5795 uaster,
1421 5741 1475 5784 ut
1509 5735 1573 5789 ad
1602 5725 1883 5804 psalfxxr,
1913 5725 2198 5793 ﬂet'alibt.

1951 5666 2457 5764 igitpnilncptissime
2513 5675 2747 5730 habebat
2800 5680 2967 5734 editio
2995 5681 3295 5740 Sirmondi.
3328 5684 3415 5755 Τῷ
3448 5686 3605 5757 ίκρίῳ
3636 5689 3997 5764 προσηλωθῆ-
