4216 6456
224 407 367 475 1513

1022 408 1305 471 ORATIO
1344 409 1441 470 DE
1482 406 1746 469 DIVINA
1772 405 1864 466 ΕΤ
1904 402 2184 466 SANCTA
2223 405 2673 467 CIIARITATE.

3344 409 3478 474 15M

231 521 433 595 ’Δριτὴ
465 523 522 576 δι
554 523 647 577 καὶ
675 523 983 593 φιλοσοφία,
1021 528 1155 595 μόνη
1201 525 1351 593 μένει
1385 523 1624 593 ἀγαθῶν.
1659 521 1805 591 Νικᾷ
1833 522 1879 578 Α
1906 538 1913 587 1

1906 530 2051 590 gent.
2075 520 2259 576 Virtus
2284 530 2464 577 autem
2494 530 2547 577 et
2569 520 2912 593 philosophia
2935 522 3132 579 stabile
3170 531 3254 578 est
3276 524 3477 580 bonum

217 615 333 685 γὰρ
367 617 462 669 καὶ
505 615 702 689 λῃστοῦ
738 618 949 687 χεῖρας,
998 622 1090 670 καὶ
1150 618 1487 686 συκοφάντου
1526 614 1797 684 γλῶσσαν,

219 710 322 764 καὶ
351 708 665 777 πολεμικῶν
701 708 871 777 βελῶν
899 708 992 760 καὶ
1023 706 1265 777 δοράτων
1288 708 1515 777 νιφάδας
1542 723 1555 736 ο
1582 706 1643 759 ού
1664 706 1803 774 γίνε-

219 816 315 852 ται
342 796 582 868 πυρετοῦ
612 796 1017 868 παρανάλωμα.
1049 798 1171 849 οὐδὲ
1203 796 1469 860 κλύδωνος
1502 796 1799 865 πάρεργον,

217 891 344 945 οὐδὲ
374 891 635 957 ναυαγίου
659 889 849 960 ζημία.
880 890 1095 959 Ταύτης
1121 892 1149 942 ό
1179 891 1367 959 χρόνος
1400 890 1502 942 οὐκ
1540 890 1796 959 ἀφαιρεῖ-

218 1000 336 1045 ται,
368 983 483 1034 ἀλλ’
512 982 665 1048 αῦξει
691 982 788 1053 τὴν
822 981 1071 1051 δύναμιν.
1094 982 1235 1051 ’Υλη
1284 981 1341 1034 δὲ
1366 980 1567 1050 ταύτης
1600 982 1633 1051 ή
1667 977 1795 1049 περὶ

218 1074 315 1128 τὸν
365 1074 499 1127 Θεὸν
551 1074 759 1143 ἀγάπη.
809 1073 1093 1127 ’Δδύνατον
1143 1073 1250 1143 γάρ
1285 1072 1626 1142 κατορθῶσαι
1662 1070 1805 1139 φιλο-

224 1164 422 1231 σοφίαν
449 1165 540 1217 τὸν
570 1166 643 1235 μὴ
676 1164 878 1234 θερμὸν
903 1166 995 1217 τοῦ
1038 1165 1173 1218 Θεοῦ
1203 1165 1495 1233 γενόμενον
1531 1165 1799 1235 ἐραστήν·

226 1256 430 1323 μᾶλλον
458 1256 515 1309 δὲ
536 1258 666 1308 αὐτὸ
686 1256 843 1309 τοῦτο
865 1257 1153 1327 φιλοσοφία
1198 1257 1463 1310 καλεῖται.
1497 1257 1666 1325 Σοφία
1695 1257 1802 1328 γάρ

220 1350 252 1399 ὁ
295 1347 430 1410 Θεὸς
482 1350 574 1399 καὶ
625 1347 737 1400 ἔστι
786 1348 881 1400 καὶ
927 1349 1198 1403 καλεῖται.
1238 1349 1371 1417 Περὶ
1409 1348 1507 1418 μὲν
1539 1347 1647 1417 γὰρ
1706 1346 1801 1399 τοῦ

221 1438 363 1491 Θεοῦ
393 1438 500 1491 τῶν
521 1440 658 1491 ὅλων
678 1440 705 1490 ὁ
725 1440 993 1509 μακάριος
1008 1440 1153 1506 λέγει
1174 1438 1380 1502 Παῦλος
1404 1456 1415 1467 ο
1439 1457 1459 1491 ε
1497 1438 1799 1508 Ἀφθάρτῳ,

221 1531 465 1601 ἀοράτῳ,
498 1529 645 1600 μόνῳ
682 1530 831 1600 σοφῷ
855 1530 974 1599 Θεῷ
1002 1547 1015 1560 '
1052 1551 1071 1583 ι
1097 1532 1226 1602 περὶ
1252 1532 1307 1583 δὲ
1339 1532 1431 1585 τοῦ
1468 1533 1801 1600 Μονογενοῦς

224 1637 363 1689 φησι
386 1636 399 1649 ⁸
425 1639 442 1669 ι
470 1621 725 1689 Χριστὸς,
754 1622 888 1674 Θεοῦ
911 1622 1155 1691 δύναμις,
1172 1622 1266 1675 καὶ
1296 1622 1429 1676 Θεοῦ
1462 1623 1674 1692 σοφία.»
1696 1624 1805 1677 Καὶ

225 1715 420 1766 πάλιν·
460 1731 479 1762 ι
522 1711 706 1781 Ἐδόθη
730 1713 861 1781 ἡμῖν
889 1713 1050 1781 σοφία
1073 1713 1181 1765 ἀπὸ
1206 1713 1361 1778 Θεοῦ,
1395 1714 1709 1783 δικαιοσύνη
1743 1730 1802 1766 τε

222 1802 323 1853 καὶ
358 1802 654 1871 ἁγιασμὸς,
688 1802 783 1853 καὶ
813 1802 1208 1872 ἀπολύτρωσις.
1250 1821 1269 1853 ι
1309 1804 1365 1856 '0
1382 1803 1557 1856 τοίνυν
1586 1803 1661 1872 τῷ
1691 1803 1804 1855 ὄντι

226 1890 541 1957 φιλόσοφος,
570 1892 664 1943 καὶ
689 1890 932 1959 φιλόθεος
969 1890 1037 1943 ἂν
1093 1892 1317 1955 εἰκότως
1356 1893 1590 1946 καλοῖτο.
1648 1894 1706 1946 '0
1746 1894 1804 1946 δὲ

226 1980 477 2048 φιλόθεος
503 1982 611 2033 τῶν
647 1982 821 2035 ἀλλων
856 1984 1111 2038 ἁπάντων
1167 1985 1543 2055 ὑπερφρονῶν,
1577 1986 1671 2040 καὶ
1714 1986 1804 2039 τὸν

226 2074 509 2144 ἐρώμενον
534 2076 694 2144 μόνον
714 2076 876 2146 ὁρῶν,
902 2077 1116 2131 πάντων
1141 2077 1277 2147 ὁμοῦ
1311 2078 1408 2149 τὴν
1432 2079 1640 2133 ἐκείνου
1673 2096 1805 2149 προ-

224 2168 413 2237 τίθησι
469 2168 796 2238 θεραπείαν·
854 2171 1037 2223 εκεῖνα
1086 2171 1247 2240 μόνα,
1309 2173 1405 2223 καὶ
1458 2171 1653 2239 λέγων,
1708 2170 1805 2223 καὶ

226 2264 506 2330 πράττων,
552 2263 647 2314 καὶ
674 2262 1042 2332 λογιζόμενος,
1077 2263 1111 2317 ἀ
1144 2265 1235 2317 τὸν
1283 2265 1646 2335 ἀγαπώμενον
1676 2265 1804 2333 ἀρέ-

228 2371 353 2405 σκει
382 2355 477 2407 καὶ
501 2353 816 2425 θεραπεύει,
859 2357 953 2408 καὶ
1005 2359 1406 2426 μυσαττόμενος
1442 2357 1656 2411 ᾶπαντα
1706 2358 1808 2409 ὅσα

229 2449 440 2510 ἐκεῖνος
471 2447 827 2516 ἀπαγορεύει.
851 2448 1066 2519 Ταύτης
1096 2448 1263 2520 Ἀδὰμ
1293 2452 1391 2520 τῆς
1420 2450 1640 2522 ἀγάπης
1658 2451 1807 2521 ὀλιγ-

228 2543 450 2611 ωρὴσας
476 2583 489 2603 ,
543 2542 637 2594 καὶ
664 2543 791 2612 περὶ
814 2542 904 2594 τὸν
930 2543 1226 2612 εὐεργέτην
1275 2545 1544 2615 ἀγνώμων
1589 2546 1809 2620 γενόμε-

231 2653 344 2699 νος,
388 2634 651 2697 ἀκάνθας.
671 2635 767 2690 καὶ
788 2635 1003 2698 πόνους,
1026 2636 1120 2689 καὶ
1140 2636 1517 2708 ταλαιπωρίας
1548 2640 1809 2714 ὲδρέφατο

233 2727 335 2795 τῆς
368 2728 686 2796 ἀχαριστίας
752 2728 957 2796 μισθόν.
1017 2729 1234 2801 Ταύτην
1288 2731 1455 2790 ’Ἅϐελ
1490 2737 1567 2806 τῷ
1590 2736 1810 2809 Χορηγῷ

230 2818 343 2868 τῶν
369 2818 589 2884 ἀγαθῶν
629 2818 851 2887 βεϐαίαν
880 2819 1239 2891 διαφυλάξας,
1290 2827 1382 2880 καὶ⁹
1430 2827 1538 2880 τῶν
1582 2829 1679 2898 μὲν
1708 2846 1809 2897 γα-

235 2908 397 2976 στρὸς
421 2908 623 2978 ἡδονῶν
652 2913 1098 2982 καταφρονήσας,
1139 2917 1238 2987 τὴν
1261 2918 1317 2971 δὲ
1346 2918 1437 2974 τοῦ
1484 2919 1620 2972 Θεοῦ
1676 2938 1809 2991 προ-

233 2998 489 3067 ελόμενος
508 2999 821 3069 θεραπείαν,
837 3006 944 3069 τοῖς
966 3009 1260 3079 ἀκηράτοις
1284 3011 1669 3082 κατεκοσμήθη
1688 3029 1810 3066 στεο

234 3091 445 3158 φάνοις,
486 3092 579 3143 καὶ
607 3092 695 3144 διὰ
724 3094 906 3168 πάσης
954 3103 1144 3167 γενεᾶς
1184 3101 1378 3165 ὁδεύει,
1412 3102 1510 3171 τὴν
1536 3105 1810 3173 εὐφημίαν

233 3184 324 3236 διὰ
350 3183 450 3251 τῆς
480 3183 701 3258 μνήμης
729 3191 1127 3261 καρπούμενος.
1175 3193 1390 3263 Ταύτην
1434 3194 1605 3264 Ἑνὼχ
1636 3195 1808 3267 ἀληθῆ

236 3272 332 3323 καὶ
356 3275 589 3342 γνησίαν
636 3281 997 3348 κτησάμενος,
1059 3280 1153 3332 καὶ
1194 3280 1413 3353 ἔσπειρε
1459 3280 1659 3347 καλῶς’,
1721 3286 1814 3337 καὶ

236 3363 484 3436 ἐθέριτέν
521 3370 760 3438 ἄμεινον,
781 3371 994 3439 καὶτῆς
1022 3373 1112 3425 τοῦ
1143 3372 1277 3425 Θεοῦ
1306 3374 1604 3444 θεραπείας
1627 3375 1815 3446 μισθὸν

236 3456 538 3527 ἰἑπομίσατο
593 3461 690 3530 τὴν
741 3462 1049 3530 μετάθεσιν,
1088 3465 1179 3516 καὶ
1227 3465 1323 3535 τὴν
1353 3464 1617 3519 ἀθάνατον
1674 3468 1814 3530 τέως

242 3548 408 3619 ζωὴν,
444 3551 537 3602 καὶ
572 3552 670 3620 τὴν
691 3551 779 3605 διὰ
805 3552 895 3604 τοῦ
935 3554 1049 3622 βίου
1102 3556 1302 3619 παντὸς
1342 3557 1537 3628 εὐκλεῆ
1566 3559 1659 3611 καὶ
1692 3559 1817 3614 ἀθά-

241 3659 402 3695 νατον
477 3644 715 3713 μνήμην.
769 3645 833 3696 Τί
888 3645 951 3700 ἄν
978 3665 1058 3709 τις
1092 3648 1233 3701 εἴποι
1268 3650 1397 3718 περὶ
1437 3650 1535 3720 τῆς
1563 3651 1657 3704 τοῦ
1692 3652 1815 3704 Νῶε

243 3734 553 3799 φιλοθεῖας,
583 3736 649 3805 ἢν
672 3737 792 3789 οὐδὲ
807 3737 912 3789 τῶν
933 3741 1261 3809 παρανόμων
1277 3740 1598 3813 διήλεγξενή
1618 3742 1812 3814 φθορά·

242 3825 378 3878 ἀλλά
408 3826 627 3879 πάντων
653 3828 1034 3894 ἐκκλινάντων,
1071 3829 1160 3883 καὶ
1193 3831 1290 3901 τὴν
1317 3832 1563 3886 ἐναντίαν
1596 3836 1806 3905 προελο-

247 3918 443 3985 μένων,
476 3920 636 3987 μόνος
661 3920 761 3988 τὴν
791 3921 1002 3973 εὐθεῖαν
1035 3922 1258 3987 ὥδευσε,
1318 3926 1531 3978 πάντων
1558 3927 1691 3996 ὁμοῦ
1724 3927 1814 3979 τὸν

244 4010 481 4078 Ποιητὴν
512 4011 821 4080 προτιθείς;
880 4006 955 4064 0³5
1004 4014 1182 4083 χάριν,
1215 4017 1309 4068 καὶ
1352 4017 1512 4087 μόνος
1544 4018 1681 4087 μετά
1708 4019 1814 4071 τῶν

245 4099 453 4152 παίδων
488 4101 589 4167 τῆς
638 4102 913 4173 σωτηρίας
954 4105 1242 4175 τετύχηκε,
1268 4107 1361 4158 καὶ
1413 4108 1634 4179 σπέρμα
1684 4128 1814 4163 κατ-

243 4194 467 4264 ελείφθη
495 4199 559 4267 τῇ
612 4196 792 4264 φύσει,
822 4204 915 4251 καὶ
968 4202 1200 4272 σπινθὴρ
1246 4201 1519 4274 ἐφυλάχθη
1552 4205 1626 4275 τῷ
1646 4207 1807 4272 γένει.

244 4286 400 4339 Οῦτω
454 4288 785 4357 Μελχισεδὲκ
814 4330 826 4349 .
859 4291 887 4342 ό
932 4292 1103 4361 μέγας
1145 4295 1463 4364 ἀρχιερεὺς,
1497 4296 1603 4348 τῶν
1640 4296 1707 4349 τά
1737 4296 1813 4350 εί-

240 4377 386 4431 δωλα
441 4379 617 4432 σέϐειν
648 4384 1023 4451 προελομένων
1048 4386 1145 4455 τὴν
1167 4386 1351 4440 ἄνοιαν
1383 4388 1768 4460 βδελυξάμενος
1794 4433 1808 4455 ,

240 4468 322 4537 τῷ
390 4472 595 4540 Ποιητῇ
645 4472 752 4526 τῶν
795 4474 932 4525 ὅλων
992 4475 1087 4545 τὴν
1134 4478 1340 4532 οἰκείαν
1376 4480 1670 4551 ἱερωσύνην
1717 4483 1809 4535 άν-

1905 626 1968 667 ac
2009 628 2360 681 permanens.
2397 613 2578 668 Vincit
2624 614 2769 668 enim
2806 623 2859 668 et
2902 616 3221 685 prmdonum
3259 632 3480 684 manus.

1901 712 1956 759 et
2007 704 2467 759 calumniatorum
2511 706 2755 775 linguas,
2812 715 2867 761 et
2907 708 3191 763 hostilium
3243 712 3479 765 telorum

1903 797 2297 866 hastarumque
2333 805 2688 868 tempestates
2739 816 2750 850 :
2785 814 2895 852 non
2957 800 3267 854 absumitur
3307 801 3481 868 febre,

1900 905 2077 959 neque
2104 891 2362 946 ﬂuctibus
2383 892 2789 955 obruitur;non
2815 892 2956 961 perit
2981 892 3265 963 naufragio
3307 895 3482 964 Hujus

1903 983 2010 1037 vim
2041 1000 2148 1038 non
2177 985 2435 1038 diminuit
2467 992 2705 1053 tempus.
2746 986 2839 1038 sed
2883 993 3064 1055 auget.
3097 984 3273 1053 Hujus
3318 1002 3482 1055 porro

1901 1079 2127 1131 materia
2148 1078 2235 1132 Dei
2262 1088 2346 1132 est
2370 1079 2606 1133 dilectio.
2647 1077 2791 1131 Fieri
2817 1078 2961 1131 enim
2985 1080 3193 1148 nequit,
3225 1087 3283 1133 ut
3308 1081 3484 1149 philo-

1904 1169 2151 1236 sephiam
2193 1168 2434 1237 perfecte
2462 1176 2826 1237 assequatur,
2867 1168 2961 1237 qui
3012 1184 3123 1223 non
3170 1171 3239 1223 sit
3266 1170 3485 1226 fervens

1905 1259 1998 1314 Dei
2040 1268 2297 1313 amator:
2337 1260 2466 1328 quin
2507 1260 2612 1315 hoc
2643 1261 2821 1329 ipsum
2871 1260 3256 1331 philosophia,
3293 1263 3344 1316 id
3391 1268 3477 1317 est

1903 1351 2143 1407 studium
2184 1351 2484 1420 sapientiae,
2520 1361 2767 1405 vocatur.
2814 1352 3090 1421 SapTentia
3140 1354 3285 1406 enim
3343 1352 3485 1407 Deus

1908 1449 1963 1495 et
1994 1449 2077 1495 est
2122 1451 2175 1493 et
2204 1448 2453 1494 vocatur.
2486 1438 2561 1495 De
2585 1439 2693 1494 Deo
2715 1442 2858 1494 enim
2884 1442 3267 1497 universorum
3289 1441 3483 1497 beatus

1906 1533 2107 1587 Paulus
2143 1534 2276 1587 dicit
2316 1552 2329 1586 :
2377 1551 2396 1584 ‹
2438 1532 2760 1597 immortali,
2804 1532 3094 1595 invisibili,
3128 1534 3229 1587 soli
3264 1536 3486 1603 sapien-

1907 1625 1943 1678 ti
1984 1624 2094 1677 Deo
2118 1634 2164 1676 ε.
2210 1641 2227 1674 ι
2276 1622 2353 1678 De
2399 1622 2693 1695 Unigenito
2738 1633 2921 1679 autem
2963 1626 3038 1677 ait
3073 1623 3145 1677 (ιε
3185 1642 3203 1674 ι
3229 1626 3483 1680 Christus

1907 1717 2000 1772 Dei
2034 1718 2243 1778 virtus,
2275 1725 2329 1770 et
2361 1714 2455 1769 Dei
2481 1718 2771 1786 sapientia.
2810 1736 2829 1769 ι
2884 1715 2949 1770 Et
2990 1733 3187 1771 rursus
3222 1735 3235 1771 :
3280 1735 3299 1768 ι
3346 1716 3478 1771 Data

1907 1820 1990 1865 est
2029 1810 2189 1865 nobis
2216 1809 2489 1877 sapientia
2520 1824 2550 1861 a
2584 1808 2715 1870 Deo,
2740 1808 2959 1877 justitia
2981 1851 2994 1869 ,
3015 1817 3069 1861 et
3101 1809 3481 1869 sanctiﬁcatio.

1912 1911 1967 1957 et
2006 1900 2307 1970 redemptio
2330 1912 2406 1955 ο.»
2435 1900 2536 1966 Qui
2570 1901 2735 1969 igitur
2767 1916 2892 1955 vere
2923 1909 3008 1955 est
3033 1901 3415 1971 philosophus,
3437 1900 3486 1955 is

1911 2004 1965 2048 et
2002 1993 2314 2062 philotheus
2356 1992 2481 2060 jure
2512 1992 2837 2060 appelletur.
2873 1989 2967 2045 Dei
3010 2000 3191 2045 autem
3241 2001 3483 2051 amator.

1862 2143 1868 2161 ί
1912 2092 2105 2139 caetera
2160 2083 2342 2137 omnia
2382 2091 2759 2148 contemnens,
2807 2091 2860 2137 et
2907 2084 3084 2137 solum
3132 2098 3292 2151 quem
3339 2094 3486 2136 amat

1915 2176 2154 2230 intuens.
2186 2174 2304 2240 ejus
2329 2175 2535 2227 cultum
2594 2175 2848 2229 omnibus
2894 2176 3120 2228 omnino
3145 2176 3307 2231 rebus
3330 2183 3486 2228 ante-

1914 2267 2089 2337 ponit,
2128 2266 2342 2336 1312
2374 2266 2462 2317 illa
2492 2266 2757 2322 duntaxat
2794 2274 2844 2323 et
2868 2268 3080 2334 dicens,
3104 2275 3158 2325 et
3203 2284 3391 2338 agens,
3422 2282 3486 2323 ac

1914 2361 2185 2430 cogitans.
2244 2374 2366 2431 qua:
2405 2362 2622 2430 placent
2669 2362 2889 2425 dilecto,
2940 2362 3098 2429 eique
3142 2370 3296 2431 grata
3334 2371 3486 2424 sunt,

1913 2462 1967 2511 et
1992 2465 2188 2511 cuncta
2218 2455 2499 2510 detestans
2522 2469 2644 2525 qua:
2673 2454 2763 2509 ille
2794 2461 2958 2508 vetat.
2983 2451 3133 2508 lianc
3160 2454 3483 2509 charitatem

1916 2550 2087 2604 Adam
2124 2563 2245 2603 cum
2288 2546 2727 2617 parvipendisset
2751 2588 2764 2613 ,
2805 2556 2972 2615 atque
3010 2548 3281 2616 ingratqu
3335 2561 3398 2602 se
3430 2548 3484 2601 in

1920 2642 2321 2696 bene-factorem
2373 2639 2739 2703 exhibuisset,
2775 2637 2983 2707 spinas,
3034 2646 3085 2691 et
3140 2638 3379 2702 labores,
3432 2648 3488 2692 et

1917 2735 2255 2788 calamitates
2309 2747 2407 2801 pro
2440 2731 2695 2786 mercede
2747 2729 3155 2799 ingratitudinis
3194 2729 3384 2784 retulit
3439 2726 3484 2784 ί.

1920 2824 2069 2878 Hanc
2105 2824 2237 2877 Abel
2276 2821 2520 2892 largitori
2567 2822 2835 2876 bonorum
2870 2821 3081 2874 firmam
3113 2835 3238 2873 cum
3271 2834 3488 2875 servas-

1919 2928 2037 2979 set.
2079 2916 2396 2985 ventrisquc
2428 2914 2739 2985 voluptates
2786 2920 3137 2981 aspernatus,
3178 2910 3269 2966 Dei
3315 2911 3487 2966 servi-

1918 3010 2052 3064 tium
2088 3008 2439 3078 prmtulisset,
2476 3006 3037 3060 immarcescibilibus
3067 3004 3289 3057 coronis
3329 3017 3487 3057 exor-

1919 3110 2081 3155 natus
2118 3110 2240 3165 est,
2276 3111 2329 3155 et
2360 3115 2458 3170 per
2488 3114 2705 3154 omnem
2741 3099 2780 3152 it
2826 3097 3255 3167 generationem,
3306 3095 3487 3148 laudis

1919 3191 2154 3244 fructum
2216 3205 2281 3243 ex
2339 3188 2596 3242 memoria
2651 3188 2950 3255 decerpens
3006 3188 3051 3240 ε.
3097 3185 3251 3240 Hanc
3302 3198 3487 3238 veram

1919 3290 2080 3349 atque
2108 3293 2422 3347 germanam
2454 3276 2749 3347 possidens
2788 3275 3002 3340 Enoch,
3051 3282 3105 3330 et
3140 3282 3288 3329 recte
3315 3274 3483 3329 semi-

1919 3373 2088 3434 navit,
2113 3381 2163 3425 et
2190 3371 2386 3424 melius
2421 3369 2669 3432 messuit,
2698 3375 2752 3423 et
2780 3368 2950 3421 divini
2975 3367 3157 3420 cultus
3182 3364 3486 3419 mercedem

1917 3462 2216 3532 reportavit
2253 3460 2667 3514 translationem
2719 3459 2773 3513 in
2832 3457 3171 3528 paradisum,
3221 3464 3277 3510 et
3320 3456 3486 3510 vitam

1916 3553 2305 3617 immortalem,
2348 3552 2665 3620 claramque
2715 3567 2778 3604 ac
2835 3551 3106 3605 celebrem
3166 3566 3260 3619 per
3311 3564 3485 3603 aevum

1917 3659 2081 3698 omne
2116 3643 2357 3698 nominis
2386 3644 2710 3697 memoriam
2742 3638 2793 3696 1³.
2845 3640 2917 3696 De
2950 3640 3156 3694 Noachi
3207 3650 3387 3693 autem
3431 3639 3485 3692 in

1920 3734 2087 3790 Deum
2135 3734 2404 3788 charitate
2443 3734 2568 3803 quis
2612 3748 2712 3803 pro
2767 3734 2964 3787 merito
2999 3732 3274 3799 loquatur,
3324 3745 3486 3799 quam

1916 3840 2091 3893 neque
2158 3824 2471 3893 iniquorum
2563 3837 2626 3877 ac
2717 3822 3111 3892 ﬂagitiosorum
3194 3820 3488 3873 multitudo

1915 3914 2250 3976 retardavit,
2305 3915 2397 3969 sed
2467 3914 2723 3968 omnibus
2791 3913 3238 3976 declinantibus,
3312 3920 3365 3965 et
3432 3913 3484 3965 in

1916 4008 2249 4063 contrariam
2344 4014 2551 4077 partem
2642 4006 3051 4062 deﬂectentibus
3112 4006 3264 4060 solus
3343 4006 3484 4058 viam

1917 4109 2122 4155 rectam
2213 4100 2427 4161 tenuit,
2524 4100 2796 4152 universis
2882 4098 3087 4168 pariter
3167 4097 3483 4151 Creatorem

1916 4193 2290 4263 anteponens?
2374 4192 2737 4257 Quamobrem
2807 4200 2859 4244 et
2941 4190 3090 4246 solus
3164 4204 3290 4243 cum
3362 4188 3486 4242 ﬁliis

1916 4287 2160 4340 salvatus
2217 4294 2321 4348 est,
2377 4294 2432 4340 et
2498 4298 2683 4339 semen
2736 4283 2986 4338 relictum
3028 4293 3112 4338 est
3163 4290 3400 4346 naturae,
3433 4293 3487 4336 et

1915 4377 2151 4430 scintilla
2182 4386 2395 4432 servata
2426 4378 2610 4446 generi
2645 4377 2686 4429 ί.
2714 4374 2804 4429 Sic
2833 4374 3229 4429 Melchisedech
3258 4389 3486 4444 magnus

1919 4466 2197 4537 pontifex,
2258 4468 2400 4522 idola
2458 4468 2756 4521 colentium
2810 4467 3104 4520 amentiam
3164 4465 3483 4526 detestans,

242 4559 459 4629 έθηκεν.
516 4556 592 4615 υῦ
640 4563 819 4631 χάριν,
852 4565 943 4617 τὸν
976 4542 1147 4635 μέγαν
1171 4570 1375 4622 ἐκεῖνον
1401 4542 1591 4639 μισθὸν
1621 4542 1810 4642 έκομί-
1847 4542 1887 4595 D

1919 4559 2295 4613 universorum
2353 4557 2603 4613 Creatori
2662 4559 3032 4613 sacerdotium
3093 4572 3252 4613 suum
3331 4558 3487 4611 dedi.

245 4666 395 4713 σατο,
421 4650 591 4715 τύπος
624 4656 909 4723 γενόμενος
945 4657 1039 4709 καὶ
1074 4658 1201 4711 σκιά
1245 4658 1339 4712 τοῦ
1380 4660 1521 4713 κατὰ
1555 4662 1813 4731 ἀλήθειαν

242 4741 531 4810 άπάτορος,
568 4744 661 4795 καὶ
697 4745 991 4815 ἀμήτορος,
1036 4749 1126 4799 καὶ
1160 4749 1612 4821 ἀγενεαλογήτου,
1674 4755 1811 4823 μήτε

242 4833 417 4903 ἀρχὴν
444 4837 476 4902 ή
486 4835 689 4905 μερῶν,
729 4839 866 4906 μήτε
892 4838 1037 4906 ζωῆς
1063 4840 1209 4904 τέλος
1235 4840 1469 4911 ἔχοντος.
1517 4845 1673 4898 Ἀλλά
1703 4847 1811 4916 γὰρ

243 4924 348 4992 ὀδῷ
379 4924 608 4992 βαδίζων
638 4929 667 4979 ό
698 4928 875 4995 λόγος.
908 4929 1043 4999 πρὸς
1070 4932 1231 4985 αὑτὸν
1262 4932 1506 5001 ἀφίκετο,
1537 4937 1626 4989 τὸν
1672 4955 1807 5006 χρη-

249 5013 550 5081 ματίσαντα
578 5016 670 5069 τοῦ
696 5017 831 5070 Θεοῦ
871 5019 1041 5085 φίλον,
1082 5021 1174 5073 τὸν
1224 5023 1467 5093 ἀκριϐῶς
1492 5027 1588 5095 τῆς
1637 5029 1811 5096 φιλίας

243 5104 369 5166 τοὺς
401 5104 597 5169 νόμους
625 5108 717 5161 καὶ
763 5108 1073 5176 φυλάξαντα
1116 5113 1210 5165 κοιλ⁵
1254 5114 1558 5179 διδάξαντα.
1587 5120 1683 5182 Τίς
1704 5122 1811 5190 γὰρ

244 5196 427 5260 αγνοεῐ
454 5212 560 5248 των
586 5195 729 5250 οὕτω
762 5214 879 5261 πως
911 5200 980 5252 τὰ
1009 5200 1127 5254 θεῖα
1165 5206 1628 5277 πεπαιδευμένων,
1666 5212 1811 5274 ὅπως

247 5285 555 5353 ὑπήκουσεν
601 5286 847 5360 Ἀϐραάμ
876 5290 904 5341 ὁ
946 5291 1119 5360 μέγας
1150 5296 1492 5366 πατριάρχης
1520 5299 1807 5354 καλέσαντι

246 5377 323 5447 τῷ
346 5378 484 5447 Θεῷ,
542 5381 688 5443 ὅπως
721 5383 821 5454 τήν
853 5386 1111 5456 πατρῴαν
1156 5389 1439 5443 κατέλιπεν
1490 5392 1689 5452 οἰκίαν,
1718 5394 1812 5445 και)⁸

251 5470 343 5540 τῆς
369 5472 623 5543 πατρίδος
654 5474 752 5544 τὴν
776 5475 931 5544 ξένην
961 5478 1272 5545 προείλετος
1307 5483 1597 5555 ἐπειδήπερ
1668 5485 1813 5549 ἅπαξ

316 5681 340 5740 ς
378 5670 393 5723 l
426 5669 564 5726 Tim.
600 5688 639 5733 I.
675 5673 759 5729 l7.
821 5736 829 5740 Α
867 5673 892 5713 ά
931 5673 1088 5731 ICor.
1128 5694 1166 5740 ι,
1206 5678 1296 5733 ει.
1376 5690 1397 5718 ε
1429 5681 1557 5736 ibid.
1588 5684 1677 5738 30.

252 5741 275 5778 ⁸⁸
305 5738 440 5796 Gen.
477 5757 530 5803 v,
560 5743 649 5806 23,
681 5741 782 5806 ’24;
815 5736 983 5799 Eccli.
1013 5736 1163 5810 κων,
1186 5749 1250 5803 i6
1275 5766 1289 5813 ;
1316 5750 1481 5805 Hebr.
1509 5736 1672 5815 χιξδ.

249 5824 341 5878 vn,
372 5812 427 5867 3.
504 5812 525 5849 ¹ι
567 5812 702 5870 Gen.
753 5830 843 5877 xtl,
874 5823 927 5867 et
982 5834 1081 5878 xv;
1128 5816 1289 5872 liehr.
1326 5835 1376 5871 xI
1404 5837 1417 5878 ;
1450 5819 1621 5877 Galat.
1656 5840 1668 5878 I

564 5906 823 5967 Parant
882 5908 995 5969 Gn.
1050 5910 1147 5969 LX
1162 5911 1349 5972 XXII.

1761 5684 1778 5722 '
1813 5684 1949 5757 (jen.
1978 5702 2057 5744 Ill.
2090 5689 2107 5741 l
2146 5702 2298 5757 seqq.

1757 5766 1770 5793 ι
1809 5753 1945 5811 Gen.
1986 5773 2054 5816 vr,
2094 5774 2185 5815 ιιι.
2222 5753 2358 5820 'vin,
2397 5775 2443 5812 ix
2478 5767 2606 5815 (δικ.

504 5812 525 5849 ι
567 5812 702 5870 Gen.
753 5830 843 5877 xtl,
874 5823 927 5867 et
982 5834 1081 5881 xv;
1128 5816 1289 5872 liehr.
1326 5835 1376 5871 xi
1404 5837 1417 5885 ;
1450 5812 1621 5877 Galat.
1656 5840 1746 5889 In;
1780 5825 1897 5879 Act.
1936 5825 1985 5879 7.

1910 4650 2073 4710 cavit,
2108 4649 2267 4718 cujus
2320 4650 2491 4719 gratia
2526 4665 2778 4719 magnum
2812 4650 2941 4703 illud
2975 4650 3257 4719 praemium
3299 4662 3486 4717 repor-

1912 4766 2067 4824 tavit,
2129 4770 2187 4815 ut
2237 4764 2407 4831 ﬁgura
2444 4778 2497 4817 et
2528 4766 2719 4818 ninhra
2760 4766 2880 4832 ejus
2911 4764 3082 4828 lict-et,
3116 4767 3207 4835 qui
3249 4784 3371 4822 vero
3402 4780 3486 4822 est

1917 4857 2036 4910 sine
2074 4854 2281 4925 1313
2314 4865 2484 4925 patre.
2524 4870 2585 4907 ac
2616 4858 2736 4911 sine
2768 4867 2961 4919 matre,
2995 4866 3048 4911 et
3081 4859 3202 4913 sine
3232 4862 3486 4929 genealoo

1913 4950 2021 5015 gia,
2055 4961 2227 5013 neque
2259 4947 2475 4999 initium
2520 4946 2733 5000 dierum
2758 4986 2772 5008 ,
2810 4963 2983 5016 neque
3022 4952 3146 5002 vita:
3184 4950 3345 5005 liuent
3388 4951 3485 5005 ha-

1919 5037 2053 5091 bens
2088 5035 2129 5087 i.
2165 5037 2232 5089 At
2262 5038 2407 5090 enim
2440 5036 2632 5091 ordine
2661 5037 2964 5105 meedens
2998 5039 3174 5093 oratio
3225 5041 3291 5094 ad
3333 5042 3482 5095 illum

1920 5129 2185 5197 pervenit,
2233 5127 2324 5195 qui
2362 5127 2454 5181 Dei
2504 5128 2717 5183 amicus
2748 5142 3101 5200 nuncupatus
3130 5140 3246 5193 est.
3277 5132 3368 5202 qui
3410 5133 3485 5187 lc-

1917 5235 2011 5286 ges
2062 5218 2318 5272 amicitiae
2371 5225 2630 5271 accurate
2688 5219 2924 5273 servavit
2975 5229 3028 5273 et
3087 5222 3294 5277 docuit.
3347 5223 3484 5289 Quis

1915 5311 2060 5363 enim
2107 5310 2454 5377 eorum,qui
2503 5308 2557 5361 in
2609 5308 2812 5363 divinis
2861 5312 3247 5380 quoquommlo
3284 5314 3481 5367 versati

1913 5410 2063 5463 sunt.
2096 5400 2331 5470 ignorat,
2359 5400 2634 5468 quomodo
2662 5401 2875 5453 vocanti
2903 5402 3011 5454 l)eu
3034 5404 3278 5471 paruerit
3309 5405 3485 5457 Abra—

1906 5493 2028 5544 ham
2064 5493 2111 5556 Ιί,
2142 5506 2366 5560 magnus
2397 5491 2484 5543 ille
2533 5491 2876 5559 patriarcha?
2921 5492 3196 5561 quomodo
3260 5493 3479 5550 domum

2417 5690 2441 5726 ε
2471 5685 2606 5743 Gen.
2654 5704 2726 5763 tv,
2762 5690 3001 5763 ξεινιᾳά
3048 5687 3213 5763 Hebr.
3256 5693 3410 5763 xt,£.

2707 5761 2718 5807 i
2760 5761 3201 5819 ticn.xtv,18-?.l
3242 5781 3255 5825 ς
3319 5762 3478 5817 llrbr.

3099 5924 3171 5985 48
