4216 6456
737 376 870 440 25ἱ5

1720 368 2204 433 THEODORETI
2237 366 2576 429 EPISCOPI
2618 370 2982 433 CYRENSIS

3851 374 3991 442 1516

734 505 1017 563 paternam
1050 489 1356 559 reliquerit,
1388 498 1442 543 et
1475 488 1665 558 patria:
1695 503 1808 543 suae
1847 486 2083 542 alienam
2123 486 2304 555 τεςίου

2402 484 2617 557 ἠράσθη
2644 487 2737 541 τού
2773 487 3123 558 κεκληκότος,
3150 487 3245 541 καὶ
3273 486 3341 541 τὰ
3369 487 3506 543 ἄλλα
3545 487 3720 542 πάντα
3751 489 3990 562 δεύτερα

734 601 857 639 nem
908 581 1240 654 praetulerit?
1269 578 1727 649 Quandoquidem
1757 580 1925 634 semel
1963 592 2151 631 amore
2180 577 2302 642 eius

733 684 947 744 captus,
973 673 1063 742 qui
1098 674 1273 741 ipsum
1309 678 1623 733 vocaverat,
1653 680 1704 725 et
1734 670 1840 723 alia
1871 670 2123 723 universa
2157 667 2304 720 illius

735 768 907 820 amori
943 763 1319 835 postponcnda
1364 764 1601 825 censuit,
1642 771 1697 817 et
1742 760 1932 816 multis
1965 758 2306 814 dimcultati-

736 858 838 911 bus
872 856 1171 917 involutus,
1218 855 1478 910 dilectum
1524 868 1683 909 suum
1729 868 1838 908 non
1887 852 2143 922 reliquit,
2179 861 2303 905 tan-

734 963 898 1017 quam
930 947 1024 1017 qui
1072 947 1531 1016 promissionibus
1576 945 1694 1001 suis
1754 944 1916 999 linem
1972 959 2081 998 non
2129 944 2305 1013 impo-

690 1022 693 1023 ν
734 1041 936 1095 suisset
974 1037 1020 1093 1.
1075 1039 1218 1104 Quin
1266 1039 1427 1093 etiam
1473 1037 1564 1093 siti
1607 1053 1852 1107 pressus,
1900 1044 1954 1090 et
1997 1050 2193 1104 aquam
2240 1052 2306 1089 ex

734 1133 933 1202 puteis,
970 1146 1110 1200 quos
1139 1128 1373 1195 foderat,
1418 1128 1603 1182 bibere
1646 1128 1959 1197 prohibitus
1981 1167 1996 1191 ,
2030 1142 2133 1181 nec
2167 1127 2241 1181 illi
2275 1140 2306 1178 a

736 1238 845 1288 quo
890 1234 1115 1277 vocatus
1154 1230 1272 1275 erat
1307 1220 1621 1288 indignatus
1661 1226 1767 1281 est,
1817 1233 1917 1273 nec
1963 1233 2155 1273 eorum
2210 1218 2303 1286 qui

737 1314 985 1375 laeserant
1034 1313 1268 1381 injurias
1312 1320 1396 1365 est
1448 1313 1616 1365 ultus.
1671 1310 1856 1366 Famis
1912 1326 2130 1380 quoque
2193 1311 2303 1363 vim

733 1421 929 1474 passus
958 1414 1062 1467 est,
1092 1413 1145 1457 et
1173 1404 1459 1457 charitatis
1482 1402 1752 1455 ﬂatnmant
1780 1402 2003 1455 minime
2028 1400 2301 1455 restinxit.

733 1499 925 1553 Ablata
950 1498 1113 1550 etiam
1147 1497 1195 1549 ei
1233 1495 1333 1548 fuit
1362 1494 1564 1563 conqu
1601 1504 1660 1557 ω,
1705 1501 1757 1545 et
1794 1492 1971 1545 forma
2014 1500 2302 1560 praestans,

734 1597 787 1643 et
818 1588 1153 1642 continentia
1181 1586 1431 1655 insignis,
1457 1598 1690 1653 quaeque
1714 1584 1770 1637 in
1797 1583 2056 1637 omnibus
2084 1597 2304 1636 suavem

736 1682 812 1734 illi
839 1689 893 1735 et
920 1676 1127 1750 gratam
1154 1680 1319 1731 vitam
1340 1676 1606 1732 reddebat
1633 1696 1645 1730 :
1672 1691 1773 1730 nec
1799 1687 1979 1730 tamen
2003 1674 2092 1728 Dei
2125 1689 2309 1727 amore

736 1788 839 1826 una
872 1786 994 1827 cum
1026 1770 1263 1839 conjuge
1289 1770 1556 1838 spoliatus
1577 1777 1679 1822 cst.
1717 1769 1820 1822 Sed
1852 1766 2151 1820 auxiliante
2175 1767 2304 1829 Deo,

732 1871 786 1915 et
819 1862 1075 1915 diuturna
1112 1860 1262 1913 illum
1294 1859 1554 1928 patientia
1589 1867 1898 1919 exercente,
1946 1858 2302 1926 injuriarum-

733 1966 839 2023 que
873 1951 1134 2008 incursus
1171 1951 1375 2021 perpeti
1420 1941 1956 2019 permittente,'idem
1995 1941 2212 2019 semper
2249 1951 2302 2006 in

733 2058 921 2097 amore
955 2042 1194 2111 perstitit
1216 2051 1272 2119 ιι.
1305 2040 1616 2109 Factusqtte
1652 2049 1771 2095 erat
1814 2055 1979 2094 senex
2001 2079 2014 2103 ,
2056 2051 2108 2093 et
2150 2049 2304 2109 pater

735 2152 842 2190 non
880 2143 1002 2190 erat
1036 2134 1243 2198 factus,
1282 2142 1336 2188 et
1374 2148 1507 2202 erga
1545 2133 1719 2208 illum,
1752 2132 1846 2201 qui
1882 2142 2091 2201 patrem
2124 2134 2301 2204 ipsum

734 2243 792 2282 se
828 2224 1098 2281 facturum
1127 2226 1452 2295 promiserat
1483 2222 1855 2292 quidem,sed
1885 2224 2128 2279 nondum
2162 2226 2306 2280 fccc-

734 2327 839 2381 rat,
879 2317 1092 2389 131A
1123 2317 1375 2373 eumdem
1406 2318 1648 2371 animum
1685 2317 1978 2373 retinebat.
2006 2316 2304 2387 Postquam

725 2417 915 2463 autent
958 2424 1084 2464 sero
1114 2408 1334 2463 tandem
1364 2408 1711 2476 rpromissum
1751 2406 2012 2473 obtinuit,
2047 2418 2097 2462 et
2128 2408 2307 2463 Sarrae

732 2510 986 2558 naturam
1017 2501 1239 2566 devicit,
1272 2510 1327 2555 et
1361 2502 1660 2555 senectutis
1699 2500 1964 2565 terminos
2000 2512 2306 2571 transgres-

736 2610 833 2649 sus
869 2601 977 2656 est,
1017 2602 1280 2663 paterque
1322 2591 1492 2649 lsaaci
1550 2592 1796 2656 exstitit,
1844 2607 2011 2662 parvo
2064 2600 2309 2662 tempore

740 2688 845 2743 hoc
876 2686 1073 2757 gaudio
1104 2696 1381 2742 recreatus
1411 2694 1517 2751 est,
1542 2700 1667 2740 cum
1717 2700 1947 2754 puerum
1984 2686 2096 2754 jam
2133 2686 2310 2741 adole-

736 2779 1072 2843 scentem,ei
1105 2780 1195 2849 qui
1231 2779 1479 2840 dederat,
1502 2779 1557 2831 in
1587 2778 1919 2834 sacriﬁcium
1954 2777 2153 2832 oﬂ‘crre
2184 2778 2306 2846 jus-

736 2886 837 2926 sns
871 2880 977 2933 est,
1016 2880 1071 2925 et
1101 2871 1305 2925 donum
1343 2886 1444 2924 suo
1470 2870 1697 2924 reddere
1731 2869 1980 2940 largitori
2008 2877 2059 2931 ⁸,
2097 2870 2309 2923 sacriﬁ-

719 2972 1014 3031 scatorque.
1030 2961 1148 3031 ejus
1180 2962 1294 3016 ﬁeri
1318 3002 1331 3024 ,
1363 2962 1454 3031 qui
1486 2970 1604 3015 erat
1648 2961 1862 3015 fructus
1901 2961 2307 3030 promissionis,

723 3060 788 3107 et
813 3053 865 3105 in
898 3052 1175 3106 victimam
1201 3050 1397 3105 oﬂerre
1426 3065 1682 3121 magnum
1717 3049 1920 3104 fontem
1954 3053 2221 3122 gentium,
2255 3059 2309 3106 et

2335 1824 2383 1883 Β

2405 577 2504 646 τῆς
2531 578 2739 631 ἐκείνου
2797 578 2980 647 φιλίας
3037 578 3326 648 ἐδοκίμασε
3378 578 3583 643 θέσθαι,
3630 580 3724 633 καὶ
3762 581 3991 646 πολλαῖς

2406 670 2665 733 πολλάκις
2721 671 3030 733 δυσκολίαις
3078 670 3426 742 περιπεσὼν,
3471 671 3532 723 οὑ
3585 673 3846 726 κατέλιπε
3897 674 3993 725 τὸν

2406 758 2705 830 ἐρώμενον,
2728 759 2803 822 ὼς
2846 762 2966 822 ταῖς
3012 760 3366 828 ἐπαγγελίαις
3391 761 3492 813 οὐκ
3529 760 3783 814 ἐπιθέντα
3808 762 3870 814 τὸ
3896 762 3989 816 πέ-

2409 867 2544 921 ρας·
2578 851 2717 906 ὰλλά
2768 851 2862 905 καὶ
2905 852 3047 921 δίψει
3094 851 3452 921 πιεζόμενος,
3482 850 3576 904 κα)⁸
3641 856 3791 904 πιεῖν
3841 852 3991 923 ὕδωρ

2406 941 2501 1008 ἀφ’
2525 934 2600 993 ὧν
2638 941 2815 1012 ὤρυξε
2869 943 3120 1011 φρεάτων
3162 940 3500 1011 εἰργόμενος,
3548 940 3669 995 οὔτε
3723 943 3869 994 κατὰ
3892 942 3991 995 τοῦ

2409 1031 2736 1095 καλέσαντος
2773 1035 3147 1103 ἐδυσχέρανεν,
3176 1033 3301 1087 οὔτε
3331 1035 3458 1096 τοὺς
3489 1033 3811 1096 ἀδικοῦντας
3833 1034 3988 1103 ὴμύ-

2408 1140 2555 1178 νατο.
2587 1124 2834 1189 Ἐδέξατο
2859 1128 2951 1178 καὶ
2984 1125 3142 1194 λιμοῦ
3180 1124 3503 1195 προσϐολὴν,
3542 1126 3635 1176 καὶ
3663 1126 3761 1176 οὐκ
3790 1124 3988 1177 ἔσϐεσε

2406 1213 2497 1266 τὸν
2526 1215 2624 1285 τῆς
2658 1215 2877 1285 ἀγάπης
2903 1216 3109 1285 πυρσόν
3135 1231 3147 1244 ’
3181 1216 3430 1285 ἀφῃρέθη
3465 1217 3561 1269 καὶ
3590 1216 3686 1285 τὴν
3718 1216 3987 1283 ὁμόζυγα,

2408 1309 2505 1359 καὶ
2527 1305 2645 1376 ὥρᾳ
2667 1305 3012 1375 λάμπουσαν,
3040 1307 3133 1362 καὶ
3160 1309 3483 1377 σωφροσύνῃ
3529 1309 3990 1377 κεκοσμημένην,

2407 1401 2503 1450 καὶ
2525 1398 2611 1451 διὰ
2633 1399 2846 1451 πάντων
2885 1398 3033 1467 αὐτῷ
3072 1400 3295 1471 θυμήρη
3329 1401 3419 1452 τὸν
3453 1400 3567 1469 βίον
3605 1403 3988 1470 παρέχουσαν·

2410 1491 2503 1541 καὶ
2528 1490 2587 1541 οὐ
2635 1490 2982 1563 συναφῃρέθη
3034 1493 3132 1561 τὴν
3178 1493 3307 1561 περὶ
3345 1492 3437 1545 τὸν
3482 1493 3614 1545 Θεὸν
3667 1495 3889 1562 ἀγάπην
3924 1496 3989 1561 τῇ

2410 1582 2646 1648 γυναικί.
2692 1583 2853 1635 Ἀλλὰ
2901 1584 2991 1635 καὶ
3035 1584 3405 1652 ἐπαμύνοντος
3445 1584 3536 1637 τού
3571 1583 3728 1649 Θεοῦ,
3770 1585 3864 1635 καὶ
3893 1584 3994 1653 τὴν

2413 1673 2793 1743 μακροθυμίαν
2820 1674 3210 1745 γυμνάζοντος,
3240 1677 3334 1727 καὶ
3381 1676 3793 1745 συγχωροῦντος
3834 1674 3993 1742 δέχε-

2412 1766 2535 1818 σθαι
2566 1770 2665 1836 τῆς
2722 1767 2933 1830 ἀδικίας
2956 1769 3053 1830 τὰς
3090 1768 3413 1837 προσϐολὰς,
3466 1770 3665 1836 ὀμοῖως
3720 1767 3995 1835 διέμεινεν

2412 1859 2663 1928 ἀγαπῶν.
2683 1860 2791 1912 Καὶ
2811 1859 3119 1929 πρεσϐύτης
3150 1860 3385 1926 ἐγένετο,
3420 1860 3515 1912 καὶ
3537 1859 3721 1929 πατὴρ
3735 1860 3833 1911 οὐκ
3868 1860 3994 1925 ἐγέ-

2413 1969 2552 2015 νετο,
2577 1952 2669 2004 καὶ
2696 1951 2822 2021 περὶ
2849 1950 3007 2003 αὐτὸν
3024 1952 3232 2022 πατέρα
3258 1952 3502 2019 ποιήσειν
3529 1951 3995 2020 ἐπαγγειλάμενον

2417 2038 2535 2107 μὲν,
2557 2038 2616 2090 ού
2649 2041 2986 2108 πεποιηκότα
3018 2040 3074 2091 δὲ
3097 2040 3252 2102 τέως.
3273 2041 3474 2109 ὁμοίως
3491 2041 3742 2094 διέκειτο.
3763 2040 3989 2109 Ἐπειδὴ

2412 2130 2469 2182 δὲ
2487 2130 2583 2198 ὀψέ
2605 2148 2756 2195 ποτε,
2788 2131 2882 2183 καὶ
2904 2130 3035 2202 τὴνδέ
3045 2132 3346 2199 παγγελίαν
3368 2132 3547 2197 ἔλαϐε,
3565 2133 3657 2185 καὶ
3667 2134 3990 2203 τῆςΣάρρας

2414 2220 2513 2290 τὴν
2555 2221 2717 2288 φύσιν
2776 2222 3016 2290 ἐνίκησε,
3048 2223 3138 2276 καὶ
3180 2222 3274 2276 τοῦ
3320 2226 3521 2294 γήρους
3582 2224 3822 2294 ὑπερέϐη
3870 2225 3995 2284 τοὺς

2413 2312 2591 2382 ὄρους,
2625 2314 2716 2367 καὶ
2762 2313 2857 2367 τοῦ
2884 2314 3067 2367 Ἰσαὰκ
3091 2315 3376 2386 ἀπεφάνθη
3428 2318 3629 2386 πατὴρ,
3666 2316 3846 2383 ὀλίγον
3895 2315 3993 2384 μὲν

2413 2406 2603 2477 χρόνον
2618 2411 2716 2478 τῆς
2737 2406 2983 2462 ἐντεῦθεν
2995 2409 3256 2479 θυμηδίας
3301 2410 3580 2479 ἁπήλαυσε
3598 2426 3609 2437 ·
3634 2410 3915 2478 μειράκιον
3939 2409 3995 2460 δὲ

2414 2495 2475 2549 τὸ
2494 2497 2702 2551 παιδίον
2719 2485 3025 2571 γενόμενον,
3047 2504 3432 2571 προσενεγκεῖν
3445 2504 3521 2559 εἰς
3536 2500 3724 2554 θυσίαν
3735 2518 3775 2552 π
3783 2500 3994 2571 ροσετά-

2417 2588 2518 2660 χθη
2544 2590 2621 2660 τῷ
2649 2590 2925 2654 δεδωκότι,
2957 2595 3049 2647 καὶ
3069 2594 3128 2649 τὸ
3149 2593 3319 2664 δῶρον
3340 2595 3435 2647 ἀντ
3445 2593 3730 2662 ιδοῦναιτῷ
3749 2612 3886 2664 χνρη
3896 2593 3995 2662 τῷ,

2419 2684 2515 2737 καὶ
2551 2684 2728 2754 ἱερεὺς
2748 2684 3000 2753 γενέσθαι
3025 2686 3118 2739 τοῦ
3142 2687 3241 2755 τῆς
3284 2687 3614 2755 ἐπαγγελίας
3640 2686 3879 2756 καρποῦ,
3902 2685 3997 2739 καὶ

2417 2779 2791 2843 προσαγαγεῖν
2847 2779 2928 2841 είς
2971 2779 3163 2833 θυσίαν
3208 2780 3315 2833 τῶν
3370 2778 3538 2833 ἐθνῶν
3594 2779 3690 2849 τὴν
3746 2781 3994 2847 μεγάλην

2419 2866 2621 2936 πηγὴν,
2653 2868 2742 2920 καὶ
2779 2871 2970 2937 αἵματι
3019 2871 3340 2939 μονογενοῦς
3369 2871 3558 2933 παιδὸς
3610 2872 3999 2938 καταφοινίξαι

2417 2956 2514 3020 τάς
2540 2959 2745 3027 χεῖρας.
2801 2960 2938 3012 Ἀλλ’
2967 2962 3117 3029 ὅμως
3151 2961 3321 3014 ταῦτα
3368 2962 3567 3025 πάντα,
3603 2965 3697 3015 καὶ
3730 2962 3812 3013 ἔτι
3869 2963 3995 3015 τού-

2418 3065 2525 3100 των
2550 3047 2727 3119 πολλῴ
2762 3050 3005 3114 πλείονα,
3034 3054 3132 3121 τῆς
3167 3053 3357 3115 θυσίας
3413 3054 3665 3123 ἐχούσης.
3720 3054 3821 3105 οὐκ
3867 3056 3998 3107 ἀντ-

737 3144 1008 3213 sanguine
1052 3143 1323 3212 ttnigeniti
1360 3142 1454 3195 ﬁlii
1500 3158 1694 3197 manus
1733 3151 2045 3196 cruentare.
2078 3142 2307 3197 Verum-

2418 3137 2619 3192 ἐτεινεν
2638 3140 2665 3191 ὁ
2694 3142 3055 3213 πατριάρχης,
3076 3143 3192 3196 οὐδὲ
3213 3142 3277 3195 τά
3296 3145 3394 3211 τῆς
3416 3145 3628 3211 φύσεως
3658 3144 3999 3213 προύϐάλετο

738 3247 916 3290 tamen
944 3251 1071 3290 cum
1100 3236 1213 3288 haec
1241 3247 1463 3297 cuncta,
1493 3246 1659 3303 atque
1688 3235 1774 3289 his
1808 3236 1979 3288 multo
2007 3236 2184 3303 plura,
2218 3251 2307 3291 sa-

736 3327 949 3381 crilicio
1004 3329 1286 3389 inessent,
1334 3342 1679 3395 nequaquam
1727 3328 1930 3381 restitit
1973 3328 2308 3395 patriarcha,

739 3435 917 3485 neque
944 3419 1068 3487 jura
1104 3427 1315 3473 naturae
1352 3419 1575 3486 ohjccit,
1610 3432 1787 3485 neque
1823 3416 2218 3485 promissiones
2254 3417 2309 3470 in

740 3510 977 3565 medium
1013 3510 1220 3573 attulit,
1259 3525 1436 3577 neque
1465 3509 1674 3562 alendm
1706 3508 2008 3562 senectutis
2040 3515 2095 3560 et
2127 3507 2313 3574 sepul-

740 3612 875 3657 turae
908 3604 1237 3656 mentionem
1273 3601 1419 3657 fecit.
1460 3600 1680 3664 Verum,
1716 3601 1953 3655 humana
1988 3602 2134 3653 omni
2160 3600 2313 3670 cogi-

742 3695 947 3749 tatione
976 3694 1215 3761 abiecta,
1240 3702 1293 3747 et
1317 3691 1596 3747 desiderio
1625 3692 1962 3747 desiderium
2003 3708 2310 3761 opponens,

740 3796 795 3841 et
828 3787 930 3854 legi
962 3787 1160 3854 legem,
1182 3785 1423 3837 divinam
1451 3785 1660 3838 scilicet
1687 3784 1946 3846 naturali,
1977 3784 2226 3838 cucurrit
2247 3783 2314 3837 ad

740 3870 1073 3931 sacrificium
1109 3885 1155 3936 P,
1186 3874 1330 3926 haud
1363 3874 1525 3927 dubie
1577 3874 1787 3943 plagam
1823 3872 2129 3928 inﬂicturus
2156 3913 2169 3935 ,
2204 3872 2310 3927 nisi

742 3966 992 4020 celeriter
1024 3964 1317 4017 munilicus
1358 3963 1625 4015 donorum
1656 3962 1906 4032 Largitor
1926 3973 1974 4027 (ι,
2008 3973 2317 4032 promptum

741 4058 863 4126 ejus
887 4058 1124 4111 animum
1152 4056 1484 4126 approbatis,
1511 4054 1711 4110 caedem
1737 4055 2086 4110 inhibuisset.
2116 4054 2317 4111 Verum

746 4146 932 4200 nescio
956 4160 1025 4198 an
1050 4145 1254 4200 amoris
1283 4144 1447 4212 hujus
1473 4144 1836 4214 magnitudini
1858 4145 2182 4199 enarrandae
2211 4148 2319 4199 ulla

744 4237 995 4291 sufﬁcere
1036 4244 1201 4306 queat
1249 4237 1432 4291 oratio
1468 4246 1511 4291 τ.
1541 4235 1644 4302 Qui
1675 4238 1821 4289 enim
1854 4251 1924 4290 ne
1960 4237 2072 4291 (ilio
2099 4237 2320 4307 quidem

746 4330 1025 4397 unigenito
1048 4329 1312 4399 pepercit,
1334 4339 1628 4398 postquam
1660 4327 1712 4380 id
1739 4326 1975 4382 dilectus
2004 4328 2318 4399 imperarit,

744 4419 877 4489 quid
904 4428 1126 4487 propter
1162 4418 1312 4472 illum
1342 4433 1449 4472 non
1486 4418 1825 4487 sprevisset?
1860 4416 1966 4473 Sed
1998 4427 2051 4473 et
2091 4435 2321 4489 magnus

2415 3232 2620 3297 δίκαια,
2650 3235 2771 3287 οὐδὲ
2800 3236 2895 3299 τὰς
2956 3239 3275 3306 ὑποσχέσεις
3312 3242 3389 3301 είς
3424 3239 3584 3307 μέσον
3648 3241 3997 3308 πιρήγαξευ,

2413 3324 2536 3377 οὐδὲ
2567 3328 2929 3397 γηρωκομίας
2959 3331 3050 3381 καὶ
3074 3331 3248 3398 ταφῆς
3270 3331 3585 3400 ἀνεμνήσθη
3606 3348 3617 3361 ·
3643 3330 3777 3384 ἀλλὰ
3820 3332 4000 3384 πάντα

2412 3416 2676 3488 λογισμὸν
2714 3420 3057 3490 ἀνθρώπινον
3089 3424 3271 3491 ῥίψας,
3316 3425 3411 3478 καὶ⁵
3439 3424 3588 3495 πόθῳ
3645 3426 3810 3479 πόθον
3852 3429 4001 3479 ἀντι-

2412 3508 2598 3573 τάξας,
2631 3512 2723 3563 καὶ
2762 3512 2910 3583 νόμῳ
2933 3515 3096 3581 νόμον
3142 3517 3491 3586 ἀντιστήσας,
3521 3516 3599 3585 τῷ
3633 3517 3731 3583 τῆς
3769 3516 3993 3584 φύσεως

2415 3600 2475 3653 τὸ
2527 3599 2687 3663 θεῖον,
2711 3602 2941 3673 ἔδραμεν
2973 3605 3051 3668 εἰς
3085 3607 3183 3673 τὴν
3216 3607 3548 3678 ἱερουργίαν,
3602 3608 4000 3670 ἀνενδοιάστως

2417 3692 2729 3762 ἐπενεγκεῖν
2753 3696 2851 3766 τὴν
2874 3696 3106 3765 πληγὴν,
3133 3700 3181 3749 εἰ
3205 3699 3280 3769 μὴ
3310 3701 3520 3769 ταχέως
3537 3703 3563 3754 ὁ
3579 3701 3999 3771 Μεγαλόδωρος,

2416 3783 2515 3851 τὴν
2570 3784 2875 3855 προθυμίαν
2931 3787 3256 3857 δεξάμενος,
3312 3788 3553 3842 ἐκώλυσε
3594 3791 3691 3860 τὴν
3751 3794 3995 3859 σφαγήν.

2430 3874 2593 3927 Ἀλλά
2635 3874 2742 3946 γὰρ
2787 3877 2888 3929 οὐκ
2928 3873 3065 3941 οἶδα,
3100 3880 3259 3943 εἴτις
3301 3882 3369 3933 ἂν
3395 3881 3647 3950 ἀρκέσεις
3690 3882 3870 3950 λόγος,
3921 3886 4001 3947 είς

2419 3964 2516 4035 τὴν
2546 3965 2637 4019 τοῦ
2668 3969 2868 4035 ἔρωτος
2895 3962 3045 4022 τοῦδε
3074 3970 3346 4041 διήγησιν.
3386 3972 3442 4025 Ὀ
3474 3973 3583 4042 γὰρ
3637 3974 3773 4043 μηδέ
3836 3992 3997 4043 μονο-

2419 4059 2608 4125 γενοῦς
2640 4060 2967 4129 φεισάμενος
3008 4062 3217 4125 παιδὸς,
3252 4064 3437 4132 ἐπειδὴ
3469 4065 3626 4117 τοῦτο
3661 4066 3999 4135 προσέταξεν

2421 4152 2448 4203 ὁ
2476 4150 2768 4221 ἐρώμενος,
2805 4153 2949 4215 τίνος
2981 4153 3079 4205 οὐκ
3104 4153 3170 4207 ἂν
3198 4154 3287 4206 διὰ
3321 4155 3510 4208 τοῦτον
3542 4158 3998 4227 ὑπερεφρόνησε,

2423 4239 2515 4292 καὶ
2568 4239 2731 4304 αὐτὸς
2767 4239 2823 4291 δὲ
2852 4243 2879 4293 ὁ
2936 4241 3108 4311 μέγας
3151 4244 3354 4308 Ἰσαὰκ,
3393 4247 3492 4316 τὴν
3557 4248 3726 4317 αὐτὴν
3773 4250 4001 4320 ἀγάπην

2424 4332 2552 4401 περὶ
2584 4332 2673 4385 τὸν
2713 4334 2989 4405 Δεσπότην
3035 4336 3320 4406 ἐκτήσατο.
3374 4339 3530 4392 Καὶὸ
3553 4341 3745 4394 τούτου
3777 4342 3837 4395 δὲ
3861 4345 4000 4407 υἱὸς,

2437 4422 2626 4474 Ἰακὼϐ
2645 4423 2670 4473 ὁ
2687 4426 3049 4496 πατριάρχης.
3092 4428 3309 4497 ᾊδουσι
3329 4430 3384 4482 δὲ
3411 4431 3735 4501 ἀμφοτέρων
3768 4433 3832 4486 τὸ
3854 4435 4004 4501 φιλό-

744 4526 963 4581 qnoque
1004 4512 1154 4563 Isaac
1186 4516 1233 4571 ',
1268 4510 1516 4563 eamdem
1564 4510 1618 4562 in
1668 4508 1962 4564 Dominum
1989 4508 2307 4566 charitatetn

2386 4529 2399 4577 ι
2426 4512 2545 4565 θεον
2571 4515 2628 4567 αί
2661 4514 2803 4569 θεῖαι
2838 4516 3050 4585 Γραφαί
3078 4532 3091 4545 ·
3134 4518 3223 4569 καὶ
3260 4519 3421 4582 αὐτὸς
3451 4520 3507 4573 δὲ
3528 4523 3556 4573 δ
3577 4522 3683 4573 τῶν
3703 4523 3842 4575 ὅλων
3869 4523 4003 4586 Θεὸς

748 4603 961 4665 habuit,
995 4610 1159 4670 atque
1187 4602 1351 4668 hujus
1371 4604 1532 4655 etiam
1564 4601 1710 4656 ﬁlius
1736 4600 1907 4658 Jacob
1937 4603 2245 4672 patriarcha
2277 4608 2320 4658 ι.

748 4695 1047 4760 Utriusque
1078 4704 1261 4746 autem
1306 4693 1358 4745 in
1399 4692 1568 4746 Deum
1602 4706 1844 4747 amorem
1879 4693 2079 4749 divinae
2104 4695 2326 4751 Littera:

748 4788 1043 4855 praedicant
1072 4803 1083 4839 :
1113 4793 1165 4840 et
1196 4783 1406 4854 1315
1438 4787 1818 4839 universorum
1849 4785 1993 4841 Deus
2028 4788 2162 4857 ipse,
2195 4806 2327 4844 nus-

746 4892 907 4947 quam
949 4891 1132 4930 ramos
1165 4892 1192 4928 a
1236 4875 1419 4928 radice
1451 4884 1691 4944 separat,
1727 4878 1823 4930 sed
1856 4876 2020 4931 Deum
2056 4894 2115 4932 se
2148 4880 2325 4932 Abra-

745 4965 916 5027 hami,
951 4975 1003 5018 et
1044 4966 1237 5025 lsaaci,
1273 4963 1538 5019 ctJacobi
1565 4966 1804 5036 appellat
1838 4975 1887 5021 ιι.
1923 4965 2128 5021 Horum
2155 4970 2323 5022 etiam

746 5058 962 5109 fructus
995 5056 1115 5123 pius
1137 5062 1220 5109 est
1245 5051 1450 5123 Joseph
1480 5062 1528 5118 ⁷,
1564 5056 1653 5125 qui
1694 5057 1839 5109 inter
1865 5056 2098 5126 juvenes
2130 5073 2322 5123 senex,

746 5156 798 5199 ct
846 5147 988 5199 inter
1032 5162 1193 5201 senes
1234 5162 1535 5217 generosus
1580 5149 1835 5203 exstitit:
1873 5149 2034 5219 cujus
2078 5166 2322 5204 amorem

751 5238 802 5289 in
837 5236 1002 5290 Deum
1039 5252 1136 5291 nec
1184 5237 1386 5291 invidia
1420 5238 1617 5291 delevit
1651 5252 1697 5302 κ,
1725 5254 1826 5293 nec
1853 5242 2092 5297 servitus
2120 5243 2324 5296 restin-

751 5329 846 5391 xit,
879 5344 979 5383 nec
1012 5330 1245 5383 domina:
1288 5330 1569 5384 blanditiae
1590 5330 1982 5397 dissolverunt,
2015 5326 2133 5390 ’nec
2163 5336 2321 5391 minae

745 5428 1036 5489 metusque
1084 5419 1507 5487 labefactaruut,
1552 5436 1648 5475 nec
1689 5421 1983 5481 calumniae
2030 5434 2083 5479 et
2125 5441 2319 5482 carcer

821 5665 841 5705 ι
875 5666 1011 5722 Gcn.
1038 5682 1150 5723 χχι.
1185 5683 1330 5723 ιιι-ι.
1410 5678 1449 5705 ω
1473 5669 1610 5724 Gen.
1633 5686 1719 5726 xx.

742 5735 917 5794 Hebr.
956 5754 1031 5792 xt.
1134 5747 1161 5787 Ρ
1184 5737 1318 5791 Gcn.
1352 5755 1487 5803 nn,

742 5825 901 5865 ιλιι]
926 5819 981 5864 οι
1012 5824 1171 5864 IIXV.

1612 5740 1777 5796 ‘Uac.
1817 5762 1872 5797 tt.
1967 5754 1989 5783 τ
2019 5746 2155 5800 Gen.
2197 5764 2332 5802 xstt.

1286 5820 1312 5847 ι·
1347 5806 1481 5868 Gen.
1513 5826 1663 5876 nrt,
1702 5830 1891 5869 xxvnt.

1796 5683 1821 5711 ³
1849 5673 1988 5728 Gen.
2018 5690 2112 5740 xx,
2140 5677 2205 5729 ΓΙ
2237 5687 2290 5732 et
2325 5679 2408 5735 18.
2449 5679 2608 5735 Rom.
2642 5682 2672 5733 4
2704 5695 2718 5744 ;
2756 5680 2935 5737 Galat.
2956 5696 3012 5733 ιιι
3045 5678 3229 5742 ,Gen.
3268 5695 3331 5731 xv
3371 5688 3423 5732 et
3463 5695 3521 5735 ιι.

1966 5824 1989 5851 ν
2019 5816 2189 5871 Exod.
2223 5834 2280 5874 Ill
2323 5828 2375 5875 ct
2413 5838 2483 5875 tv.

2423 4604 2659 4674 οὐδαμοῦ
2708 4609 2806 4676 τῆς
2850 4607 3006 4677 ῥίζης
3041 4608 3357 4679 διαχωρίζει
3407 4613 3531 4675 τοὺς
3584 4613 3833 4675 κλάδους,
3866 4614 4004 4666 ἀλλὰ

2423 4696 2555 4748 Θεὸν
2584 4697 2774 4749 ἐαυτὸν
2812 4698 3087 4768 Ἀϐραὰμ,
3119 4701 3211 4752 καὶ
3243 4702 3445 4765 Ἰσαὰκ,
3489 4704 3582 4756 καὶ
3625 4702 3819 4756 Ἰακὼϐ
3880 4707 4001 4759 dvo-

2427 4789 2609 4859 μάζει.
2671 4789 2887 4841 Τούτων
2922 4791 3037 4844 ἐστὶ
3081 4793 3289 4861 καρπὸς
3320 4794 3550 4864 εὐσεϐὴς
3585 4795 3677 4848 καὶ
3710 4797 3936 4866 Ἰωσὴφ,
3974 4800 4002 4850 δ

2424 4882 2481 4933 ἐν
2513 4880 2652 4944 νέοις
2675 4881 3007 4953 πρεσϐύτης,
3044 4886 3141 4936 καὶ
3167 4884 3225 4935 ἐν
3254 4884 3585 4955 πρεσϐύταις
3624 4890 3874 4953 γενναῖος
3898 4904 3914 4918 ο
3942 4885 4002 4944 οὗ

2422 4973 2482 5025 τὸ
2504 4974 2745 5040 φιλόθεον
2779 4974 2903 5028 οὔτε
2928 4975 3115 5045 φθόνος
3142 4977 3441 5045 ἡνάλωσεν,
3469 4979 3591 5033 οὕτε
3616 4980 3831 5036 δουλεία
3868 5002 4003 5038 κατ-

2423 5063 2664 5128 έσϐεσεν,
2692 5065 2754 5118 ού
2787 5066 3072 5137 δεσποίνης
3101 5068 3333 5139 ἐσύλησε
3380 5071 3658 5137 κολακεία,
3682 5076 3783 5127 οὐκ
3801 5074 4003 5147 ἀπειλὴ

2424 5157 2517 5209 καὶ
2548 5157 2667 5221 δέος
2698 5159 3003 5230 ἐμάρανεντ
3028 5160 3089 5213 ού
3112 5164 3469 5231 συκοφαντία,
3485 5166 3578 5217 καὶ
3602 5164 4005 5236 δεσμωτήριον,

2425 5247 2517 5299 καὶ
2546 5250 2738 5319 χρόνος
2772 5251 2978 5320 μακρὸς
3008 5253 3447 5307 κατεπάλαισενο
3489 5258 3588 5308 οὐκ
3621 5255 3861 5322 ἐξουσία,
3909 5262 4005 5311 καὶ

2426 5339 2746 5406 δυναστεία,
2783 5343 2876 5395 καὶ
2918 5344 3117 5414 τρυφὴ,
3159 5346 3254 5399 καὶ
3304 5346 3554 5411 πλοῦτος,
3616 5350 3711 5419 τῆς
3762 5350 4006 5414 διανοίας

2428 5430 2684 5495 ἐξέϐαλεν
2716 5448 2729 5463 ο
2754 5431 2868 5485 ἀλλ’
2908 5432 3123 5503 ἔμεινεν
3143 5436 3346 5504 ὁμοίως
3377 5438 3471 5491 καὶ
3498 5436 3708 5506 βλέπων
3732 5438 3824 5491 τὸν
3857 5437 4004 5507 ἐρῶ-

3627 5688 3651 5716 ο
3671 5678 3807 5734 Gen.
3843 5696 3960 5735 xm
3986 5720 4001 5747 ,

2434 5758 2456 5786 ⁸
2492 5751 2605 5804 Gen
2639 5767 2787 5809 xxxv.
2817 5766 2964 5809 XXH.
2994 5760 3047 5804 ct
3082 5767 3252 5803 urit.
3356 5754 3373 5785 ⁸
3410 5750 3543 5804 Gen.
3579 5763 3721 5804 unt
3750 5792 3763 5815 ,
3803 5766 4005 5820 sum;

2589 5819 2765 5874 xGen.
2804 5837 2988 5875 tum
3020 5828 3071 5875 ct
3105 5835 3292 5873 xxxix.

2937 5951 2952 5979 ι
