4216 6456
228 405 365 473 1517

1024 404 1307 464 ORATIO
1342 402 1440 463 DE
1480 401 1745 462 D‘VINA
1784 400 1877 459 ΕΤ
1917 403 2197 462 SANCTA
2222 407 2319 465 (SI-1
2336 408 2650 468 ’tRITATE

3331 408 3467 471 1518

226 540 410 594 μενον,
440 521 533 575 καὶ
573 522 693 583 τοὺς
745 521 953 574 ἐκείνου
1000 523 1197 589 νόμους
1251 519 1493 590 πληρῶν.
1540 519 1799 585 Ταύτηνό
1827 524 1873 577 Α

1827 524 1873 577 Δ
1902 528 2224 590 tempusque
2255 523 2527 591 prolixum
2555 532 2963 593 expugnarunt,
2991 540 3098 578 non
3125 534 3387 594 potestas,
3413 537 3468 582 et

223 614 433 682 Μωσῆς
475 614 572 684 τὴν
617 614 836 682 ἀγάπην
884 612 1259 682 κτησάμενος,
1294 611 1395 680 τῆς
1422 612 1480 661 ἐν
1510 608 1799 679 βασιλείοις

222 704 437 773 διαίτης
461 706 904 773 καταφρονήσας,
952 701 1152 771 μᾶλλον
1193 701 1370 753 εἵλετο
1407 701 1801 768 συγκακονχεϊο

227 793 355 846 σθαι
385 792 462 862 τῷ
489 792 599 863 λαῷ
619 793 715 846 τοῦ
741 792 955 862 Θεοῦ,ῆ
986 790 1322 862 πρόσκαιρον
1348 790 1493 859 ἔχειν
1526 789 1799 858 ἁμαρτίας

222 885 546 937 ἀπόλαυσιν.

293 1149 407 1202 Καὶ
432 1148 484 1201 τί
516 1149 597 1202 δεῖ
650 1148 913 1219 μηκύνειν
967 1149 1063 1202 καὶ
1123 1148 1267 1219 πέρα
1322 1144 1414 1199 τοῦ
1479 1145 1677 1216 μέτρου
1710 1143 1800 1197 τὸν

219 1236 382 1304 λόγον
432 1238 739 1302 έκτείνεινς
792 1238 870 1307 Τῇ
921 1236 1042 1308 θείᾳ
1090 1237 1199 1307 γὰρ
1249 1236 1440 1307 ἀγάπῃ
1494 1236 1643 1288 πᾶσα
1693 1234 1802 1285 τῶν

221 1329 581 1398 προφητῶνή
629 1330 847 1400 ἑταιρία
897 1330 1235 1399 κεχρημένη.
1288 1328 1380 1381 καὶ
1427 1326 1798 1397 κοσμουμένη,

222 1425 316 1475 καὶ
346 1425 445 1491 τὴν
477 1421 819 1491 τελεωτάτην
868 1420 1501 1492 κατώρθιοσενάρετὴν,
1553 1420 1648 1472 καὶ
1690 1419 1803 1472 ἀεί-

225 1529 464 1582 μνηστον
495 1512 554 1563 τὸ
581 1511 738 1573 κλέος
769 1511 1052 1565 κατέλιπε,
1088 1512 1198 1563 Καὶ
1232 1510 1413 1580 μέντοι
1442 1508 1536 1562 καὶ
1559 1509 1665 1561 τῶν
1678 1509 1804 1559 ἁπο-

224 1604 428 1655 στόλων
460 1603 685 1673 ὁχορὸς,
723 1603 814 1655 καὶ
871 1602 978 1655 τῶν
1024 1601 1315 1672 μαρτύρων
1336 1602 1385 1653 οἱ
1429 1601 1614 1670 δῆμοι,
1647 1598 1803 1652 τοῦτο

220 1696 281 1747 τὸ
311 1694 423 1764 πῦρ
472 1693 836 1763 εἰσδεξάμενοι
862 1735 876 1758 ,
945 1694 1163 1746 πάντων
1206 1692 1302 1761 μὲν
1356 1691 1636 1762 ὑπερεῖδον
1691 1691 1799 1743 τῶν

221 1788 552 1856 ὁρωμένων,
621 1786 791 1856 πάσης
824 1785 882 1838 δὲ
925 1785 1069 1853 ζωῆς
1122 1785 1343 1855 ἡδίστης
1371 1786 1438 1838 τὰ
1482 1787 1651 1855 μυρία
1694 1784 1802 1837 τῶν

1901 613 2224 677 dominatio,
2262 622 2315 666 et
2344 614 2583 675 deliciae,
2616 623 2669 668 et
2701 629 2831 682 opes
2866 631 2893 668 a
2921 617 3191 670 sententia
3223 616 3469 670 dimove-

1902 714 2074 757 runt:
2112 705 2207 758 sed
2238 707 2476 774 perstitit
2502 706 2691 760 eodem
2722 721 2937 775 semper
2973 708 3157 769 modo,
3201 717 3255 762 et
3304 725 3467 777 quem

1902 795 2160 863 diligebat
2198 796 2580 860 considerans,
2614 804 2667 849 et
2690 796 2808 865 ejus
2843 796 2987 865 leges
3014 797 3333 851 observans.
3358 796 3470 851 Hac

1900 888 2086 941 eadem
2106 888 2371 940 charitate
2397 888 2654 956 praeditus
2677 886 2875 951 Moses,
2897 887 3096 955 regalis
3124 888 3261 940 aula:
3287 895 3470 957 spreto

1903 980 2178 1039 convictu,
2233 978 2395 1047 afﬂigi
2455 978 2648 1031 maluit
2705 994 2829 1031 cum
2882 978 3086 1047 populo
3141 977 3255 1043 Dei,
3309 994 3473 1048 quam

1902 1073 2218 1140 temporalis
2253 1071 2463 1140 peccati
2490 1071 2689 1125 habere
2718 1070 3114 1139 jucunditatem
3147 1079 3198 1122 γ.

1973 1162 2038 1215 Ει
2087 1164 2215 1231 quid
2270 1178 2493 1217 necesse
2533 1171 2617 1216 est
2661 1162 2891 1214 ulterius
2920 1174 3224 1215 sermonem
3255 1171 3473 1230 protra-

1906 1254 2055 1311 here.
2091 1253 2422 1323 modumque
2453 1254 2724 1308 orationis
2777 1252 3077 1307 excedere?
3114 1250 3250 1305 Nam
3287 1253 3472 1328 divina

1903 1345 2175 1399 charitate
2210 1346 2467 1399 universa
2511 1345 2910 1414 prophetarum
2944 1342 3148 1397 cohors
3180 1358 3276 1398 usa
3310 1351 3361 1396 et
3384 1357 3476 1395 or-

1903 1442 2060 1500 nata,
2091 1446 2145 1491 et
2186 1434 2649 1505 perfectissimam
2694 1434 2950 1487 virtutem
2984 1441 3070 1487 est
3105 1440 3382 1495 assecuta.
3418 1440 3473 1485 et

1903 1528 2133 1597 gloriam
2162 1528 2401 1581 nominis
2422 1527 2815 1596 sempiternam
2845 1525 3091 1595 reliquit.
3120 1523 3223 1579 Sed
3248 1531 3306 1579 et
3345 1540 3477 1594 apo—

1907 1620 2171 1670 stolorum
2206 1618 2430 1680 chorus,
2460 1627 2514 1671 et
2544 1626 2842 1684 martyrum
2873 1617 3175 1678 exercitus,
3219 1614 3325 1667 hoc
3352 1615 3475 1682 igne

1904 1717 2191 1777 coniepto,
2240 1708 2475 1762 visibilia
2522 1707 2706 1760 omnia
2751 1704 3094 1773 contemptui
3136 1703 3474 1768 habuerunt,

1907 1808 1960 1851 et
1995 1801 2255 1854 miinities
2289 1799 2451 1858 mori.
2490 1813 2654 1869 quam
2691 1797 3023 1853 suavissima
3062 1796 3174 1849 vita
3209 1794 3316 1849 frui
3364 1809 3479 1848 ma-

222 1879 472 1930 θανάτων
529 1877 644 1946 εἴδη
728 1876 1061 1945 προείλοντο.
1119 1874 1471 1944 Ἐρασθέντες
1530 1875 1639 1944 γάρ
1710 1873 1802 1926 τοῦ
1838 1875 1878 1928 Β

1838 1875 1878 1928 Β
1911 1890 2147 1942 luerunt.
2180 1888 2333 1958 Capti
2368 1888 2512 1943 enim
2547 1887 2745 1941 divinae
2787 1886 3218 1961 pulchritudinis
3264 1900 3476 1947 amore,

222 1969 371 2022 θείου
404 1969 655 2033 κάλλους,
692 1969 784 2021 καὶ
811 1967 870 2019 τὸ
898 1968 1024 2036 περὶ
1050 1967 1197 2035 ἡμᾶς
1221 1965 1313 2018 τοῦ
1346 1965 1482 2018 Θεοῦ
1507 1964 1801 2034 λογισάμεο

220 2078 299 2114 νοι
320 2061 565 2131 φίλτρον,
589 2059 799 2121 καὶτὰς
822 2058 1019 2130 μυρίας
1042 2055 1438 2125 ἐνθυμηθέντες
1458 2058 1797 2127 εὐεργεσίας,

220 2153 446 2221 αἰσχρὸν
491 2154 787 2221 ἡγήσαντο,
830 2152 965 2218 μήτε
995 2149 1055 2201 τὸ
1087 2148 1281 2210 κάλλος
1326 2149 1501 2201 έκεῖνο
1565 2148 1798 2214 ποθῆσαι

219 2245 280 2297 τὸ
310 2245 612 2313 ἄφραστον,
640 2243 733 2295 καὶ
756 2240 1189 2311 ἀχάριστοικπερὶ
1210 2238 1298 2291 τὸν
1323 2238 1617 2308 εὐεργέτην
1645 2240 1802 2306 γενέ-

224 2336 371 2388 σθαι.
406 2334 606 2387 Τούτου
637 2334 814 2403 χάριν,
868 2332 1029 2401 μέχρι
1059 2329 1288 2383 θανάτου
1318 2330 1417 2392 τὰς
1452 2329 1587 2398 πρὸς
1639 2331 1801 2381 αὑτὸν

224 2428 502 2497 συνθήκας
534 2423 824 2493 ἐφύλαξαν.
863 2422 1066 2475 Τούτου
1098 2420 1189 2473 τοῦ
1222 2419 1449 2483 κάλλους
1478 2421 1798 2490 ἐρασθέντες

222 2521 317 2572 καὶ
352 2521 400 2571 οἱ
425 2518 533 2571 νέοι
566 2520 663 2586 τῆς
684 2516 889 2587 ἀρετῆς
917 2513 1164 2584 ἀθληταὶ,
1198 2507 1272 2564 ὧν
1303 2513 1716 2583 συνεγράψαμεν
1742 2517 1799 2567 ὲν

225 2611 482 2678 συντόμῳ
507 2608 597 2661 τὸν
631 2608 763 2678 βίον,
803 2609 880 2669 είς
922 2608 1047 2668 τοὺς
1091 2604 1362 2675 μεγάλους
1416 2604 1678 2670 ἐκείνους,
1711 2608 1805 2659 καὶ

224 2704 320 2773 τὴν
341 2703 688 2773 ἀνθρωπείαν
710 2700 867 2769 φύσιν
884 2699 1171 2762 νικῶντας,
1202 2699 1564 2770 εἰσεπήδησαν
1587 2698 1801 2762 ἄθλους.

223 2796 401 2851 Τοῦτο
427 2795 484 2847 δὲ
520 2794 705 2861 σαφῶς
740 2792 936 2853 αὐτοὺς
970 2790 1355 2855 ὲξεπαίδευσαν
1386 2793 1440 2843 αί
1472 2790 1613 2843 θεῖαι
1659 2791 1801 2861 Γρα-

224 2888 343 2955 φαί.
378 2885 653 2939 Ψάλλουσι
678 2884 785 2954 γὰρ
805 2883 942 2952 μετὰ
963 2881 1055 2957 τοῦ
1084 2882 1317 2952 μεγάλου
1351 2881 1514 2932 Δαΰίδ
1534 2896 1547 2910 ·
1577 2898 1597 2933 ι
1628 2880 1800 2950 Κύριε

223 2981 254 3032 ὁ
284 2979 421 3040 Θεός
454 2994 579 3046 μου,
606 2974 681 3038 ὡς
712 2972 1087 3043 ὲμεγαλύνθης
1118 2972 1343 3042 σφόδρα.
1386 2971 1801 3041 Ἔξομολόγησιν

226 3073 323 3124 καὶ
377 3068 851 3139 μεγαλοπρέπειαν
913 3064 1167 3125 ὲνεδύσω.
1217 3063 1647 3133 ἀναὸαλλόμενος
1687 3062 1801 3132 φῶς

230 3163 304 3223 ὡς
342 3161 588 3230 ἱμάτιον·
625 3158 882 3210 ἐκτείνων
921 3157 1012 3208 τὸν
1039 3156 1288 3225 οὐρανὸν,
1344 3155 1477 3207 ὡσεὶ
1531 3155 1712 3225 δέρῤιν
1735 3170 1749 3184 ·
1778 3172 1796 3204 ι

1911 1978 2114 2047 Deique
2140 1992 2268 2047 erga
2296 1993 2395 2032 nos
2423 1992 2607 2032 amore
2640 1991 2930 2047 perpenso,
2953 1987 3007 2031 et
3030 1974 3243 2029 infinita
3272 1975 3479 2030 beneﬁ-

1910 2070 1993 2124 cia
2032 2071 2217 2123 animo
2250 2078 2585 2137 reputantes,
2623 2078 2783 2138 turpe
2833 2077 3117 2139 putarunt,
3152 2083 3254 2123 nec
3288 2068 3479 2123 ineffa-

1911 2163 2071 2217 bilem
2101 2162 2247 2216 illam
2278 2161 2622 2217 desiderasse
2651 2161 3139 2231 puleliritudmem,
3173 2166 3228 2214 et
3250 2159 3481 2229 ingrati-

1914 2257 2121 2311 tudinis
2148 2255 2292 2326 apud
2333 2254 2737 2309 benefactorem
2779 2263 2960 2307 notam
3004 2252 3328 2307 incurrisse.
3363 2251 3482 2307 Hac

1912 2350 1978 2403 de
2021 2362 2184 2402 causa
2223 2347 2291 2401 ad
2340 2354 2569 2400 mortem
2625 2344 2837 2414 1316
2886 2359 3060 2411 usque
3095 2360 3194 2399 sua
3234 2358 3359 2399 cum
3410 2358 3479 2400 eo

1913 2448 2069 2511 pacta
2094 2448 2403 2494 servarunt.
2443 2437 2618 2507 Hujus
2644 2438 2807 2491 etiam
2846 2436 3271 2506 pulchritudinis
3293 2450 3478 2491 amore

1913 2532 2056 2600 capti
2108 2538 2357 2585 recentes
2402 2527 2622 2581 virtutis
2664 2525 2915 2589 athletae,
2967 2539 3199 2595 quorum
3249 2538 3279 2577 a
3321 2523 3478 2577 nobis

1914 2623 2023 2674 vita
2054 2619 2374 2689 compendio
2396 2616 2673 2685 descripta.
2700 2624 2805 2677 est,
2841 2615 2907 2668 ad
2938 2628 3131 2683 magna
3162 2613 3252 2668 ilia
3276 2613 3478 2667 huma-

1913 2730 2035 2767 nam
2081 2721 2332 2766 naturam
2363 2709 2682 2765 excedentia
2716 2706 2969 2775 prodiere
2998 2705 3321 2761 certamina.
3364 2703 3479 2760 Hoc

1910 2821 2038 2860 vero
2073 2805 2195 2859 illos
2242 2803 2530 2857 manifeste
2572 2801 2879 2855 docuerunt
2907 2799 3108 2854 divina:
3153 2798 3467 2870 Scriptura.

1910 2896 2126 2950 Canunt
2187 2896 2331 2949 enim
2399 2908 2522 2948 cum
2585 2906 2783 2962 magno
2849 2891 3053 2945 Davide
3107 2909 3120 2946 :
3187 2909 3205 2942 ι
3252 2891 3481 2946 Domine

1912 2987 2055 3041 Deus
2077 3001 2248 3051 mens,
2279 2983 2657 3053 magnificatus
2678 2996 2739 3035 es
2768 2980 3138 3035 vehementer.
3164 2978 3483 3034 Confessio-

1910 3095 2033 3133 nem
2083 3086 2138 3133 et
2188 3077 2438 3131 decorem
2474 3074 2699 3127 induisti
2736 3089 2749 3125 :
2788 3070 3024 3125 amictus
3078 3070 3284 3124 lumine
3336 3069 3479 3125 sicut

1911 3170 2255 3224 vestimento.
2294 3162 2604 3218 Extendens
2634 3161 2831 3215 coelum
2869 3159 3013 3213 sicut
3045 3158 3238 3227 pellem
3271 3166 3313 3221 ι,
3365 3175 3384 3208 ι
3424 3163 3479 3209 et

224 3254 325 3306 καὶ
340 3252 506 3305 τᾶλλα
533 3252 633 3304 ὅσα
649 3250 744 3319 τὴν
769 3249 957 3315 σοφίαν
982 3247 1141 3300 αὐτοῦ
1164 3248 1403 3301 διδάσκει
1434 3248 1528 3299 καὶ
1556 3245 1803 3315 δύναμιν.
1834 3225 1875 3282 C

1834 3225 1875 3282 ϐ
1910 3261 2013 3313 alia
2049 3270 2386 3327 quaecunque
2434 3252 2753 3322 sapientiam
2793 3250 2965 3319 ipsius
3006 3225 3060 3303 et
3101 3249 3207 3303 vim
3257 3246 3476 3301 docent.

230 3347 342 3398 Καὶ
364 3343 548 3395 πάλιν·
581 3360 599 3392 ί
625 3342 680 3393 ὐ
705 3339 904 3409 Κύριος
951 3339 1319 3403 ἐϐασίλευσεν,
1354 3336 1686 3409 εὐπρέπειαν
1717 3338 1806 3388 έν-

228 3436 476 3489 εδύσατο’
498 3432 777 3486 ἐνεδύσατο
815 3430 1012 3500 Κύριος
1032 3430 1277 3497 δύναμιν,
1298 3430 1389 3482 καὶ
1405 3428 1775 3501 περιεζώσατο
1791 3443 1804 3457 ’

231 3524 458 3592 καὶγὰρ
498 3521 824 3590 κατώρθωσε
861 3522 957 3588 τὴν
992 3518 1337 3587 οἰκουμένην,
1362 3519 1483 3587 ἥτις
1513 3518 1573 3570 οὐ
1616 3515 1807 3569 σαλευ-

231 3616 486 3683 θήσεται.
518 3632 535 3663 ι
586 3611 879 3665 Κάνταῦθα
932 3610 988 3662 δὲ
1044 3608 1305 3671 ὡσαύτως
1348 3610 1442 3662 καὶ
1498 3608 1657 3676 σοφία
1713 3606 1806 3660 καὶ

232 3708 428 3769 κάλλος
467 3704 778 3774 ἐκηρύχθη,
834 3703 927 3755 καὶ
966 3701 1215 3771 δύναμις.
1262 3702 1371 3754 Καὶ
1427 3700 1652 3771 ἑτέρωθι
1708 3699 1804 3752 δέ’

238 3820 257 3849 ι
288 3800 502 3868 Ὠραῖος
533 3797 719 3849 κάλλει
758 3794 909 3865 παρᾶ
938 3795 1063 3855 τοὺς
1094 3795 1241 3855 υἱοὺς
1280 3791 1386 3845 τῶν
1434 3790 1757 3862 ἀνθρώπων.
1783 3811 1800 3843 ι

245 3888 511 3943 Ἐνταῦθα
538 3888 616 3949 δὲ,
652 3887 746 3939 καὶ
777 3886 835 3937 τὸ
865 3884 1205 3955 ἀνθρώπινον
1233 3884 1325 3936 τοῦ
1349 3882 1483 3936 Θεοῦ
1505 3884 1678 3951 Λόγου
1712 3884 1803 3936 ε.)-

234 3982 458 4049 φῄμησε
484 3977 693 4038 κάλλος.
712 3976 903 4044 Ὑμνεί
925 3974 979 4025 δὲ
1014 3975 1107 4025 val.
1128 3974 1223 4043 τὴν
1253 3972 1468 4040 σοφίαν·
1497 3990 1515 4023 ‹
1548 3971 1805 4042 Ἐξεχυθη

234 4073 365 4140 γάρ,
394 4070 550 4138 φησὶ,
585 4069 741 4138 χάρις
778 4069 835 4118 ἐν
876 4064 1077 4134 χείλεσί
1110 4080 1224 4116 σου.
1254 4082 1271 4114 ι
1312 4062 1684 4115 Ὑποδείκννσι
1716 4065 1808 4116 καὶ

232 4167 333 4234 τὴν
360 4163 587 4230 δύναμιν
614 4176 625 4189 ·
667 4178 685 4209 ι
715 4158 1022 4227 Ιιερίζωσαι
1049 4156 1144 4226 τὴν
1172 4155 1449 4225 ῥομφαίαν
1480 4171 1572 4206 σου
1609 4156 1702 4207 ἐπὶ
1717 4155 1806 4208 τὸν

238 4256 415 4326 μηρόν
446 4271 561 4318 σου,
600 4251 791 4305 δννατέ
812 4268 826 4282 σ
863 4252 929 4320 τῇ
958 4248 1249 4319 ὡραιότητί
1283 4264 1398 4311 σου,
1424 4249 1521 4300 καὶ
1552 4247 1629 4317 τῷ
1673 4248 1805 4301 κάλ-

235 4349 317 4401 λει
352 4366 467 4412 σου,
500 4348 593 4399 καὶ
644 4345 864 4407 ἔντεινε,
918 4342 1012 4394 καὶ
1065 4340 1377 4404 κατευοδοῦ,
1411 4343 1503 4393 καὶ
1533 4339 1805 4409 βασίλευε,

236 4442 425 4493 ἕνεκεν
456 4436 733 4507 ἀληθείας,
764 4434 857 4486 καὶ
885 4430 1211 4502 πραότητος,
1244 4432 1336 4483 καὶ
1382 4429 1754 4499 δικαιοσύνης.
1784 4450 1801 4481 ι

238 4530 425 4584 Ταῦτα
452 4529 560 4597 γὰρ
599 4524 783 4586 αὑτοῦ,
810 4523 904 4576 xui.
931 4522 1140 4583 κάλλος,
1170 4523 1264 4574 καὶ
1313 4520 1565 4584 πλοῦτος,
1594 4522 1689 4573 καὶ
1716 4521 1805 4574 δύ-

236 4638 421 4690 ναμις.
458 4620 566 4672 Καὶ
595 4616 655 4670 'H
669 4618 819 4677 ταῖας
854 4615 907 4667 δὲ
940 4614 1036 4684 βοᾷ
1060 4628 1071 4642 ·
1109 4631 1126 4664 ι
1150 4611 1245 4675 Τίς
1274 4606 1472 4675 οὗτοςδ
1498 4615 1802 4682 παραγενό-

239 4728 401 4784 μενος
431 4711 488 4777 ἐξ
511 4708 720 4778 Ἐδώμ;
749 4704 999 4777 ἐρύθημα
1053 4705 1284 4773 ἱματίων
1318 4703 1480 4757 αὑτοῦ
1508 4706 1570 4757 ἐκ
1607 4705 1810 4775 Βοσόρ;

238 4798 410 4866 Οὗτος
464 4803 666 4872 ὡραῖος
702 4802 760 4852 ὲν
795 4799 954 4867 στολῇ
1008 4794 1192 4859 αὑτοῦ,
1250 4796 1341 4865 βία
1386 4796 1522 4864 μετὰ
1559 4796 1759 4865 ἰσχύος.
1788 4816 1805 4847 ι

238 4898 375 4953 Οὐδὲ
438 4894 539 4965 γὰρ
563 4898 596 4964 ἡ
620 4892 934 4963 ἀνθρωπεία
996 4890 1155 4959 στολὴ
1190 4891 1249 4942 τὸ
1279 4890 1419 4941 θεῖον
1470 4890 1811 4959 κατεκάλυψε

239 4991 432 5051 κάλλος
457 5005 470 5018 °
502 4986 635 5041 ἀλλά
673 4987 767 5039 καὶ
803 4983 1009 5054 ταύτην
1044 4980 1530 5054 περιόεϐλημένος,
1591 5000 1813 5053 μαρμα.

242 5083 413 5154 ρυγὰς
442 5081 549 5133 ἀπὸ
580 5078 681 5149 τῆς
716 5077 863 5149 ὥρας
886 5077 1128 5145 ἀφίησιν,
1165 5074 1242 5137 ὡς
1277 5075 1402 5137 τοὺς
1428 5075 1667 5146 ὁρῶντας
1695 5076 1811 5146 βιά-

240 5175 429 5242 ζεσθαι
460 5175 555 5227 καὶ
585 5172 941 5238 καταθέλγειν
974 5172 1053 5231 είς
1085 5168 1280 5238 ἔρωτα.
1313 5167 1484 5221 Τοῦτο
1537 5171 1626 5221 καὶ
1681 5170 1811 5237 ἁγία

237 5263 444 5333 Νύμφη
478 5262 608 5332 πρὸς
637 5261 797 5314 αὐτὸν
824 5262 880 5311 ἐν
900 5261 1008 5322 τοῖς
1030 5260 1267 5330 ’ᾼσμασι
1294 5259 1400 5310 τῶν
1421 5259 1676 5329 ᾀσμάτων
1708 5261 1816 5314 8w.-

236 5356 508 5423 λεγομένη
554 5352 719 5423 φησί’
766 5370 783 5402 ‹
808 5352 996 5423 Μῦρον
1027 5350 1329 5403 ἐκκενωθὲν
1355 5351 1527 5420 ὄνομά
1563 5369 1676 5407 σου.
1716 5354 1813 5407 Διά

238 5446 395 5500 τοῦτο
445 5443 680 5507 νεάνιδες
734 5443 1030 5513 ἠγάπησαν
1074 5458 1165 5494 σε·
1223 5442 1477 5496 εἵλκυσάν
1513 5459 1565 5497 σε
1592 5460 1605 5473 '
1638 5444 1815 5498 ὀπίσω

242 5555 336 5591 σου
366 5539 443 5600 εἰς
469 5535 643 5606 ὀσμὴν
674 5535 859 5606 μύρων
887 5551 978 5587 σου
1002 5534 1255 5604 ἔδραμον.
1292 5552 1309 5583 ι
1338 5534 1402 5584 Δί
1437 5534 1545 5604 γὰρ
1571 5538 1814 5589 νεανικαὶ

338 5734 534 5786 Iliehr.
588 5750 664 5794 XI.
705 5735 795 5790 ‘25.
825 5746 845 5771 ι
880 5734 1024 5791 Psal.
1061 5751 1176 5802 cui,
1220 5737 1269 5797 1,
1302 5737 1355 5791 2.

340 5817 361 5842 ε
392 5805 596 5871 ibidJ,
630 5807 679 5857 5.
734 5806 875 5859 fl.~a.
905 5823 1056 5869 um,
1084 5811 1133 5861 i.
1239 5812 1261 5845 ε
1291 5810 1443 5862 flant.
1477 5826 1510 5865 ι.
1544 5809 1595 5873 2,
1643 5812 1696 5867 5,

1465 5749 1488 5776 ³
1524 5737 1670 5790 Psal.
1715 5745 1966 5809 “111,1.

1913 3355 1986 3408 Ac
2024 3368 2255 3407 rursus:
2300 3369 2317 3402 ι
2354 3350 2613 3403 Dominus
2649 3348 2924 3417 regnavit,
2963 3344 3215 3399 decorem
3252 3343 3478 3397 indutus

1908 3450 2012 3499 cst,
2046 3440 2271 3492 indutus
2305 3445 2387 3491 est
2428 3436 2690 3490 Dominus
2720 3434 3124 3499 fortitudinem,
3159 3443 3214 3487 et
3246 3432 3477 3501 praecin-

1910 3533 1988 3584 xit
2015 3546 2071 3585 se
2107 3540 2155 3584 τι.
2202 3530 2409 3583 Etenim
2443 3528 2737 3582 constituit
2772 3528 2960 3580 orbem
3014 3532 3195 3589 terrae,
3228 3524 3322 3593 qui
3370 3540 3479 3578 non

1910 3619 2342 3674 commovebitur
2371 3619 2417 3671 ι).
2458 3637 2477 3668 ι
2512 3617 2632 3683 Quo
2664 3618 2783 3670 loco
2811 3615 3067 3671 similiter
3100 3614 3397 3684 sapientia,
3424 3625 3482 3668 et

1912 3710 2284 3782 pulchritudo,
2312 3719 2473 3775 atque
2504 3710 2742 3778 potentia
2766 3708 3057 3777 praedicata
3088 3716 3191 3760 est.
3223 3704 3285 3759 Et
3310 3706 3478 3761 alibi:

1916 3822 1933 3853 ι
1982 3801 2274 3872 Speciosus
2328 3799 2506 3853 forma
2564 3815 2674 3868 pra:
2726 3798 2857 3853 filiis
2913 3798 3197 3851 hominum
3227 3803 3273 3849 ε.
3327 3813 3345 3846 ι
3384 3793 3483 3850 llic

1909 3908 2040 3946 vero
2072 3900 2125 3945 et
2158 3891 2451 3944 humanam
2483 3889 2576 3944 Dei
2612 3888 2774 3944 Verbi
2801 3887 3266 3959 pulchritudinem
3297 3885 3480 3939 laudi—

1912 3984 2012 4037 lsus
2036 3984 2249 4036 extulit.
2295 3980 2504 4035 Laudat
2533 3988 2713 4034 autem
2746 3988 2800 4035 et
2828 3979 3150 4049 sapientiam
3187 3995 3239 4031 τι
3276 3975 3481 4030 Diffusa

1910 4076 2076 4138 enim,
2103 4076 2200 4139 ait,
2223 4083 2305 4129 est
2326 4074 2501 4145 gratia
2533 4073 2586 4127 in
2622 4074 2778 4128 labiis
2803 4074 2912 4127 tuis
2934 4071 2983 4126 ά.
3020 4090 3039 4123 ι
3065 4068 3314 4125 Ostendit
3341 4085 3481 4139 quo-

1911 4182 2017 4236 que
2062 4167 2359 4235 potentiam
2390 4182 2401 4217 :
2436 4183 2453 4215 ι
2480 4165 2777 4234 Accingere
2802 4164 2982 4235 gladio
3008 4174 3103 4217 tuo
3125 4177 3288 4231 super
3310 4162 3483 4216 femur

1911 4266 2086 4319 tuum,
2139 4257 2536 4326 potentissime.
2597 4255 2792 4326 Specie
2833 4264 2925 4310 tua
2978 4264 3033 4310 et
3074 4254 3482 4324 pulchritudine

1914 4358 2003 4403 tua
2040 4348 2296 4412 intende,
2339 4363 2598 4419 prospere
2631 4348 2886 4418 procede,
2928 4355 2983 4403 et
3018 4362 3207 4418 regna,
3257 4353 3478 4416 propter

1914 4442 2222 4501 veritatem,
2274 4438 2777 4504 mansuetudinem,
2829 4447 2883 4492 et
2930 4438 3197 4508 justitiam
3229 4448 3254 4476 ο
3292 4455 3311 4488 ι
3354 4436 3479 4489 [hee

1916 4531 2182 4600 siquidem
2223 4532 2396 4601 ipsius
2433 4539 2582 4587 sunt.
2615 4540 2668 4586 et
2690 4530 2915 4591 divitiae,
2944 4538 2998 4583 ct
3032 4527 3403 4599 pulchritudo,
3426 4537 3482 4581 et

1920 4624 2179 4693 potentia.
2212 4623 2355 4689 Quin
2385 4631 2437 4678 et
2471 4624 2639 4677 Isaias
2668 4622 2870 4677 clamat
2896 4640 2908 4675 :
2938 4640 2956 4673 ι
2987 4621 3120 4687 Quis
3151 4630 3236 4675 est
3262 4621 3366 4675 iste
3387 4620 3478 4688 qui

1913 4716 2059 4769 venit
2093 4716 2161 4769 de
2193 4714 2404 4769 Edoni?
2438 4716 2606 4768 rubor
2632 4714 2864 4767 vestium
2888 4714 3007 4782 ejus
3038 4713 3106 4767 de
3141 4711 3350 4765 Bosm'?
3384 4710 3481 4764 llic

1911 4807 2185 4861 formosus
2217 4807 2270 4860 in
2299 4808 2438 4860 stola
2467 4822 2588 4868 sua,
2617 4807 2875 4860 violentia
2900 4820 3022 4860 cum
3053 4804 3371 4858 fortitudine
3397 4801 3475 4855 ί.»

1913 4900 2098 4969 Neque
2145 4901 2287 4953 enim
2327 4901 2564 4953 humana
2613 4898 2780 4954 vestis
2822 4896 3063 4950 divinam
3115 4894 3481 4965 pulchritudi-

1914 5008 2033 5046 nem
2074 4991 2284 5061 1317
2315 4992 2561 5046 obtexit:
2596 4989 2688 5044 sed
2725 4990 2821 5042 hac
2847 4989 3007 5043 etiam
3041 4988 3276 5040 amictus
3300 4986 3482 5054 splen-

1911 5082 2074 5136 dores
2106 5083 2305 5135 emittit
2354 5097 2467 5137 suae
2510 5080 2972 5151 pulchritudinis,
3018 5079 3095 5131 ita
3136 5084 3195 5130 ut
3230 5076 3480 5130 videntes

1910 5176 2092 5244 adigat
2122 5173 2435 5241 alliciatque
2466 5174 2518 5226 in
2567 5188 2830 5226 amorem.
2855 5169 3010 5236 Quod
3046 5178 3234 5224 saneta
3266 5182 3483 5237 quoque

1914 5266 2144 5337 Sponsa,
2177 5282 2300 5319 cum
2341 5281 2406 5320 eo
2438 5266 2493 5319 in
2544 5266 2773 5319 Cantico
2829 5265 3165 5317 canticorum
3224 5262 3478 5329 loquens.

1911 5358 2046 5411 dicit
2076 5376 2087 5410 :
2134 5377 2150 5408 ι
2180 5355 2372 5412 Oleum
2402 5356 2634 5411 effusum
2669 5370 2865 5409 nomen
2911 5364 3083 5407 tuum.
3120 5350 3246 5405 Ideo
3291 5350 3481 5403 adole-

1914 5451 2177 5505 scentulse
2209 5450 2523 5504 dilexerunt
2571 5457 2642 5502 te.
2677 5446 2985 5501 Traxerunt
3037 5454 3109 5510 te,
3154 5449 3280 5514 post
3319 5442 3481 5498 te’ad

1912 5546 2135 5597 odorem
2194 5554 2597 5612 unguentorum
2656 5549 2875 5595 tuorum
2937 5548 3303 5593 cucurrerunt
3367 5538 3417 5588 3.-
3456 5553 3476 5586 ο

3353 5737 3483 5796 ibid.

2086 5746 2110 5783 ὶ·
2155 5745 2273 5799 Psal
2330 5762 2447 5809 xcv,
2505 5747 2587 5801 l0.
2694 5757 2714 5784 ε
2754 5745 2895 5800 Psal.
2939 5760 3099 5807 των,
3154 5743 3204 5796 3.
3268 5740 3293 5777 ἀ
