4216 6456
731 363 864 430 1519

1359 366 1842 429 THEODORETI
1900 362 2236 426 EPISCOPI
2290 359 2654 444 CYRENSIS
2708 359 2805 422 DE
2855 359 3283 422 CHARITATE

3841 363 3984 431 I520

723 482 1002 540 Juveniles
1031 485 1172 540 enim
1208 483 1425 549 animae,
1449 486 1651 539 bonum
1692 485 1845 539 illum
1883 490 2037 536 tuum
2067 484 2293 536 odorem
2324 507 2336 540 Α

2397 475 2586 546 ψυχαὶ,
2634 477 2731 546 τῆς
2781 478 2878 547 σῆς
2926 477 3153 541 εὐωδίας
3209 477 3740 548 μεταλαμϐάνουσαι,
3791 481 3980 537 θέουσι

725 574 1117 645 percipientes,
1143 587 1376 629 currunt
1408 577 1625 646 assequi
1652 584 1706 630 te
1725 574 2033 642 cupientes,
2057 579 2112 627 et
2133 573 2302 627 odore

725 662 842 727 illo,
872 663 1029 738 quasi
1077 673 1270 716 catena
1312 663 1572 731 quadam,
1620 660 1958 722 constrictas.
2015 659 2300 713 vinculum

723 755 993 824 disrumpi
1028 770 1137 808 non
1177 755 1500 824 patiuntur:
1541 754 1699 808 dulce
1729 755 1929 823 quippe
1969 760 2075 817 est,
2107 759 2162 806 et
2189 766 2301 820 quo

723 847 1029 900 voluntarie
1075 839 1206 902 sunt
1255 849 1506 924 alligatae.
1571 845 1666 924 llis
1715 860 1937 915 quoque
1990 852 2300 900 consonant

725 938 889 991 verba
926 937 1038 991 divi
1069 938 1220 992 Pauli
1257 921 1269 990 ἐ
1311 956 1329 988 ι
1365 921 1585 992 Christi
1606 937 1782 991 bonus
1814 937 1950 990 odor
1982 950 2198 998 sumus,
2241 933 2296 986 in

724 1030 792 1082 iis
825 1030 915 1098 qui
951 1030 1086 1082 salvi
1125 1031 1280 1087 ﬁunt.
1313 1037 1367 1083 et
1404 1030 1460 1082 in
1502 1029 1572 1083 iis
1607 1029 1698 1097 qui
1728 1035 1996 1096 pereunt;
2025 1027 2146 1081 aliis
2173 1025 2298 1094 qui-

724 1118 846 1173 dem
883 1118 1017 1173 odor
1050 1120 1243 1174 mortis
1274 1119 1328 1171 in
1362 1128 1615 1180 mortem,
1651 1117 1773 1171 aliis
1801 1125 1982 1169 autem
2007 1115 2146 1170 odor
2172 1116 2296 1168 vitae

723 1209 777 1264 in
813 1211 976 1262 vitam
1005 1210 1054 1265 ιι.
1090 1226 1109 1260 ι
1147 1208 1212 1261 Et
1266 1209 1549 1273 pulchrum
1611 1207 1775 1274 igitur
1804 1207 1955 1260 illum
1987 1220 2109 1260 esse
2142 1220 2172 1259 a
2209 1205 2299 1259 di-

722 1302 846 1355 vina
875 1299 1159 1368 Scriptura
1191 1299 1394 1362 edocti,
1430 1307 1484 1352 et
1518 1298 1825 1352 ineﬂ‘abiles
1851 1298 2074 1351 divitias
2117 1297 2296 1366 possi-

721 1389 872 1455 dere,
921 1390 1315 1458 sapientiaeque
1363 1403 1486 1442 esse
1542 1388 1770 1449 fontem.
1806 1396 1858 1440 et
1901 1393 2097 1440 cuncta
2133 1400 2295 1453 posse

720 1498 842 1550 quae
865 1482 1010 1545 velit,
1047 1489 1101 1533 et
1135 1481 1400 1533 immensa
1455 1481 1530 1532 uti
1586 1479 1940 1547 benignitate,
1985 1477 2295 1546 ﬂuentaque
2335 1501 2341 1508 ι

720 1571 1152 1626 mansuetudinis
1178 1572 1525 1642 profundere.
1550 1579 1601 1623 ct
1627 1570 1727 1622 hoc
1756 1586 1921 1622 unum
1939 1569 2099 1632 velle,
2117 1575 2175 1622 ut
2199 1583 2295 1638 per

718 1666 899 1717 omnia
937 1665 1181 1718 homines
1238 1665 1479 1716 cumulet
1540 1662 1841 1716 beneliciis.
1878 1660 2058 1731 Deque
2106 1662 2291 1715 inlini-

718 1759 788 1808 tis
814 1770 1214 1824 numerumque
1243 1754 1639 1809 excedentibus
1664 1755 2048 1808 beneﬁciorum
2082 1755 2292 1821 generi-

2401 567 2730 621 καταλαϐεῖν
2768 585 2826 620 σε
2873 568 3164 622 ποθοῦσαι·
3228 571 3322 622 καὶ
3369 565 3482 624 οἷον
3535 572 3722 626 ἁλύσει
3775 575 3883 628 τινὶ
3910 577 3979 646 τῇ

2398 659 2539 730 ὀσμῇ
2581 660 2958 730 κατεχόμεναι,
3007 660 3297 732 διαρῤἧξαι
3340 662 3430 714 τὸν
3484 663 3682 741 δεσμὸν
3739 666 3840 719 οὐκ
3878 670 3979 721 ἀν-

2400 749 2616 820 έχονται
2638 766 2653 781 ·
2685 750 2888 817 γλυκὺς
2914 750 3024 822 γὰρ
3056 745 3230 816 οὗτος,
3285 753 3383 805 καὶ
3423 753 3741 819 ἐθελουσίως
3783 759 3981 822 αὐταῖς

2401 835 2802 912 περικείμενος.
2834 843 3055 906 Τούτοις
3081 847 3360 911 συμφωνεῖ
3396 846 3490 898 καὶ
3517 846 3611 898 τοῦ
3643 847 3788 900 θείου
3824 851 3976 903 Παύ-

2398 934 2492 985 λου
2527 933 2598 986 τὰ
2639 935 2894 1003 ρήματα’
2938 953 2956 985 ι
2986 935 3220 1005 Χριστοῦ
3255 936 3451 990 εὐωδία
3505 939 3692 1006 ἐσμὲν,
3745 943 3804 992 ἐν
3862 944 3980 1005 τοῖς

2401 1023 2748 1093 σωζομένοις,
2772 1024 2868 1078 καὶ
2905 1025 2963 1076 ἐν
2990 1029 3101 1088 τοῖς
3127 1012 3547 1097 ἀπολλυμένοις·
3581 1025 3661 1094 οἷς
3696 1032 3794 1100 μέν
3827 1032 3976 1104 όσμὴ

2399 1115 2633 1169 θανάτου
2666 1118 2743 1178 είς
2779 1117 3005 1168 θάνατον
3029 1133 3041 1147 ⁸
3069 1111 3150 1178 οἷς
3176 1117 3232 1170 δέ
3255 1118 3397 1189 ὀσμὴ
3455 1118 3603 1188 ζωῆς
3639 1122 3717 1182 είς
3747 1120 3917 1191 ζωήν.
3949 1142 3969 1173 ι

2397 1204 2576 1258 Καλὸν
2609 1204 2787 1257 τοίνυν
2812 1206 2972 1258 αὐτὸν
3008 1206 3110 1259 ὐπὸ
3129 1207 3228 1276 τῆς
3279 1207 3428 1271 θείας
3465 1209 3684 1281 Γραφὴς
3728 1211 3980 1264 διδασκό-

2400 1312 2573 1363 μενοι,
2607 1297 2700 1350 καὶ
2758 1297 2985 1350 πλοῦτον
3043 1299 3318 1368 ἄφραστον
3367 1300 3575 1368 ἔχοντα.
3630 1304 3720 1355 καὶ
3783 1305 3980 1372 σοφίας

2395 1388 2520 1440 ὂντα
2553 1388 2758 1459 πηγὴν,
2785 1390 2877 1442 καὶ
2907 1391 3140 1443 τοσαῦτα
3185 1392 3478 1460 δυνάμενον
3539 1394 3638 1444 ὅσα
3703 1393 3976 1460 βούλεται,

2395 1478 2489 1531 καὶ
2526 1479 2902 1549 φιλανθρωπίᾳ
2925 1481 3201 1550 χρώμενον
3235 1484 3545 1552 ἀμετρήτῳ,
3571 1485 3666 1536 καὶ
3703 1487 3979 1554 ἡμερότη-

2395 1588 2484 1633 τος
2504 1573 2785 1641 ποταμοὺς
2810 1573 3200 1638 ὰναϐλύζοντα,
3234 1575 3326 1628 καὶ
3349 1575 3436 1628 διὰ
3474 1577 3689 1628 πάντων
3747 1580 3976 1649 εὐεργε-

2393 1664 2501 1713 τεῖν
2526 1662 2686 1730 μόνον
2709 1662 2835 1725 τοὺς
2871 1663 3188 1732 ἀνθρώπους
3228 1665 3481 1718 ἐθέλοντα
3503 1683 3516 1696 ⁸
3549 1669 3640 1719 καὶ
3676 1668 3743 1720 τά
3776 1670 3971 1737 μυρία,

2393 1753 2487 1804 καὶ⁹
2516 1753 2607 1805 τὸν
2636 1753 2762 1806 νοῦν
2813 1754 3232 1823 ὑπερϐαίνοντα,
3292 1758 3401 1809 τῶν
3462 1759 3792 1828 εὐεργεσιῶν
3852 1761 3971 1830 εἴδη

717 1848 819 1902 bus
847 1862 874 1900 a
907 1847 1037 1901 viris
1071 1845 1256 1901 divino
1290 1847 1495 1916 Spiritu
1538 1846 1731 1901 alilatis
1770 1847 1998 1912 imbuti,
2030 1847 2285 1901 dulcibus
2319 1825 2336 1883 Ῐ

2394 1844 2498 1897 ὑπὸ
2520 1845 2626 1896 τῶν
2643 1844 2918 1915 θεοφόρων
2945 1847 3151 1915 ἀνδρῶν
3183 1825 3576 1917 διδασκόμενοι,
3607 1853 3716 1912 τοῖς
3740 1825 3974 1917 γλυκέσί

716 1939 836 1993 telis
866 1939 1154 1993 charitatis
1183 1938 1452 1991 vulnerati
1481 1946 1629 2002 sunt,
1660 1948 1714 1990 et
1745 1953 1866 1991 cum
1901 1938 2143 1992 membra
2177 1939 2286 1992 sint

715 2023 960 2093 Sponsae.
996 2041 1119 2079 cum
1157 2041 1218 2080 ea
1255 2025 1539 2100 clamitant
1571 2044 1583 2078 :
1627 2045 1644 2077 ι
1682 2024 1964 2079 Vulnerati
2018 2026 2286 2080 charitate

715 2132 814 2170 nos
844 2132 1036 2171 sumus
1073 2119 1113 2169 ί.
1151 2135 1169 2167 ›
1208 2117 1424 2170 Clamat
1448 2117 1718 2186 siquidem
1753 2132 1984 2186 magnus
2003 2115 2281 2172 Joannes:

718 2226 736 2258 ι
776 2207 916 2262 Ecce
960 2223 1134 2277 agnus
1180 2207 1296 2272 Dei,
1342 2208 1434 2276 qui
1489 2207 1630 2262 tollit
1679 2217 1904 2275 peccata
1961 2207 2148 2261 mundi
2178 2207 2223 2261 i.
2261 2225 2278 2258 ι

708 2301 982 2370 Propheta
1025 2315 1152 2353 vero
1204 2299 1375 2352 Isaias
1420 2313 1543 2368 qua:
1589 2298 1770 2351 futura
1817 2305 1974 2352 erant
2020 2305 2283 2367 tanquam

713 2395 853 2448 facta
885 2392 1232 2462 przedicebat,
1255 2391 1444 2446 dicens
1473 2409 1487 2445 :
1519 2391 1733 2461 1318
1763 2409 1780 2442 ι
1816 2390 1934 2460 Ipse
1959 2391 2284 2444 vulneratus

711 2494 797 2541 est
836 2495 1057 2554 propter
1088 2483 1406 2552 iniquitates
1438 2494 1684 2544 nostras,
1710 2483 1932 2536 attritus
1953 2489 2036 2536 est
2065 2491 2285 2552 propter

712 2577 918 2632 scelera
957 2584 1178 2629 nostra:
1212 2573 1500 2643 disciplina
1534 2573 1682 2642 pacis
1717 2581 1917 2627 nostra:
1949 2588 2114 2643 super
2136 2588 2283 2640 eum,

713 2668 882 2720 livore
904 2664 1025 2733 ejus
1050 2663 1228 2718 sanati
1259 2678 1448 2717 sumus
1468 2663 1522 2725 λι,
1547 2681 1565 2714 ι
1597 2670 1650 2717 et
1681 2662 1808 2726 alia,
1841 2678 1962 2732 qua
1983 2663 2050 2718 de
2081 2665 2286 2718 saluta-

712 2758 866 2811 ribus
910 2754 1261 2825 passionibus
1312 2752 1686 2824 prosequitur.
1743 2753 2011 2807 Praedicat
2063 2770 2283 2825 quoque

712 2847 937 2910 Paulus,
978 2847 1263 2900 clamans:
1301 2863 1319 2896 ι
1357 2845 1460 2910 Qui
1512 2846 1676 2899 etiam
1718 2849 1949 2916 proprio
1995 2846 2133 2902 Filio
2183 2862 2286 2902 suo

710 2955 820 2994 non
878 2938 1142 3008 pepercit,
1208 2936 1301 2992 sed
1369 2951 1469 3004 pro
1530 2937 1689 2990 nobis
1744 2937 1998 2991 omnibus
2060 2938 2286 2992 tradidit

711 3032 888 3092 illum.
923 3029 1198 3095 quomodo
1230 3045 1337 3082 non
1371 3028 1534 3082 etiam
1581 3029 1743 3082 nobis
1784 3044 1909 3082 cum
1960 3030 2055 3083 illo
2100 3031 2285 3084 omnia

711 3121 938 3175 donabit
964 3118 1012 3172 1?
1040 3138 1057 3170 ι
1097 3119 1161 3172 Et
1179 3118 1398 3173 denuo:
1435 3136 1454 3170 ι
1491 3117 1596 3172 Pro
1623 3118 1846 3173 Christo
1867 3120 2134 3190 legatione
2163 3121 2285 3176 l'un-

712 3212 913 3281 gimur,
947 3222 1206 3280 tanquam
1247 3210 1354 3265 Deo
1380 3211 1709 3265 exhortante
1741 3227 1836 3279 per
1858 3226 1999 3266 nos:
2032 3213 2290 3267 obsecra-

712 3320 836 3358 mus
868 3319 965 3374 pro
996 3304 1237 3368 Christo,
1267 3302 1700 3358 reconciliamini
1734 3302 1864 3358 Deo.
1901 3304 2034 3357 Eum
2067 3305 2160 3374 qui
2185 3320 2294 3359 non

713 3405 941 3451 noverat
965 3404 1273 3466 peccatum,
1302 3412 1400 3467 pro
1425 3398 1583 3452 nobis
1609 3405 1892 3466 peccatum
1915 3396 2065 3462 fecit,
2100 3405 2158 3452 ut
2194 3412 2294 3453 nos

711 3487 1048 3543 efﬁceremur
1077 3489 1286 3556 justitia
1325 3489 1413 3542 Dei
1455 3490 1507 3542 in
1540 3490 1660 3558 ipso
1690 3497 1748 3541 ³.
1778 3508 1794 3540 ι

785 3578 909 3631 Ihec
937 3588 992 3632 et
1032 3580 1137 3631 alia
1175 3579 1227 3631 id
1260 3594 1434 3649 genus
1469 3579 1608 3648 apud
1645 3581 1768 3634 illos
1794 3581 2156 3648 reperientes,
2195 3581 2290 3651 qui

713 3669 887 3723 divini
921 3665 1081 3723 Verbi
1125 3669 1276 3723 I'uere
1321 3670 1582 3732 ministri,
1617 3670 1817 3724 divinae
1853 3671 2142 3726 oharitatis
2188 3673 2290 3727 sti-

714 3755 893 3810 mulos
935 3757 1176 3826 undique
1206 3757 1533 3826 suscipiunt,
1563 3764 1617 3811 et
1646 3758 1846 3826 spretis
1867 3760 2142 3825 omnibus,
2163 3774 2286 3814 eum

716 3861 876 3915 quem
908 3856 1094 3900 amant
1132 3848 1240 3902 sibi
1268 3848 1336 3902 ob
1367 3849 1559 3905 oculos
1592 3861 1803 3919 ponunt
1829 3870 1841 3905 :
1872 3859 1925 3906 et
1948 3861 2071 3906 ante
2103 3868 2289 3922 spera-

717 3947 824 3991 tam
859 3939 1351 4004 immortalitatem,
1385 3955 1590 4009 corpus
1632 3943 1874 4010 spiritale
1911 3942 2283 3998 reddiderunt.

717 4027 873 4081 Hunc
897 4034 950 4080 et
982 4041 1083 4082 nos
1108 4029 1506 4096 amplectamur
1535 4044 1796 4090 amorem.
1835 4033 2134 4101 sponsique
2165 4035 2286 4101 pul-

717 4117 1028 4173 chritudine
1070 4120 1257 4182 illecti.
1289 4127 1344 4173 et
1377 4120 1775 4188 promissorum
1827 4121 2097 4176 bonorum
2137 4124 2285 4177 desi-

717 4210 871 4264 derio
920 4211 1094 4279 capti,
1139 4211 1638 4280 ben_eliciorumqne
1684 4212 2085 4268 multitudinem
2128 4230 2285 4270 reve-

2391 1935 2490 2005 τῆς
2527 1936 2743 2005 ἀγάπης
2770 1937 3086 2006 ἐτρώθησαν
3116 1939 3312 2006 βέλεσι,
3344 1940 3437 1992 καὶ
3463 1941 3595 2011 μέλη
3628 1943 3724 2011 τῆς
3747 1944 3974 2013 νύμφης

2393 2029 2567 2090 ὄντες,
2620 2031 2737 2096 μετ’
2807 2030 3020 2097 ἐκείνης
3076 2029 3271 2098 βοῶσι·
3313 2032 3701 2102 «Τετρωμένοι
3749 2035 3972 2104 ἀγάπης

2389 2117 2570 2186 ἡμεῖς.
2597 2136 2614 2167 ι
2650 2119 2708 2169 '0
2739 2117 2849 2188 γὰρ
2876 2119 3049 2187 μέγας
3091 2120 3341 2187 Ἰωάννης
3369 2121 3466 2190 βοᾷ
3499 2139 3511 2152 ·
3557 2141 3574 2172 ι
3603 2123 3704 2175 Ἴδε
3733 2125 3761 2174 ὁ
3794 2125 3972 2193 ἀμνὸς

2389 2205 2482 2259 τοῦ
2514 2206 2671 2269 Θεοῦ,
2701 2210 2728 2260 ὁ
2767 2209 2934 2277 αἴρων
2959 2208 3058 2277 τὴν
3092 2209 3364 2280 ἁμαρτίαν
3395 2211 3492 2263 τοῦ
3533 2211 3757 2282 κόσμου.
3783 2233 3800 2265 ι
3825 2214 3883 2266 '0
3911 2214 3971 2267 δὲ

2392 2304 2676 2369 προφήτης
2711 2299 2961 2362 Ἡσαΐας,
2996 2300 3071 2363 ὡς
3101 2303 3439 2372 γεγενημένα
3462 2304 3530 2357 τὰ
3563 2307 3797 2374 ἐσόμενα
3833 2323 3970 2377 προ-

2390 2389 2645 2442 εθέσπισε
2710 2391 2883 2458 λέγων
2912 2409 2925 2421 ·
2985 2411 3004 2444 ‹
3040 2394 3214 2456 Αὐτὸς
3261 2396 3669 2466 ἐτραυματίσθη
3731 2397 3819 2450 διὰ
3863 2401 3969 2462 τὰς

2390 2481 2664 2552 ἁμαρτίας
2686 2482 2866 2551 ἡμῶν,
2898 2484 2992 2536 καὶ
3038 2484 3442 2553 μεμαλάκισται
3467 2487 3554 2540 διὰ
3585 2489 3683 2550 τὰς
3738 2490 3968 2556 ἀνομίας

2391 2572 2582 2648 ἡμῶνο
2611 2573 2827 2626 παιδεία
2865 2574 3085 2644 είρὴνης
3108 2577 3264 2644 ἡμῶν
3287 2577 3376 2630 ἐπ’
3402 2578 3598 2631 αὐτόν’
3627 2577 3702 2648 τῷ
3737 2579 3969 2648 μώλωπι

2390 2647 2556 2714 αὐτοῦ
2585 2663 2750 2732 ἡμεῖς
2788 2663 3018 2733 ίάθημεν
3038 2680 3051 2694 °
3088 2685 3106 2716 ι
3143 2668 3238 2718 καὶ
3272 2669 3340 2719 τὰ
3364 2669 3522 2732 ἄλλα,
3549 2670 3649 2721 ὅσα
3678 2647 3816 2738 περὶ
3856 2670 3969 2722 τῶν

2393 2752 2674 2822 σωτηρίων
2701 2753 2888 2806 παθῶν
2911 2755 3263 2824 διεξέρχεται.
3296 2759 3570 2826 Κηρύττει
3602 2760 3696 2811 καὶ
3750 2759 3966 2822 Παῦλος

2393 2844 2563 2914 βοῶν’
2607 2862 2624 2895 ι
2653 2845 2751 2906 Ὃς
2784 2861 2844 2910 γε
2879 2845 2972 2897 τοῦ
3022 2847 3150 2899 ίδίου
3192 2848 3321 2909 Υίοῦ
3374 2850 3475 2901 οὐκ
3530 2850 3801 2918 ἐφείσατο,
3850 2850 3969 2902 ἀλλ’

2392 2932 2534 3002 ὑπὲρ
2566 2932 2722 3001 ἡμῶν
2748 2933 2966 2985 πάντων
3003 2935 3320 3003 παρέδωκεν
3352 2935 3534 2995 αὐτὸν,
3570 2935 3684 2997 πῶς
3713 2938 3832 3003 οὐχὶ
3867 2937 3965 2987 καὶ

2392 3025 2489 3076 σὺν
2516 3023 2666 3092 αὐτῷ
2704 3025 2773 3075 τὰ
2817 3024 2991 3076 πάντα
3021 3027 3150 3094 ἡμῖν
3189 3025 3479 3094 χαρίσηται
3510 3042 3524 3089 ς
3559 3045 3574 3073 ι
3618 3025 3724 3078 Καὶ
3755 3027 3921 3078 πάλιν
3953 3046 3965 3055 ·

2397 3114 2606 3186 «Ὑπὲρ
2641 3117 2877 3183 Χριστοῦ
2919 3116 3314 3186 πρεσϐεύομεν,
3349 3117 3421 3180 ὼς
3463 3119 3554 3170 τοῦ
3594 3118 3726 3170 Θεοῦ
3788 3137 3969 3189 παρα-

2393 3205 2681 3269 καλοῦντος
2707 3205 2772 3258 δι⁹
2800 3207 2984 3275 ἡμῶν·
3013 3207 3244 3276 δεόμεθα
3294 3210 3436 3278 ὑπὲρ
3471 3210 3730 3278 Χριστοῦ,
3760 3211 3968 3262 καταλ-

2400 3295 2601 3364 λάγητε
2633 3297 2710 3366 τῷ
2736 3296 2854 3363 Θεῷ
2893 3312 2906 3326 °
2937 3299 3026 3350 τὸν
3050 3299 3158 3368 γὰρ
3186 3300 3261 3369 μὴ
3289 3301 3487 3366 γνόντα
3529 3300 3804 3370 ἁμαρτίαν
3825 3303 3970 3370 ὐπέρ

2393 3385 2553 3454 ἡμῶν
2584 3386 2858 3455 ἁμαρτίαν
2888 3387 3165 3458 ἐποίησεν,
3187 3389 3273 3442 ῖνα
3302 3390 3464 3459 ἡμεῖς
3492 3387 3776 3459 γενώμεθα
3826 3390 3965 3444 Θεοῦ

2391 3475 2708 3545 δικαιοσύνη
2747 3478 2805 3531 ἐν
2829 3478 3002 3547 αὐτῷι
3029 3497 3046 3530 ι

2460 3567 2668 3631 Ταῦτα,
2701 3570 2796 3620 καὶ
2855 3569 2954 3621 ὃσα
3011 3568 3257 3634 τοιαῦτα,
3299 3571 3450 3641 παρὰ
3505 3574 3617 3634 τοῖς
3658 3573 3968 3642 ὑπηρέταις

2385 3656 2481 3711 τοῦ
2509 3644 2654 3711 θὲίου
2676 3660 2836 3726 λόγου
2878 3662 3266 3730 γεγενημένοις
3296 3663 3640 3726 εὑρίσκοντες
3658 3702 3673 3728 ,
3715 3663 3966 3732 δέχονται

2390 3748 2725 3817 πανταχόθεν
2746 3750 2845 3818 τῆς
2875 3749 3023 3813 Θείας
3069 3752 3286 3818 ἀγάπης
3316 3753 3383 3804 τὰ
3412 3753 3633 3821 κέντρα,
3679 3754 3776 3807 καὶ
3827 3755 3966 3807 πάν-

2388 3855 2496 3891 των
2546 3840 3045 3910 ὑπερφρονοῦντες,
3104 3841 3466 3910 φαντάζονται
3519 3843 3608 3894 τὸν
3661 3841 3960 3910 ἐρώμενον,

2385 3929 2480 3982 καὶ
2513 3930 2618 4002 πρὸ
2643 3932 2738 3999 τῆς
2756 3930 3113 4000 ἐλπιζομένης
3147 3931 3480 4003 ἀφθαρσίας,
3510 3933 3570 3984 τὸ
3599 3933 3756 4002 σῶμα
3792 3951 3961 3986 πνευ-

2389 4023 2614 4092 ματικὸν
2671 4022 3026 4076 ἀπετέλεσαν.
3070 4023 3241 4075 Τοῦτο
3288 4025 3380 4076 καὶ
3425 4027 3582 4094 ἡμεῖς
3621 4025 3681 4077 τὸ
3737 4024 3961 4095 φίλτρον

2383 4114 2684 4184 δεξώμεθα.
2702 4114 2796 4166 καὶ
2808 4114 2882 4183 τῷ
2905 4114 3088 4166 κάλλει
3104 4115 3196 4167 τοῦ
3223 4117 3451 4185 νυμφίου
3475 4115 3961 4185 καταθελγόμενοι,

2388 4207 2622 4259 καὶτῶν
2672 4207 3102 4276 ἐπηγγελμένων
3157 4210 3380 4276 ἀγαθῶν
3433 4211 3731 4280 ἐφιέμενοι,
3782 4212 3963 4264 καὶτὸ

717 4310 924 4362 rentes.
958 4309 1010 4355 et
1050 4302 1666 4373 ingratitudinispcenas
1695 4312 2018 4366 metuentes.
2039 4315 2284 4362 amantes

2389 4295 2496 4348 τῶν
2544 4297 2873 4366 εὐεργεσιῶν
2907 4299 3294 4368 ἐντρεπόμενοι
3337 4299 3559 4368 πλῆθος,
3611 4301 3835 4362 καὶτὰς
3861 4301 3963 4369 τῆς

719 4392 1012 4461 legumque
1061 4393 1236 4462 ipsius
1291 4393 1546 4447 custodes
1593 4409 1696 4448 nos
1744 4393 2107 4462 praabeamus.
2158 4397 2284 4452 Haec

2389 4388 2709 4456 ἀχαριστίας
2740 4387 2967 4451 δεδιότες
2985 4388 3232 4453 εὐθύνας,
3259 4390 3578 4456 ἀγαπῶντες
3607 4391 3698 4444 καὶ
3716 4391 3960 4457 φύλακες

718 4483 862 4536 enim
899 4497 1111 4536 summa
1139 4492 1224 4538 est
1256 4484 1529 4548 amicitiae,
1561 4485 1748 4539 eadem
1794 4501 1978 4542 amare
2002 4495 2057 4542 et
2094 4489 2280 4543 eadem
2312 4519 2336 4578 ι

2389 4478 2548 4530 αὐτοῦ
2580 4477 2686 4530 τῶν
2710 4479 2887 4546 νόμων
2922 4479 3229 4548 γενώμεθα.
3265 4476 3430 4542 Οὗτος
3463 4481 3571 4550 γὰρ
3595 4483 3718 4550 ὅρος
3751 4481 3961 4549 φιλίας,

721 4572 924 4626 odisse.
951 4570 1022 4624 Ea
1042 4572 1107 4626 de
1125 4589 1291 4627 causa
1315 4574 1528 4628 dicebat
1549 4589 1768 4644 quoque
1789 4577 1853 4630 ad
1873 4577 2240 4631 Abrahamum
2269 4598 2283 4635 :

726 4684 746 4713 ‹
788 4661 1113 4717 Benedicam
1166 4664 1616 4719 benedicentibus
1674 4666 1796 4730 tibi,
1858 4676 1911 4721 et
1970 4668 2288 4722 maledicam

722 4752 1176 4807 maledicentibus
1213 4753 1308 4806 tibi
1344 4764 1392 4805 η.
1435 4772 1452 4804 ›
1492 4753 1559 4806 Et
1595 4755 1758 4808 David
1800 4755 1866 4809 ad
1901 4771 2064 4811 eum:
2108 4776 2125 4809 ι
2160 4757 2290 4810 Mihi

722 4852 900 4898 autem
946 4844 1099 4899 valde
1141 4845 1396 4898 honorati
1439 4855 1566 4898 sunt
1602 4847 1762 4901 amici
1795 4848 2059 4912 tui,Deus
2079 4858 2118 4901 °.
2164 4869 2180 4900 ι
2214 4850 2294 4905 Ac

723 4950 938 4989 rursum
968 4954 981 4990 :
1019 4956 1037 4988 ‹
1069 4935 1260 4990 Nonne
1296 4937 1387 5005 qui
1415 4937 1657 4991 oderunt
1691 4938 2022 5006 te,Domine,
2048 4942 2294 5004 oderam,

725 5037 778 5080 et
808 5043 971 5096 super
1001 5028 1214 5097 1319
1269 5029 1521 5082 inimicos
1567 5037 1690 5084 tuos
1742 5031 2130 5086 tabesceham?
2165 5033 2294 5087 Per-

726 5119 868 5171 fecto
895 5119 1020 5171 odio
1050 5120 1269 5172 oderam
1302 5118 1448 5172 illos.
1482 5117 1693 5174 Inimici
1726 5120 1852 5175 facti
1881 5131 2009 5176 sunt
2040 5125 2170 5179 mihi
2208 5137 2286 5179 ρ.»

2387 4571 2448 4621 τὸ
2481 4571 2653 4622 ταυτά
2689 4571 2884 4638 φιλεῖν,
2931 4572 3024 4623 καὶ
3068 4572 3236 4623 ταυτά
3286 4575 3494 4642 μισεῖν·
3527 4572 3613 4624 διὰ
3681 4573 3843 4626 τοῦτο
3881 4575 3961 4644 τῷ

2342 4713 2348 4721 _
2401 4661 2649 4730 Ἀϐραὰμ
2676 4662 2894 4730 ἔλεγεν·
2935 4663 3258 4733 «Εὐλογήσω
3301 4664 3424 4725 τοὺς
3467 4664 3822 4731 εὐλογοῦντάς
3877 4683 3960 4728 σε,

2390 4753 2483 4803 καὶ
2540 4756 2663 4815 τοὺς
2715 4755 3145 4822 καταρωμένους
3181 4770 3239 4805 σε
3295 4755 3699 4823 καταράσομαι.
3731 4774 3748 4804 ι
3795 4757 3904 4808 Καὶ
3934 4761 3961 4808 ό

2392 4841 2552 4894 Δαϐ“ιδ
2601 4841 2738 4912 πρὸς
2786 4843 2947 4895 αὐτόν
2979 4858 2995 4875 ’
3033 4862 3050 4894 ι
3093 4843 3246 4912 Ἐμοὶ
3276 4843 3331 4895 δὲ
3384 4844 3504 4896 λίαν
3548 4847 3885 4915 ἐτιμήθησαν
3912 4850 3963 4901 οι

2393 4935 2535 5002 φίλοι
2567 4952 2681 4997 σου,
2705 4936 2731 4987 ὁ
2754 4935 2907 4996 Θεός.
2945 4953 2963 4984 ι
2997 4935 3104 4985 Kal
3133 4934 3292 4986 πάλιν
3314 4947 3326 4960 ·
3370 4951 3388 4983 ι
3410 4936 3543 5003 Οὐχὶ
3572 4937 3695 4996 τούς
3730 4937 3960 5003 μισοῦν⁸

2393 5026 2490 5087 τὰς
2517 5043 2596 5088 σε,
2630 5026 2827 5096 Κύριε,
2891 5024 3146 5094 ἐμίσησα,
3184 5025 3275 5077 καὶ
3305 5026 3397 5078 ἐπὶ
3451 5028 3560 5088 τοῖς
3619 5027 3831 5095 ἐχθροῖς
3865 5045 3961 5080 σου

2392 5114 2776 5183 ἐξετηκόμην;
2828 5113 3043 5165 Τέλειον
3089 5114 3245 5182 μῖσος
3308 5115 3532 5182 ἐμίσουν
3587 5116 3784 5178 αὐτούς
3819 5133 3834 5148 ο
3877 5120 3965 5178 εἰς

727 5208 791 5260 Et
833 5208 941 5261 alio
977 5209 1137 5261 loco:
1177 5225 1194 5259 ι
1229 5207 1452 5277 Iniquos
1488 5209 1611 5263 odio
1655 5210 1841 5274 habui,
1893 5213 2061 5281 legem
2112 5223 2290 5268 autem

2389 5205 2614 5276 ἐχθροὺς
2641 5205 2881 5284 ἐγένοντό
2912 5223 3022 5273 μοι.
3055 5222 3072 5254 ι
3105 5205 3212 5257 Καὶ
3243 5205 3467 5274 ἑτέρωθι
3493 5214 3506 5236 ⁸
3550 5224 3567 5256 ι
3599 5206 3962 5275 Παρανόμοῦς

725 5308 872 5352 tuam
903 5297 1068 5352 dilexi
1090 5307 1137 5350 ⁴ι·
1180 5318 1198 5351 ι
1247 5298 1497 5354 Etalibi:
1535 5318 1552 5351 ι
1590 5299 1872 5365 Quomodo
1901 5304 2064 5357 dilexi
2102 5306 2284 5392 llegem

2389 5296 2625 5366 ἐμίσησα
2643 5337 2657 5361 ,
2681 5297 2769 5349 τὸν
2791 5298 2846 5350 δέ
2868 5298 3029 5367 νόμον
3058 5313 3152 5350 σου
3171 5297 3468 5366 ἠγάπησα.
3498 5314 3515 5346 ι
3556 5297 3666 5349 Καὶ
3695 5296 3963 5366 ἀλλαχοῦο

724 5397 897 5452 tuam,
929 5387 1186 5442 Domine!
1223 5396 1334 5442 tota
1358 5387 1445 5443 die
1481 5389 1761 5443 meditatio
1789 5402 1907 5444 mea
1935 5403 2019 5448 est
2056 5387 2129 5446 τέ»
2167 5394 2291 5449 Evi-

726 5479 861 5534 dens
895 5479 1062 5550 igitur
1086 5478 1373 5535 charitatis
1400 5480 1452 5534 in
1488 5479 1654 5535 Deum
1679 5492 2060 5552 argumentum
2093 5497 2176 5542 est
2200 5489 2307 5543 di-

793 5658 1041 5740 λυίερτ.
1079 5660 1133 5724 2,
1173 5661 1391 5740 I5,_I6.7
1434 5663 1470 5740 ξ
1511 5660 1668 5740 Cant.
1715 5679 1763 5725 ν,
1799 5665 1848 5720 8.
1911 5666 2136 5740 Λικιοειι.
2181 5689 2238 5735 u.
2277 5675 2367 5740 29,

725 5730 814 5788 Si.
890 5739 921 5770 ι
948 5731 1083 5787 Cen.
1124 5732 1290 5795 xn,'5.
1375 5739 1399 5767 °
1431 5729 1572 5785 Psal.
1610 5747 1864 5797 cxxxvm,
1900 5736 1986 5792 I7.
2045 5741 2195 5796 ibid.
2229 5729 2328 5810 "ll,
2355 5729 2447 5801 '22.

2394 5407 2410 5440 ι
2445 5390 2530 5453 Ὠς
2548 5391 2808 5460 ἠγάπησα
2836 5391 2925 5445 τὺν
2946 5391 3111 5461 νόμον
3130 5407 3244 5456 σου,
3265 5391 3460 5461 Κύριε,
3477 5393 3602 5462 ὃλην
3623 5393 3721 5462 τὴν
3742 5393 3965 5463 ἡμέραν

2391 5480 2584 5551 μελέτη
2611 5482 2711 5551 μού
2763 5485 2924 5536 ἐστιν.
2957 5501 2974 5532 ι
2997 5483 3254 5554 Ἐναργές
3282 5479 3376 5536 οῦν
3397 5486 3693 5555 τεκμήριον
3717 5486 3814 5556 τῆς
3833 5503 3895 5537 πε
3905 5488 3967 5554 pl

2467 5678 2491 5718 ι
2525 5678 2852 5764 Ιεολιιιιῶ.
2932 5680 2948 5720 ι
2997 5683 3155 5737 Rom.
3184 5686 3426 5764 VIII,__3_2_.
3504 5698 3541 5726 ι·
3574 5691 3744 5745 IlCor
3790 5694 3967 5764 v.20,

2553 5760 2576 5797 ει
2613 5751 2760 5805 Psal.
2796 5766 2957 5805 cum
2987 5766 3166 5808 ccxix.
3252 5764 3271 5791 τ
3309 5756 3442 5810 ibid.
