4216 6456
748 393 764 453 l
775 394 876 456 5‘23

744 582 961 631 racusis
984 580 1143 639 dixit,
1180 580 1325 630 illaut
1361 594 1426 630 ex
1462 590 1702 645 quatuor
1742 577 1970 631 urbibus
2001 585 2260 645 constare
2294 592 2307 637 ;

744 648 885 700 idem
947 662 1163 715 quoque
1194 648 1260 701 de
1311 644 1605 700 Antiochia
1663 647 1768 699 dici
1829 653 2030 714 potest.
2097 644 2312 715 Primus

747 712 1121 784 Triptolemus
1162 718 1398 783 Argivus
1453 732 1571 771 eam
1614 712 1886 784 condidit,
1915 724 1969 767 et
1995 730 2058 766 ex
2094 712 2181 784 lus
2217 728 2313 764 no-

744 783 1469 859 minelonem_appellavit,
1500 797 1557 859 ut
1579 787 1773 859 scribit
1815 783 2080 859 Libanius
2202 784 2311 834 An—

746 858 986 914 tiochico.
1016 864 1069 907 et
1106 851 1423 925 Stephanus
1463 858 1514 909 itt
1550 858 1687 908 libro
1725 856 1799 908 De
1841 853 2080 906 urbibus.
2121 851 2314 925 Postea

744 927 919 977 (Iasus
948 920 1232 980 Cretensis
1267 927 1478 979 colonis
1512 942 1629 978 eant
1665 925 2057 990 l'reqttentavit.
2095 930 2149 973 et
2181 920 2314 975 Cas—

747 998 940 1047 siotam
969 997 1157 1047 urbem
1188 997 1497 1050 :cdilicavit.
1525 995 1721 1048 Postea
1754 994 1927 1049 Graeci
1956 1008 2019 1046 ex
2052 991 2319 1058 Pelopon-

747 1080 877 1117 neso
908 1065 1161 1132 profecti,
1224 1066 1534 1120 lleracleam
1582 1066 1973 1117 condiderunt.
2033 1060 2319 1132 Postremo

750 1130 1014 1187 Seleucus
1044 1134 1266 1186 Nicator
1296 1151 1415 1187 eam
1470 1134 1847 1201 ampliﬁcavit.
1884 1140 1936 1183 et
1968 1130 2313 1201 Antiochiam

750 1204 1023 1255 ttomin'ari
1063 1204 1257 1265 voluit,
1293 1214 1353 1257 ut
1380 1198 1578 1257 iltitleni
1608 1205 1803 1257 scribit
1834 1202 2118 1253 Libanius.
2152 1198 2319 1251 Vetus

751 1274 919 1333 igitur
954 1274 1085 1326 urbs
1112 1289 1173 1326 ea
1205 1290 1331 1329 esse
1366 1276 1597 1333 videtur,
1631 1289 1794 1341 quam
1830 1273 1933 1327 sub
1968 1280 2151 1341 ntoute
2184 1268 2317 1321 tedi-

749 1343 931 1395 tlcavit
981 1342 1346 1407 Triptolemus
1375 1344 1624 1411 Argivus.
1652 1340 1913 1411 Ejusdem
1961 1340 2064 1393 loci
2119 1340 2317 1411 iterum

749 1413 997 1464 meminit
1021 1411 1395 1465 Thcodoretns
1421 1408 1473 1465 in
1503 1414 1592 1465 lib.
1629 1408 1823 1480 tt,cap.
1856 1412 1943 1471 27,
1972 1420 2023 1463 et
2046 1410 2100 1480 in
2123 1408 2218 1459 lib.
2240 1423 2319 1471 ttt,

747 1496 869 1549 cap.
903 1483 955 1543 ἓ,
1000 1484 1085 1533 ubi
1125 1485 1277 1548 plura
1306 1483 1570 1536 dicemus.
1606 1479 1782 1535 Porro
1806 1480 1865 1535 i'n‘
1888 1497 1948 1533 ea
1994 1479 2208 1546 regione
2235 1492 2325 1529 ur-

750 1551 834 1603 bis
897 1552 1215 1611 Anliorbiae.
1275 1551 1395 1605 dine
1430 1550 1577 1604 luere
1605 1552 1877 1605 basilicaz:
1912 1549 2076 1601 altera
2107 1560 2321 1613 magna,

749 1636 910 1688 quant
972 1622 1258 1674 mdilicavit
1294 1622 1640 1686 Philogonius
1670 1638 1683 1683 ;
1720 1622 1884 1674 altera
1922 1619 2098 1688 minor
2121 1655 2135 1677 ,
2167 1617 2325 1683 cujus

751 1685 997 1743 meminit
1018 1691 1371 1759 Theophanes
1405 1692 1455 1742 in
1489 1687 2009 1757 Chronico,pag.60.
2034 1685 2326 1759 llaucpor-

753 1774 815 1811 ro
844 1761 1128 1813 ecvlesiam
1161 1756 1393 1813 ἑταλαιὰν
1448 1760 1738 1826 ἐκκλησίαν
1756 1756 1909 1812 vocat
1945 1765 2135 1809 auctor
2163 1756 2327 1808 Ultro-

753 1830 858 1881 nici
890 1829 1256 1892 Alexandrini,
1287 1830 1529 1899 pag.688
1551 1872 1564 1892 ,
1588 1825 1765 1899 idest,
1785 1829 1882 1898 τὴν
1909 1831 1964 1879 ὲν
1989 1830 2054 1895 τῇ
2100 1825 2322 1899 παλᾳιᾷ.

822 1899 928 1949 Kal
952 1899 1101 1965 μετὰ
1127 1899 1237 1965 τὴν
1267 1896 1573 1964 {ciconia
1610 1898 1764 1952 llunc
1791 1896 1971 1950 locum
2010 1896 2225 1965 correxi
2259 1912 2324 1949 ex

752 1970 1127 2036 manuscripto
1158 1972 1349 2022 codice
1394 1969 1610 2022 llenrici
1645 1968 1861 2029 Savilii,
1905 1967 1959 2019 itt
2001 1978 2109 2031 quo
2143 1964 2214 2016 ita
2252 1965 2327 2019 Ie-

752 2039 1041 2102 gitttr,‘x1l.
1093 2040 1229 2105 μετὰ
1267 2038 1419 2109 τήνδε
1470 2039 1567 2108 τὴν
1611 2038 1775 2090 αὑτοῦ
1808 2036 2138 2109 γεᾉἈρξίου,
2163 2043 2212 2109 et
2252 2052 2326 2109 .c.

754 2109 1044 2171 Quomodo
1074 2103 1236 2162 etiam
1274 2103 1538 2176 scriptum
1588 2116 1672 2163 est
1708 2110 1760 2160 itt
1792 2103 1984 2176 codice
2007 2103 2213 2176 Leonis
2236 2104 2329 2156 Al-

758 2178 892 2228 Iatii.
915 2178 995 2229 lla
1028 2180 1190 2232 etiam
1224 2172 1661 2231 ediditJacobus
1684 2175 2043 2231 Sirmundus.
2084 2172 2329 2241 Denique

760 2246 1126 2314 Epiphanium
1162 2246 1564 2302 Scholastirnm
1596 2249 1649 2301 in
1678 2261 1780 2301 suo
1814 2245 2005 2299 codice
2035 2243 2107 2297 ita
2133 2243 2330 2313 legisse

756 2332 821 2369 cx
856 2317 1109 2373 versione
1133 2319 1250 2388 ejus
1284 2327 1530 2388 apparet.

1338 2387 1403 2440 In
1434 2399 1589 2455 caput
1625 2388 1726 2443 IV.

825 2458 955 2514 Pac.
990 2460 1042 2515 9.
1092 2460 1230 2512 Εἴτε
1258 2460 1330 2511 δι’
1354 2459 1579 2512 ἄλλων.
1626 2458 1750 2514 Haec
1796 2460 1959 2513 verba
1997 2458 2049 2509 itt
2086 2469 2185 2508 sua
2213 2470 2332 2507 ver-

756 2531 913 2584 sione
945 2530 1127 2583 omisit
1151 2528 1715 2596 Cltristophorsonus,
1738 2529 2045 2583 etJacobus
2083 2524 2331 2596 Sirmun-

756 2601 863 2652 tlus
901 2618 914 2653 :
950 2614 1050 2669 nec
1089 2593 1535 2666 ltabeutttrapud
1573 2598 1960 2669 Nicephorum,
1998 2612 2103 2669 nec
2137 2597 2191 2648 in
2216 2593 2333 2647 edi-

758 2673 906 2723 tione
945 2668 1254 2723 Basiliensi.
1317 2669 1500 2733 Quare
1536 2684 1643 2724 non
1706 2668 1904 2723 ntirunt
1945 2677 2031 2723 est
2070 2668 2330 2718 Camera—

759 2740 903 2792 rium
935 2741 989 2792 in
1032 2754 1129 2793 sua
1170 2740 1628 2808 interpretatione
1655 2755 1717 2793 ea
1747 2741 2022 2793 omisisse.
2050 2735 2332 2808 [labentur

761 2822 941 2863 tamen
1000 2810 1053 2861 in
1107 2804 1335 2876 reliquis
1391 2810 1835 2877 exemplaribus,
1883 2808 2052 2877 Regio
2099 2804 2329 2877 scilicet,

763 2880 1062 2952 Saviliano,
1091 2886 1150 2952 et
1180 2874 1384 2952 Allatii.
1409 2878 1526 2952 Sed
1553 2874 1606 2952 et
1654 2874 1996 2952 Epiphanius
2024 2874 2332 2952 Scholasti-

760 2963 864 3002 ens
897 2949 949 3001 in
983 2963 1083 3002 suo
1113 2946 1422 3016 Exemplari
1459 2963 1520 3003 ea
1553 2946 1775 3016 legerat}
1806 2948 1897 3001 Sic
1950 2950 2093 3001 enim
2124 2946 2289 2997 vertit
2316 2958 2328 2992 :

766 3018 847 3070 Ne
884 3020 1000 3085 quis
1026 3018 1161 3086 forte
1194 3028 1481 3085 pra'sumat
1514 3034 1691 3071 eorum
1730 3020 1783 3071 in
1829 3022 2085 3087 panetius
2129 3025 2332 3067 vestras

761 3088 1025 3149 accedere,
1066 3090 1142 3141 vel
1166 3105 1256 3153 per
1288 3106 1361 3151 se,
1394 3090 1469 3141 vel
1498 3105 1585 3154 per
1616 3089 1773 3142 alios.

835 3158 1237 3230 'Agg‘lOQTOE'V
1274 3158 1376 3230 καὶ
1418 3159 1710 3224 Ἀχιλλᾶς.
1746 3158 1804 3212 1η
1834 3161 2208 3230 manuscripto
2237 3175 2332 3214 co-

760 3228 884 3282 dice
910 3227 1126 3282 Henrici
1159 3228 1347 3281 Savilii
1386 3235 1437 3282 et
1481 3230 1531 3281 in
1570 3230 1806 3283 editiotte
1855 3227 2335 3299 Basiliensi‘Axtl-

759 3300 885 3359 λεὺς
936 3300 1227 3359 Srribitur,
1261 3300 1536 3365 quomodo
1600 3300 1765 3368 etiam
1821 3299 1949 3366 legit
2001 3299 2334 3368 Epiphanius

765 3368 1162 3422 Scholasticus.
1204 3369 1280 3421 lta
1320 3383 1536 3436 quoque
1594 3367 1858 3421 Scribitur
1899 3368 2001 3421 ltoc
2043 3384 2245 3423 nomen
2280 3374 2333 3424 in

762 3439 996 3507 epistola
1026 3438 1318 3491 Alexandri
1344 3438 1586 3507 episcopi
1619 3437 1962 3490 Alexandriae
2017 3439 2081 3491 ad
2115 3441 2334 3493 univer—

760 3524 851 3562 sas
885 3508 1179 3571 Ecclesias,
1218 3509 1308 3561 ubi
1338 3522 1528 3561 omnes
1553 3508 1666 3561 Arii
1690 3516 1990 3561 sectatores
2007 3511 2097 3575 qui
2122 3525 2335 3563 excom-

762 3579 1028 3631 municati
1072 3579 1312 3639 fuerant,
1343 3578 1538 3630 ordine
1588 3585 1987 3647 recensentur:
2031 3594 2093 3633 ac
2124 3581 2330 3647 primus

761 3650 1003 3701 omnium
1039 3648 1357 3700 nominatur
1387 3647 1645 3701 Achilles.
1691 3645 1781 3699 Sic
1801 3647 1944 3700 enim
1978 3645 2242 3701 scribitur
2280 3649 2334 3702 in

763 3719 951 3788 multis
983 3717 1411 3788 exemplaribus,
1438 3727 1490 3769 et
1510 3718 1651 3785 apud
1690 3715 1966 3788 Gelasium
1984 3716 2334 3788 Cyzicenum.

762 3787 829 3840 Et
890 3787 1143 3842 Gelasius
1204 3787 1423 3856 quidem
1470 3788 1785 3857 iCyzicenus
1841 3787 1981 3839 hanc
2033 3787 2335 3843 Alexandri

762 3859 1052 3925 epistolam
1114 3858 1180 3910 ad
1240 3856 1611 3911 Alexandrum
1662 3856 2335 3926 Constantiuopolitanum

767 3928 1092 3996 episcopum
1140 3926 1362 3981 silentio
1415 3927 1763 3996 praetermisit
1822 3943 1835 3979 :
1885 3929 2030 3994 quod
2082 3928 2335 3996 equidem

766 3995 903 4052 satis
932 3998 1117 4050 mirari
1170 4013 1277 4049 nott
1314 4011 1562 4066 possunt.
1599 3995 1969 4066 Cassiodorus
1993 3995 2203 4050 vero'in
2244 3997 2338 4049 lli-

766 4068 938 4121 storia
988 4067 1255 4134 tripertita
1318 4067 1460 4120 banc
1506 4066 1801 4119 Alexandri
1835 4065 1903 4117 ad
1963 4066 2335 4120 Alexandrum

764 4136 1443 4203 tlottstantinopolitanum
1498 4136 1784 4205 epistolam
1836 4135 2071 4202 subjecit
2094 4138 2339 4205 epistolae

765 4207 1014 4274 ejusdem
1060 4206 1353 4259 Alexandri
1395 4206 1460 4258 ad
1516 4209 1807 4259 universas
1864 4205 2159 4260 Ecclesias.
2213 4206 2339 4259 Exi-

765 4278 1137 4329 stimo-tamen
1175 4275 1314 4329 hanc
1343 4275 1408 4328 ad
1437 4276 1805 4329 Alexandrum
1838 4274 2341 4344 ConstantinOpoli-

767 4356 956 4398 tanum
987 4346 1273 4413 epistolam
1313 4346 1492 4413 priore
1528 4346 1644 4399 loco
1676 4346 1936 4413 scriptam
1973 4346 2162 4399 fuisse.
2196 4347 2339 4400 ldcm

768 4417 1011 4470 sensisse
1046 4414 1201 4467 video
1228 4413 1591 4482 Nicephorum
1618 4415 1669 4465 in
1696 4414 1791 4468 lib.
1821 4428 1940 4476 vni,
1968 4430 2089 4481 cap.
2128 4415 2155 4464 7
2188 4424 2242 4467 et
2273 4417 2340 4475 8;

771 4486 868 4538 sed
906 4485 972 4538 de
1005 4485 1105 4537 bac
1140 4498 1197 4537 re
1225 4485 1376 4552 plura
1408 4485 1657 4537 dicemus
1686 4482 1918 4538 inferius
1955 4486 2007 4536 in
2034 4487 2343 4538 annotatio-

771 4557 937 4608 nibus
970 4553 1035 4606 ad
1078 4556 1328 4622 paginam
1364 4555 1448 4606 l9.

855 4624 917 4677 '0
939 4622 1054 4692 μὲν
1081 4625 1191 4689 γὰρ
1227 4622 1426 4687 αὐτοῖς
1481 4623 1709 4687 τούτοις
1749 4622 2040 4692 ἐγκαλῶν.
2100 4622 2346 4679 ϐιινίειοο

772 4695 1082 4762 pltorsonus
1114 4696 1227 4745 inec
1250 4694 1410 4746 verba
1436 4692 1873 4763 αὺτοῖς-τούτοις,
1892 4696 1943 4746 in
1977 4705 2168 4747 neutro
2184 4710 2365 4763 gette-,

774 4760 831 4817 re
852 4764 1085 4832 accepit.
1113 4763 1203 4814 Sic
1229 4763 1370 4813 enim
1395 4764 1550 4814 vertit
1571 4780 1595 4813 ει
1616 4760 1714 4815 Ille
1753 4767 1891 4815 enim
1924 4760 2223 4832 quanquam
2257 4781 2346 4817 eus

772 4836 917 4901 ipsas
948 4850 1052 4894 res,
1079 4849 1208 4900 quas
1237 4832 1347 4891 isti,
1390 4848 1671 4901 coarguere
1704 4833 2018 4893 conabatur,
2053 4843 2226 4887 tamen
2250 4836 2349 4885 itu-

774 4902 928 4971 probi
954 4904 1038 4955 sui
1062 4904 1288 4955 instituti
1316 4918 1533 4955 causam
1566 4903 1753 4955 saltem
1772 4904 2077 4956 simulatam
2104 4904 2349 4956 habuisse

780 4976 925 5027 visus
966 4982 1063 5026 est.
1116 4973 1329 5040 Reliqui
1402 4989 1530 5042 vero
1597 4972 1949 5041 interpretes,
2013 4974 2348 5042 Epiphanius

778 5045 989 5097 scilicet
1034 5042 1429 5102 Scholastieus,
1460 5040 1697 5098 Joannes
1733 5040 1973 5112 Longus,
2027 5040 2345 5096 Joa‘cltimus

778 5113 1148 5175 Camerarius,
1168 5127 1229 5165 ac
1247 5112 1598 5178 Sirmundus,
1613 5115 1666 5167 in
1684 5116 1984 5166 mascMino
2002 5123 2348 5181 acceperunt,

779 5184 927 5237 etde
972 5185 1194 5237 Ariauis
1252 5184 1663 5243 intellexerunt,
1706 5199 1845 5249 quos
1876 5184 2127 5252 culpabat
2165 5185 2353 5237 Collu-

781 5255 930 5307 thus.
982 5254 1227 5319 Quorum
1277 5255 1496 5321 quidem
1553 5255 1878 5308 sententiam
1931 5254 2103 5322 magis
2162 5255 2347 5322 probo.

782 5322 918 5376 Nam
982 5324 1036 5377 itt
1090 5322 1577 5391 Cltristnphorsoni
1643 5325 2097 5392 interpretatione
2144 5325 2350 5377 nullutn

785 5409 1005 5462 sensum
1044 5393 1218 5448 video.
1253 5392 1383 5458 Quae
1418 5402 1546 5447 sunt
1572 5395 1715 5448 enim
1750 5395 1851 5445 illa:
1881 5410 1969 5448 res
2016 5409 2155 5462 quas
2189 5395 2354 5448 Arius

784 5474 838 5516 et
867 5461 1135 5518 Coluthus
1165 5464 1497 5517 aecusabant
1524 5463 1547 5515 ?
1584 5464 1774 5517 Verius
1823 5461 2049 5517 omnino
2089 5473 2194 5529 est,
2227 5464 2356 5517 Col-

788 5535 995 5587 lutltuut
1034 5546 1323 5587 accusasse
1374 5535 1559 5587 Arium
1595 5544 1647 5589 et
1682 5544 1976 5588 sectatores
2006 5535 2171 5589 illius.
2222 5532 2356 5587 Nam

787 5618 911 5656 cum
940 5612 1089 5657 esset
1121 5607 1405 5674 presbyter
1427 5604 1587 5667 unius
1612 5620 1675 5674 ex
1705 5605 1962 5673 parteciis
1986 5603 2352 5670 Alexandrim,

788 5672 1249 5741 quemadmodum
1283 5672 1449 5728 Arius
1495 5685 1548 5731 et
1585 5672 1866 5742 Carponas
1901 5690 1965 5728 ac
2020 5674 2300 5727 Sarmatas
2337 5690 2354 5739 ;

789 5745 907 5812 ipse
928 5744 980 5795 in
1012 5741 1243 5813 parate-ia
1261 5758 1358 5798 sua
1382 5741 2008 5813 perversattt’quantdatn
2031 5744 2354 5806 doctrinam,

792 5813 1015 5884 perinde
1045 5828 1105 5870 ac
1145 5812 1306 5869 Arius
1339 5814 1673 5884 praedicavit,
1720 5812 1776 5869 ut
1825 5815 1987 5869 tradit
2019 5813 2357 5885 Epiphanius

1991 397 2064 454 Il.
2096 393 2359 453 VALESI
2369 393 2392 451 I
2464 394 2680 454 ΝΟΤιΕ

739 508 883 577 quod
940 507 1151 561 Marcus
1204 509 1413 562 Tullius
1457 508 1508 561 in
1563 515 1759 576 quarta
1816 506 2042 559 Verriua
2104 504 2171 559 de
2203 492 2351 575 Sy?

3860 393 3996 459 1523

2420 505 2472 557 in
2501 505 2693 559 haeresi
2717 505 3071 560 Arianorum.
3100 504 3254 561 Unde
3279 516 3397 561 orta
3420 516 3504 562 est
3535 506 3678 561 inter
3698 520 3793 561 eos
3819 520 3999 560 temu-

2420 574 2569 635 latio,
2620 590 2743 645 cum
2792 576 2989 645 singuli
3054 592 3213 630 suum
3262 577 3458 641 dogma
3513 588 3761 631 astruere
3831 590 4003 629 cona-

2420 652 2629 701 rentur.
2661 644 2717 696 ld
2751 644 2899 700 enim
2948 647 3170 701 evenire
3209 648 3349 699 solet
3405 648 3550 700 inter
3584 647 3869 700 haereticos
3916 646 4001 699 di-

2418 728 2710 767 versarum
2765 722 3060 768 sectarum.
3097 716 3385 769 Colluthus
3418 716 3586 785 igitur
3612 732 3737 767 cum
3800 716 3996 769 Arium

2418 788 2678 850 tanquam
2703 786 2926 853 impium
2949 794 3113 853 atque
3131 786 3442 838 haereticunt
3463 787 3601 854 apud
3630 785 4000 838 Alexandrum

2421 864 2759 925 accusasset,
2796 862 2849 907 et
2871 854 3177 909 Alexander
3211 856 3398 908 Arium
3444 856 3717 925 deponere
3747 855 4003 920 aliquan-

2423 920 2514 993 diu
2545 923 2871 986 distulisset,
2904 925 3194 978 occasione
3212 934 3452 993 arrepta,
3516 920 3638 981 sese
3665 925 3733 977 ab
3763 925 4002 977 Alt-ran-

2422 988 2537 1066 dro_
2563 993 2824 1066 sejunxit,
2853 1003 2907 1066 et
2937 1010 3055 1066 _pro
3105 988 3367 1066 episcopo
3398 1011 3584 1063 agens,
3642 995 4002 1066 presbyteros

2423 1062 2716 1184 ggdillélgll.
2770 1062 2899 1117 Vide
2937 1061 3232 1118 Baroniutn
3269 1061 3335 1118 ad
3378 1061 3580 1119 annum
3637 1061 3842 1119 Christi
3872 1064 3999 1124 5l5.

2494 1148 2544 1184 υ.
2656 1171 2668 1183 .

2425 1143 2544 1184 C80.
2577 1143 2668 1184 28.

2492 1148 2808 1269 ﬁnitima
2833 1201 3187 1271 προθέσεως.
3252 1203 3308 1256 ltt
3338 1202 3526 1257 codice
3569 1202 3765 1258 Leonis
3818 1186 4001 1254 Allatii

2430 1274 2801 1342 seriptum_est
2856 1273 3245 1342 προαιρέσεως.
3280 1272 3568 1336 Quomodo
3597 1274 3760 1327 etiam
3802 1272 3999 1335 legisse

2429 1345 2647 1396 videtur
2676 1340 3443 1411 Epiphanius'Scltolasticus.
3485 1342 3575 1396 Sic
3609 1344 3750 1397 enim
3784 1342 3950 1411 vertit
3984 1360 3997 1394 :

2429 1415 2532 1467 Ille
2558 1410 2789 1469 namque
2833 1412 2925 1464 hos
2954 1412 3094 1477 ipsos
3128 1412 3367 1478 culpatis,
3414 1416 3653 1473 pessima:
3708 1410 3999 1464 voluntatis

2427 1500 2539 1540 suta
2562 1482 2751 1533 invenit
2777 1482 3125 1537 occasionem.

2506 1551 2624 1615 Τὴν
2680 1551 2911 1603 ἐκείνου
2945 1552 3469 1617 Χριστεμπορείαν.
3532 1553 3821 1610 Colluthus
3875 1572 4000 1609 cum

2432 1628 2578 1677 esset
2607 1622 2887 1689 presbyter
2928 1621 3289 1681 Alexandriae,
3332 1624 3641 1690 arrogantia
3675 1639 3737 1677 ac
3778 1628 4004 1678 temeri-

2434 1702 2542 1746 tate
2575 1692 2751 1743 elatus
2773 1730 2787 1753 ,
2818 1705 2916 1760 pro
2961 1692 3220 1762 episcopo
3266 1706 3325 1745 se
3357 1703 3625 1762 gesserat,
3691 1698 4003 1762 multosque

2437 1763 2782 1831 presbyteros
2835 1761 3203 1831 aertliaconos
3271 1761 3639 1820 ordinaverat.
3691 1764 3891 1818 Verum
3951 1766 4005 1816 in

2435 1830 2644 1901 Synodo
2683 1830 3028 1883 Alexandria:
3060 1840 3414 1902 congregata,
3453 1842 3666 1886 cunctae
3700 1836 3823 1902 ejus
3854 1836 4008 1886 ordi-

2436 1900 2685 1954 nationes
2702 1910 2889 1971 postea
2930 1900 3185 1971 rescissa:
3216 1909 3363 1964 sunt,
3399 1910 3453 1952 et
3479 1900 3792 1971 quicunque
3828 1906 3896 1954 ab
3944 1920 4008 1957 eo

2435 1972 2670 2025 ordinati
2694 1970 2931 2027 fuerant,
2968 1970 3020 2020 itt
3050 1970 3311 2023 laicorutu
3335 1974 3581 2024 ordinent
3619 1970 3745 2026 sunt
3776 1974 4006 2037 redacti,

2437 2049 2498 2094 ut
2537 2049 2770 2093 testatur
2810 2040 3144 2108 Athanasius
3179 2041 3231 2093 in
3260 2043 3610 2108 Apologetico
3631 2044 3876 2095 secundo
3909 2044 4007 2094 ad-

2394 2132 2396 2135 ·
2437 2126 2631 2164 versus
2667 2111 2921 2162 Arianos.
2964 2107 3103 2161 llinc
3130 2121 3376 2178 apparet.
3408 2126 3506 2163 cur
3540 2115 3846 2165 Alexander
3888 2116 4011 2165 (fol-

2438 2180 2659 2245 ltttltunt
2682 2180 3115 2248 Χριςτέμπορον,
3149 2192 3324 2237 vocet.
3353 2196 3420 2234 eo
3455 2184 3620 2248 quod,
3658 2185 3892 2244 Scilicet,
3925 2200 4011 2234 or-

2438 2249 2747 2304 diuationes
2779 2251 3054 2310 venderet,
3081 2258 3134 2302 et
3159 2266 3221 2304 ex
3247 2266 3506 2303 tuanuum
3538 2253 3888 2318 intpositione
3947 2266 4011 2305 ac

2439 2320 2666 2386 reliquis
2704 2319 3064 2373 sacramentis
3086 2330 3355 2387 quaestum
3392 2332 3655 2387 captaret.

2507 2390 2698 2453 Δόξης
2725 2390 3003 2443 ἀλέκτου.
3043 2389 3095 2443 ltt
3140 2392 3514 2458 manuscripto
3560 2392 3747 2446 rodice
3791 2389 4009 2445 llettrici

2440 2459 2705 2513 Saviliict
2746 2460 2798 2512 itt
2840 2460 3078 2513 editione
3131 2461 3421 2514 Basiliensi
3488 2462 3686 2524 legitur
3747 2463 4007 2530 ἀλήκτου.

2440 2530 2721 2599 Vulgatam
2776 2538 2952 2584 tamen
2987 2531 3314 2600 scripturam
3344 2540 3568 2584 tuentur
3605 2533 3796 2600 reliqui
3859 2531 4013 2585 codi-

2439 2610 2651 2661 ces,et
2711 2599 2994 2668 Epiphanii
3058 2599 3381 2654 Scholastici
3444 2599 3839 2670 interpretatio.
3906 2600 4012 2653 Sed

2438 2679 2493 2723 ct
2526 2671 2577 2741 in
2605 2671 2844 2741 editione
2884 2687 2979 2738 pro
3010 2671 3096 2725 bis
3126 2671 3304 2725 verbis
3331 2671 3483 2740 παρὰ
3510 2672 3588 2741 τῷ
3619 2672 3786 2741 πατρὶ
3815 2672 4016 2740 legitur

2439 2739 2587 2812 παρᾲ
2618 2739 2709 2812 τοῦ
2741 2742 2964 2812 πατρός.

2509 2809 2586 2861 Δι’
2615 2809 2898 2878 ἑντυχίάς
2928 2809 3344 2879 γυναικαρίων.
3383 2810 3697 2879 Amplector
3736 2810 4017 2878 interpreo

2439 2880 2700 2932 tationem
2749 2882 3040 2932 (lamerarii
3077 2880 3167 2947 qui
3206 2881 3285 2933 sic
3312 2881 3475 2932 vertit
3516 2898 3529 2933 :
3573 2896 3663 2944 per
3704 2882 4018 2944 interpella-

2443 2952 2603 3001 tiones
2648 2950 3104 3013 muliercularum,
3157 2957 3264 3001 etc.
3331 2948 3441 3002 Nec
3494 2950 3633 3001 male
3678 2949 4021 3016 Epiphanius

2442 3019 2817 3075 Scholasticus
2840 3020 3098 3073 editiones
3132 3019 3540 3087 interpretatur.
3585 3017 3841 3089 Intelligit
3869 3022 4020 3073 enim

2441 3090 2654 3143 libellos
2710 3091 3145 3154 accusationum,
3202 3103 3340 3155 quos
3393 3091 3650 3143 mulieres
3693 3091 3760 3143 ab
3793 3091 4023 3142 Arianis

2441 3160 2754 3213 subornata:
2790 3160 3137 3228 porrigebant
3166 3158 3443 3226 judicibus
3478 3159 3741 3212 adversus
3782 3162 4023 3212 Alexan-

2440 3231 2598 3282 drum
2624 3230 2940 3298 episcopum
2970 3228 3335 3298 Alexandriae.
3368 3229 3511 3281 Sane
3544 3230 3760 3297 ὲντυχία
3803 3245 3906 3297 pro
3956 3231 4022 3282 li-

2444 3298 2586 3352 bello
2635 3297 2868 3366 supplici
2911 3299 3150 3352 sumitur
3181 3300 3248 3351 ab
3275 3297 3597 3361 Athanasio,
3634 3310 3694 3352 ιιι
3727 3300 4023 3353 observavi

2443 3372 2497 3423 itt
2540 3370 2991 3421 annotationibus
3022 3367 3366 3420 Eusebianis.

2514 3438 2639 3491 Pas.
2665 3438 2747 3492 lO.
2780 3436 3168 3507 Παμψ-ηρεὶ...
3190 3434 3299 3501 τῆς
3326 3437 3690 3503 Ἐκκλησίας
3714 3438 4027 3502 ἐξηλάσα-

2437 3524 2570 3577 μεν.
2630 3508 2847 3577 ΕκνΙιὶε
2910 3509 3089 3562 verbis
3153 3507 3466 3573 colligitur,
3524 3508 3663 3560 hanc
3725 3510 4022 3576 epistulam

2443 3576 2739 3631 Alexandri
2781 3579 3040 3646 scriptam
3068 3591 3189 3630 esse
3228 3585 3351 3642 post
3384 3577 3654 3645 synodum
3685 3578 4021 3631 Alexandri-

2444 3663 2590 3706 nam.
2626 3647 2808 3716 inqua
2833 3650 3123 3700 damnatus
3155 3658 3271 3697 erat
3299 3646 3465 3699 Arius
3483 3663 3614 3716 cum
3643 3649 3833 3700 sociis.
3879 3647 4025 3698 Duas

2443 3728 2622 3770 autem
2696 3714 2938 3788 synodos
3009 3714 3672 3788 episcoporumﬂngypti
3753 3716 4026 3769 adversus

2444 3788 2630 3839 Arium
2661 3786 2890 3856 ejusque
2924 3788 3105 3841 socios
3130 3786 3349 3856 collegit
3386 3786 3696 3856 Alexander
3725 3788 4028 3854 episcOpus

2443 3855 2814 3920 Alexandriae,
2834 3865 2892 3911 ut
2928 3857 3070 3911 inl'ra
3096 3855 3347 3925 pluribus
3371 3855 3746 3918 ostendemus,
3775 3858 3841 3910 ad
3868 3857 4028 3925 pagi-

2444 3941 2567 3980 nam
2602 3928 2688 3981 l9.

2520 3993 2625 4051 Οἷα
2656 3997 2755 4050 καὶ
2803 3995 2993 4050 πᾶσιν
3024 3992 3176 4050 εἶναι
3219 3995 3482 4063 πέφυκεν
3532 3996 3885 4062 ἀνθρώποις.
3948 3999 4024 4049 Ita

2446 4082 2663 4137 quoque
2713 4068 2909 4134 legitur
2958 4067 3012 4119 itt
3057 4066 3298 4137 editione
3350 4064 3680 4137 Basiliensi,
3722 4068 3843 4137 nisi
3873 4067 4021 4135 quod

2445 4130 2856 4190 olov'scrihiiur
2898 4140 2993 4204 pro
3043 4130 3150 4188 οἶα.
3201 4133 3403 4188 Verum
3449 4136 3502 4187 in
3554 4136 3746 4189 codice
3804 4130 4027 4189 lleitrici

2449 4207 2636 4260 Savilii
2662 4216 2714 4260 et
2732 4209 2784 4260 in
2798 4207 2981 4274 altero
3008 4206 3304 4274 exemplari
3331 4206 3500 4271 Regio
3522 4206 3730 4257 rectius
3758 4208 4028 4259 scribitur

2448 4275 2553 4329 ltoc
2586 4278 2744 4330 modo
2767 4272 2876 4336 οἷος
2905 4278 2995 4328 καὶ
3023 4276 3130 4337 πᾶς
3159 4272 3398 4343 ὴέφυκεν
3422 4274 3726 4344 ἄνθρωπος,
3749 4277 4028 4341 quomodo

2448 4346 2611 4398 etiam
2647 4346 2818 4401 edidit
2845 4344 3082 4399 Jacobus
3114 4344 3463 4398 Sirmundus.
3506 4343 3560 4397 Iit
3612 4344 3805 4397 codice
3839 4354 4028 4395 autem

2450 4414 2649 4470 Leonis
2702 4415 2884 4468 Allatii
2938 4417 3135 4482 legitur
3184 4418 3286 4467 hoc
3333 4416 3491 4467 modo
3536 4432 3548 4467 :
3601 4408 3725 4475 Οἷος
3768 4416 3863 4467 καὶ
3917 4411 4029 4476 uti;

2451 4482 2589 4538 εἶναι
2618 4486 2961 4554 συμὸἐϐηκεγ
2993 4483 3607 4554 ἄνθρωποςεριιοιίηοόο
3635 4485 3799 4536 etiam
3838 4483 3892 4535 in
3926 4499 4029 4535 suo

2451 4555 2642 4609 codice
2675 4552 2878 4621 legerat
2922 4552 3255 4622 Epiphanius
3303 4552 3705 4622 Seholasticus,
3743 4561 3801 4603 ιιι
3834 4568 3916 4622 ex,
3942 4554 4028 4604 in-

2453 4620 2841 4693 terpretatione
2874 4620 2995 4691 ejus
3027 4620 3272 4692 apparet.
3298 4620 3421 4693 ‘Sic
3460 4624 3606 4674 enim
3641 4623 3803 4675 vertit
3834 4638 3847 4674 :
3885 4621 4031 4683 Quia

2452 4704 2499 4748 et
2525 4690 2810 4762 aliquando
2838 4694 3012 4762 factus
3040 4690 3140 4759 est,
3181 4690 3389 4761 qualem
3429 4700 3479 4744 et
3520 4708 3725 4744 omnem
3760 4693 4029 4744 hominem

2453 4781 2563 4818 esse
2590 4765 2828 4832 contigit.

2526 4834 2653 4887 PAG.
2688 4829 2769 4887 ll'.
2810 4831 3251 4901 Ἐρημώσαντες
3297 4831 3473 4884 τοῦτό
3516 4845 3685 4899 φασι.
3743 4829 3876 4882 Post
3915 4830 4033 4901 hare

2455 4906 2641 4965 verba,
2671 4904 2723 4956 in
2752 4899 2941 4955 codice
2971 4903 3166 4956 Leonis
3190 4902 3373 4954 Allatii
3394 4903 3506 4954 hare
3530 4902 3844 4952 adduntur:
3888 4899 4028 4951 Οὔτε

2456 4975 2578 5027 τινὰ
2619 4975 2809 5043 ἔχοντα.
2857 4973 3094 5040 ἰδιότητα
3146 4972 3279 5040 πρὸς
3320 4972 3513 5043 absint,
3561 4970 3693 5043 attat
3720 4971 3827 5043 καὶ
3866 4970 4032 5043 αξη-τὴν

2457 5039 2695 5113 τρεπτῆξ
2742 5039 3074 5113 τυγχάνοντα
3123 5039 3358 5113 φύίσεωςέ
3418 5040 3553 5113 Male
3601 5040 3873 5113 qttideut_._
3907 5039 4032 5091 llaec

2459 5108 2603 5166 enim
2635 5108 2797 5166 verba
2826 5108 3070 5164 inferius
3116 5108 3294 5163 locum
3348 5112 3567 5171 habent,
3607 5120 3664 5163 ιιι
3697 5108 4031 5161 videbimus.

2463 5183 2797 5253 Epiphanius
2828 5191 3007 5253 tamen
3044 5180 3419 5253 Scholasticus
3442 5180 3629 5253 eadem
3660 5180 3826 5253 Verba
3853 5180 3907 5253 in
3933 5192 4038 5232 suo

2463 5247 2649 5307 codice
2689 5254 2814 5319 legit
2843 5252 2945 5304 hoc
2988 5252 3127 5305 loco.
3159 5250 3252 5303 Sic
3283 5253 3427 5303 enim
3461 5251 3623 5303 vertit
3654 5247 3864 5319 _:_0mni
3890 5264 4035 5301 νεω-

2463 5325 2632 5376 rentia
2681 5317 2969 5389 spoliantes
3017 5322 3344 5385 semetipsos,
3400 5320 3548 5372 aiunt
3586 5334 3604 5372 :
3640 5317 3750 5371 Nec
3793 5318 4035 5385 aliquam

2462 5394 2612 5446 habet
2639 5393 3009 5461 proprietatem
3045 5390 3112 5443 ad
3143 5407 3296 5444 eum:
3331 5391 3418 5443 sed
3458 5404 3574 5441 cum
3599 5390 3668 5461 sit
3696 5390 3803 5455 ipse
3837 5399 4037 5439 natura

2464 5459 2757 5527 mutabilis,
2794 5462 2943 5514 scivit
2974 5464 3037 5514 de
3061 5461 3153 5514 illo
3192 5461 3328 5514 Deus
3361 5459 3694 5528 prwscientia
3725 5468 3772 5512 et
3797 5473 4041 5525 precon-

2465 5533 2820 5600 templatione,
2852 5540 2960 5585 etc.

2546 5596 2812 5671 Ἐγένετο
2856 5601 2997 5654 οὐδὲ
3046 5599 3114 5653 ἐν
3158 5599 3189 5653 ὃ
3232 5600 3522 5671 Tel-orer,
3560 5596 3688 5671 Quae
3724 5603 4042 5671 postrema

2466 5666 2630 5726 voces
2685 5673 2886 5726 desunt
2925 5671 2977 5723 iu
3021 5666 3262 5723 editione
3307 5668 3527 5723 Roberti
3588 5666 3851 5736 Stephani
3881 5676 3938 5719 et
3984 5670 4041 5720 in

2470 5742 2772 5798 llasiliensi.
2826 5741 3109 5795 [labentur
3144 5750 3324 5793 tamen
3378 5740 3430 5792 itt
3465 5738 3655 5791 codice
3713 5737 3911 5790 Leonis
3939 5738 4043 5789 Al-

2472 5814 2606 5877 latii,
2640 5821 2693 5867 et
2726 5814 2779 5866 in
2808 5812 3056 5867 versione
3107 5809 3398 5880 Epiphauii
3452 5806 3802 5864 Scholastici.
3840 5804 3949 5862 Sed
3985 5814 4042 5862 ot
