4216 6456
244 370 383 435 1525

234 488 775 558 Christopborsonus
801 505 894 545 eas
934 490 989 543 in
1026 490 1181 547 libris
1230 494 1347 547 suis
1396 501 1699 562 repererat,
1744 503 1800 548 ut

236 562 788 629 exinterpretatiune
817 561 937 628 ejus
961 570 1204 629 apparet.

306 627 441 682 PAG.
492 627 575 682 ιε.
642 632 745 683 Καὶ
803 627 1123 697 ὑπεραῖρον
1166 630 1277 697 τῆς
1332 631 1450 684 τῶν
1499 632 1803 699 γεννητῶν

232 696 526 763 διανοίας.
574 696 931 753 Scribendum
976 710 1105 768 puto
1145 696 1387 769 γενητῶν
1439 696 1535 770 per
1574 696 1798 770 simplex

235 784 307 831 νς
343 770 628 839 at-jue_ita
689 771 885 834 legisse
922 772 1139 823 videtur
1190 770 1545 839 Epiphanius.
1589 773 1680 839 qui
1721 774 1800 827 sic

232 837 403 891 vertit
451 857 465 890 :
512 837 575 909 Et
623 849 983 892 creaturarum
1036 837 1336 894 universam
1401 837 1799 909 intelligentiam

235 908 711 979 transcendentem.
749 910 855 963 Pro
888 913 1202 979 ὑπεραῖρον,
1250 912 1303 963 ἱιι
1357 911 1595 964 editione
1650 913 1801 964 Basi-

234 976 396 1052 lii-nsi
440 980 657 1052 legitur,
691 976 1010 1052 bxepdptov,
1059 976 1113 1034 et
1164 982 1219 1033 in
1268 981 1457 1035 codice
1502 980 1797 1045 Allatiano,

236 1050 464 1109 rectius,
487 1057 543 1101 ut
578 1050 812 1117 opinor.‘
854 1072 874 1078 ί

310 1119 450 1170 Οὐδ’
498 1120 885 1185 ὀμοστοίχοις
948 1119 1301 1185 συλλαϐαῖς.
1361 1119 1415 1172 ln
1465 1135 1565 1173 nis.
1613 1119 1801 1173 codice

236 1182 460 1240 Henrici
502 1182 685 1242 Savilii
724 1182 785 1243 et
819 1182 876 1244 in
919 1190 1158 1244 edizione
1207 1182 1491 1242 Basiliensi
1541 1190 1801 1243 scribitur

234 1255 567 1326 ᾁμτττεχοῖς.
619 1261 798 1311 minus
835 1267 1001 1318 recte.
1035 1269 1091 1311 ιιι
1128 1259 1376 1325 equidem
1418 1260 1612 1313 sentio.
1644 1258 1800 1313 Certe

236 1325 587 1381 Coiueiarius
617 1330 704 1394 qui
740 1330 1033 1382 editionem
1082 1327 1437 1381 Basiliensem
1489 1328 1675 1381 Latine
1718 1329 1799 1380 in-

237 1406 568 1459 terpretatus
620 1410 722 1460 est,
746 1399 1117 1466 ὁμοστουικοῖς
1180 1399 1327 1465 legit.
1356 1408 1413 1449 ut
1436 1413 1498 1450 ex
1535 1399 1800 1464 interpre-

237 1472 315 1517 tat
341 1481 446 1517 oue
475 1468 595 1519 eius
645 1478 887 1533 apparet.
933 1467 1023 1519 Sic
1056 1468 1198 1519 enim
1246 1468 1407 1519 vertit
1441 1486 1455 1519 :
1493 1466 1572 1520 Ne
1594 1483 1798 1520 eorum-

236 1534 354 1586 dem
393 1537 599 1604 quidem
640 1538 1007 1590 elementorum
1054 1536 1405 1602 complexione
1452 1537 1503 1587 in
1544 1554 1662 1590 voce
1715 1538 1800 1604 [a-

237 1607 428 1656 cientis
466 1617 558 1657 aut
612 1608 871 1672 factorum
907 1608 985 1658 uti
1039 1623 1221 1657 ausus.
1265 1604 1437 1669 Hujus
1479 1616 1656 1658 autem
1695 1606 1798 1658 loci

238 1678 379 1725 satis
417 1678 636 1729 obscuri
680 1677 768 1731 hic
806 1686 891 1731 est.
932 1691 1147 1729 sensus.
1197 1676 1434 1729 Joannes
1470 1677 1797 1744 evangelista

239 1758 364 1795 cmn
390 1746 652 1813 originem
671 1745 791 1799 Filii
816 1747 902 1799 Dei
930 1748 1086 1798 vellet
1106 1759 1398 1812 exponere,
1420 1760 1537 1797 eam
1563 1760 1590 1797 a
1620 1760 1797 1798 rerum

239 1824 551 1883 ςχθιιιιιιηιιιι
591 1817 946 1882 productione
992 1816 1148 1883 longe
1198 1815 1449 1883 distinvit
1489 1833 1500 1866 :
1549 1816 1799 1881 cavitque

239 1879 700 1949 diligentissime,
753 1903 818 1940 ne
856 1888 908 1939 iu
973 1879 1301 1939 declaranda
1358 1882 1478 1936 Filii
1536 1879 1797 1945 essentia,

242 1950 439 2021 iisdem
471 1956 652 2008 verbis
691 1963 969 2019 uteretur,
1016 1955 1214 2021 quibus
1260 1969 1439 2005 rerum
1491 1966 1796 2006 creatarum

240 2020 511 2075 originem
539 2028 808 2090 exposuit.
840 2025 969 2078 Nam
994 2020 1046 2078 in
1072 2022 1398 2077 declaranda
1430 2024 1644 2087 quidem
1677 2022 1797 2075 Filii

239 2094 483 2149 essentia
545 2110 679 2146 usus
705 2107 788 2149 est
813 2096 978 2150 verbo
1004 2103 1139 2146 erat.
1176 2094 1232 2146 In
1266 2093 1585 2159 exponenda
1618 2101 1798 2145 autem

239 2162 456 2225 Origine
497 2177 670 2215 rerum
701 2174 1010 2219 creatarum
1042 2164 1179 2216 dixit
1203 2163 1435 2227 ἐγένετο.
1463 2163 1514 2214 id
1539 2170 1621 2215 est
1653 2163 1800 2228 facta

239 2241 385 2301 sunt.
424 2230 655 2293 Snbiicit
689 2235 886 2289 deinde
913 2232 1235 2301 Alexander,
1278 2234 1374 2301 οὐχ
1406 2233 1482 2283 ὅτι
1509 2232 1799 2301 ᾁγέννητος

240 2294 345 2373 ᾖν·
375 2301 567 2373 ἒν-γὰρ
598 2303 909 2373 ἀγέννητον,
940 2306 968 2356 ὁ
1004 2294 1233 2370 Πςινέήρ.⁷
1255 2302 1311 2355 Id
1336 2294 1420 2355 est
1452 2318 1466 2354 :
1507 2294 1623 2373 Non
1652 2294 1799 2373 quod

243 2368 547 2443 Filius‘Dei
567 2388 671 2425 nou
696 2368 1012 2443 sit'geuitus
1038 2392 1049 2425 :
1098 2368 1262 2443 unum
1293 2373 1438 2425 enim
1470 2380 1552 2443 est
1576 2368 1797 2443 ing—eni-

241 2448 381 2512 tuio,
418 2439 574 2494 Pater
614 2439 843 2498 scilicet.
869 2443 998 2509 Qua:
1028 2442 1245 2512 quidem
1291 2439 1588 2512 Alexandri
1634 2440 1797 2512 verba

243 2511 487 2583 benigne
536 2508 907 2583 intelligenda
935 2508 1061 2567 suni
1094 2514 1197 2583 hoc
1240 2511 1402 2564 modo
1437 2529 1449 2564 :
1492 2508 1608 2583 Non
1653 2509 1797 2579 quod

242 2577 417 2654 Filius
463 2580 556 2636 Dei
610 2577 939 2654 principium
979 2582 1207 2652 originis
1258 2596 1519 2654 sutegnon
1578 2577 1794 2635 habeat.

243 2649 416 2704 llabet
446 2654 591 2705 enim
626 2649 812 2708 revera
847 2649 1170 2721 principi—uni
1199 2652 1449 2719 originis,
1486 2649 1696 2705 Patrem
1732 2667 1798 2704 ex

238 2736 351 2786 quo
375 2726 592 2788 genitus
621 2731 723 2777 est.
752 2723 856 2777 Sed
887 2725 1014 2791 quia
1043 2722 1247 2776 nullum
1280 2722 1438 2791 habet
1470 2721 1798 2787 principium

240 2793 529 2861 temporis,
566 2794 768 2861 quippe
812 2790 914 2861 qui
950 2794 1018 2847 ab
1047 2792 1195 2845 omni
1240 2790 1545 2843 aeternitate
1585 2791 1800 2861 genitus

240 2862 307 2932 sit
353 2876 418 2913 ex
470 2858 629 2914 Patre
651 2858 679 2922 ,⁷
706 2858 929 2932 ἄχρόνος
968 2864 1060 2914 καὶ
1103 2861 1475 2932 ἀμεσίτευτος,
1521 2869 1579 2911 ιιι
1625 2858 1800 2912 Graeci

237 2928 451 2999 dicunt.
490 2932 539 2983 id
575 2940 657 2983 est
686 2928 804 2987 sine
836 2933 943 2985 ullo
964 2928 1203 2999 tempore
1232 2928 1517 2999 ac_medio.

322 2998 486 3051 Ἀλλ’
515 3000 601 3052 ὅτι
635 3001 901 3067 διανοίας
931 2997 1086 3070 μετὰ
1108 2998 1243 3053 τῶν.
1275 2997 1435 3070 Hunc
1468 3000 1643 3070 locum
1675 3012 1799 3070 cor-

239 3070 358 3120 rexi
401 3084 467 3121 ex
503 3071 719 3125 duobus
770 3067 1154 3137 manuscriptis
1187 3067 1491 3126 codicibus.
1528 3068 1715 3119 Allatii
1749 3076 1802 3121 et

243 3138 462 3218 Savilii.
500 3142 551 3223 in
585 3142 785 3221 quibus
817 3143 888 3223 ita
927 3142 1154 3223 legilllll‘:
1184 3137 1548 3223 ὅτιμτῆς
1577 3137 1802 3222 ἐξεσμέ-

241 3224 340 3278 γης
369 3208 475 3259 τῶν
500 3206 911 3278 εὐαγγελιστῷν,
945 3206 1079 3278 vix:
1105 3209 1160 3260 δὲ
1186 3211 1279 3261 καὶ
1297 3206 1539 3278 ἀγγέλων
1571 3209 1803 3278 καταλή-

238 3276 405 3342 ψεως.
439 3276 653 3341 Quibus
674 3282 948 3333 consentit
971 3276 1289 3331 Basiliensis
1317 3276 1503 3337 editio,
1533 3277 1639 3327 nisi
1660 3276 1801 3342 quod

240 3347 555 3416 ἑξωςμένης
602 3352 761 3403 habet
806 3352 995 3403 vitiose
1043 3349 1307 3416 scriptum
1355 3359 1452 3411 pro
1489 3343 1800 3415 ἐξεσμένης,

238 3416 577 3488 Adverbium
622 3436 843 3488 quoque
887 3419 1033 3488 quod
1083 3420 1332 3488 sequitur
1385 3416 1802 3488 bnepsnéxsiva,

242 3486 445 3557 mutavi
480 3488 534 3539 in
568 3486 918 3557 ὺπὲρέδὲειριιιι,⁷
958 3496 1180 3543 secutus
1214 3487 1538 3555 scripturam
1597 3486 1805 3542 codicis

239 3555 497 3607 Allatiani
529 3567 581 3610 et
612 3555 930 3613 liaisiliensis
955 3557 1230 3611 editionis.

307 3625 591 3692 Εὐσεϐεἷς
632 3630 742 3681 οὐκ
785 3624 940 3693 οἶμαι
980 3622 1417 3693 λογιζομένους.
1456 3620 1609 3675 Hunc
1640 3624 1804 3678 etiam

242 3693 423 3764 locum
457 3698 737 3750 emendavi
771 3713 834 3750 ex
872 3696 1202 3764 supradictis
1227 3693 1507 3764 codicibus
1536 3693 1718 3748 Allatii
1745 3710 1807 3749 ac

244 3760 461 3835 Saiilii,
496 3767 694 3831 quibus
727 3760 1057 3835 astipulatur
1087 3764 1285 3835 editio_
1306 3762 1648 3835 Basiliensis,
1702 3766 1805 3835 nisi

243 3833 390 3897 quod
426 3835 737 3902 τολμῶντας
768 3830 947 3897 habet.
981 3850 1086 3888 non
1117 3831 1439 3901 τολμῶντος.
1472 3830 1805 3900 Epiphanius

243 3910 425 3973 tamen
456 3904 830 3973 Scholasticus
861 3908 912 3958 in
951 3904 1147 3973 plurali
1178 3917 1404 3955 numero
1437 3902 1632 3970 legisse
1656 3902 1806 3957 vide-

241 3977 333 4023 tur
358 3971 733 4043 λογιζομένους
765 3976 887 4036 τοὺς
915 3971 1246 4043 τολμῶντας.

313 4038 560 4113 Πάντωῇ
587 4044 702 4097 τῶν
726 4046 796 4097 ἐν
824 4038 1027 4113 κόσμῴ
1063 4042 1290 4105 κίονας.
1324 4038 1456 4092 Post
1490 4038 1603 4092 haec
1646 4040 1808 4113 verba

243 4105 480 4164 Jacobus
534 4112 863 4168 Sirmundus
896 4105 951 4167 iii
996 4105 1242 4166 editione
1291 4125 1391 4165 sua
1441 4121 1677 4178 quatuor
1709 4111 1808 4164 has

243 4194 407 4251 mices
443 4180 688 4250 addidit,
740 4185 864 4247 τοὺς
926 4182 1216 4251 Θεηγόρξυς
1275 4182 1415 4251 φημὶ
1463 4178 1804 4251 ἀποστόλους,

244 4263 279 4301 ιι
300 4249 434 4301 ‘scio
458 4267 593 4316 quos
612 4262 831 4306 secutus
853 4249 1101 4307 codices.
1120 4249 1280 4303 Certe
1310 4249 1364 4303 in
1395 4250 1602 4303 nostris
1622 4264 1806 4302 excut-

246 4319 498 4384 plaribus
551 4330 602 4375 et
650 4322 702 4374 in
750 4323 1034 4375 Basiliensi
1085 4319 1324 4373 editione
1358 4335 1464 4372 non
1512 4318 1805 4383 habentur,

242 4396 299 4438 et
330 4389 598 4441 scholium
643 4392 823 4457 potius
880 4392 1124 4445 redolent
1167 4387 1455 4456 cujusdam
1486 4388 1589 4440 viri
1638 4387 1807 4454 docti,

246 4457 338 4528 qui
373 4457 437 4509 ad
473 4461 609 4513 latus
644 4461 765 4514 libri
808 4463 889 4515 sui
935 4461 984 4513 id
1036 4468 1339 4519 notaverat.
1390 4474 1486 4528 per
1526 4457 1810 4528 columnas

246 4526 545 4597 signiﬁcari
573 4530 789 4583 divinos
819 4531 1115 4597 apostolos.
1139 4528 1368 4582 Certein
1393 4526 1809 4596 Epistolal’auli

245 4595 312 4646 ad
348 4596 589 4661 Galatas,
640 4599 834 4654 Petrus
857 4595 918 4653 et
967 4598 1205 4652 Jacobus
1256 4595 1515 4652 dicuntur
1542 4597 1812 4651 columnae

246 4662 419 4736 fuisse
450 4664 722 4736 Ecclesiae.
751 4670 920 4722 Porro
950 4670 1108 4721 initio
1142 4667 1307 4735 hujus
1337 4668 1542 4736 periodi
1571 4666 1810 4736 scriben-

244 4733 376 4787 dum
415 4753 429 4787 :
458 4731 534 4806 '1’!
560 4742 651 4792 xui
671 4739 830 4802 αὐτὸς
858 4741 885 4791 ὁ
918 4737 1194 4808 Σωτὴρ,ἰά
1217 4731 1314 4791 ⁷εξιιι
1338 4731 1353 4790 Ξ
1389 4737 1647 4803 Quocirca
1686 4734 1809 4790 Ser-

244 4811 397 4856 cator
434 4814 628 4871 noster,
655 4817 757 4862 etc.

322 4873 443 4943 Τὴν
466 4877 597 4943 περὶ
627 4878 854 4930 τούτων
887 4875 1127 4942 γνῶσιν.
1165 4879 1223 4929 In
1256 4875 1446 4930 codice
1482 4875 1677 4931 Leonis
1714 4878 1808 4930 Al-

246 4942 365 5018 lat_ii
406 4956 458 4997 et
510 4942 562 4998 in
609 4948 847 5018 editione
898 4947 1182 5018 Basilieusi
1235 4946 1499 5018 scriptum
1535 4956 1637 5018 est
1685 4949 1811 5018 135p).

245 5011 461 5086 τούτου,
502 5019 740 5086 rectius,
794 5015 845 5069 ni
901 5016 1080 5086 fallor.
1116 5014 1303 5084 Neque
1340 5011 1497 5086 aliter
1534 5016 1658 5080 legit
1688 5011 1811 5086 Epi-

247 5082 485 5148 phanius
506 5082 902 5139 Scholastieus.
931 5085 1023 5139 Sic
1052 5086 1195 5138 enim
1215 5082 1389 5137 ivertit
1418 5085 1563 5137 hunc
1582 5082 1762 5139 locum
1794 5106 1805 5139 :

246 5152 387 5222 Nam
427 5163 478 5207 et
528 5155 638 5221 ipse
680 5154 930 5208 Servator
969 5165 1223 5222 praestare
1264 5152 1437 5207 uolens
1486 5156 1726 5209 omnibus
1756 5156 1811 5209 in

247 5219 344 5355 ἴοι
362 5219 565 5303 ,ιιιωιάο
583 5226 863 5291 columnis,
900 5219 1057 5293 hujus
1082 5225 1325 5278 notitiam
1347 5226 1409 5276 ab
1428 5225 1501 5279 eis
1524 5239 1811 5279 exonerare

275 5300 541 5345 esttnavtt.

275 5295 541 5345 estinavit.

319 5362 431 5415 Καὶ
458 5363 582 5429 τοῖς
614 5363 796 5433 ἐμοῖς.
828 5361 1069 5417 Jacobus
1102 5362 1429 5417 Sirmundus
1472 5364 1525 5417 in
1569 5364 1810 5418 editione

249 5443 352 5484 sua
378 5432 649 5499 expuuxit
688 5434 803 5486 haec
853 5434 1038 5487 verba.
1082 5432 1243 5487 Certe
1290 5449 1399 5487 non
1454 5434 1723 5487 habentur
1754 5435 1810 5489 in

250 5500 443 5571 codice
466 5502 664 5557 Leonis
682 5502 954 5568 Allatii,et
971 5502 1243 5571 superﬂua
1265 5502 1518 5555 videntur
1542 5504 1639 5556 hoc
1666 5505 1805 5557 loco.

251 5569 590 5641 l’nrrolocus
609 5574 711 5626 iste
736 5569 1057 5640 desumptus
1076 5580 1159 5626 est
1182 5586 1247 5625 ex
1266 5573 1443 5641 capite
1469 5589 1597 5625 xxiv
1636 5575 1807 5637 Isaiae,

255 5642 345 5692 ubi
372 5640 732 5711 Hieronymus
759 5648 914 5694 notat
934 5642 1096 5695 verba
1117 5642 1208 5695 illa
1238 5659 1249 5693 :
1283 5640 1345 5693 Et
1367 5643 1516 5695 dixi:
1544 5642 1809 5696 Secretum

256 5724 425 5763 meum
469 5712 599 5764 mihi
633 5727 649 5762 :
694 5722 946 5764 secretum
992 5726 1163 5763 meum
1210 5712 1360 5773 mihi,
1394 5727 1499 5764 non
1534 5712 1718 5767 haberi
1756 5716 1807 5765 iu

256 5779 611 5852 Septuaginta
664 5782 759 5837 scd
792 5797 854 5836 ex
896 5779 1284 5837 Thcodolionis
1355 5782 1709 5838 translatione
1742 5784 1809 5835 ab

1154 378 1234 438 IN
1265 380 1641 439 THEODOR.
1679 382 1874 440 IllST.

1912 383 2200 443 ECCLES.
2246 387 2387 445 LIB.
2436 389 2474 443 l.
3330 386 3464 454 1526

1911 492 2140 562 Origene
2176 495 2357 548 addita
2403 509 2542 548 esse.
2587 494 2885 563 Promptus
2922 503 3103 547 autem
3142 495 3370 552 anaeus
3397 514 3465 554 ex

1911 563 2364 631 interpretatione
2394 563 2705 632 Symmachi
2734 568 2980 631 suppleta
3010 581 3130 617 esse
3159 564 3306 620 dicit.

1981 634 2275 700 Χρονικὴν
2302 634 2446 701 ἕχον
2471 632 2584 696 τὴν
2602 633 2926 700 προϐολήν.
2955 634 3168 701 Optime
3201 635 3253 688 in
3276 637 3469 691 editio-

1911 717 1976 771 ne
1998 701 2276 756 Basilieusi
2304 706 2500 771 legitur
2517 701 2725 770 ἔχοντα.
2758 704 3300 757 Subamlitur'autetn
3333 708 3466 760 υἱόν.

1910 769 1965 845 In
1994 773 2180 845 codice
2209 769 2395 845 Siavilii
2413 769 2674 845 scriptum
2702 780 2784 825 est
2810 772 3153 845 ἔχονταιξτην
3174 773 3464 845 προϐολὴν,

1912 842 2106 895 vitiose
2164 842 2404 912 quidem,
2437 841 2533 895 sed
2559 843 2630 893 ita
2662 850 2888 912 iuvem
2931 842 3184 895 lectionis
3217 841 3464 912 vestigia

1909 921 2219 964 serventur.
2276 911 2381 963 Pro
2422 926 2558 963 voce
2608 910 2873 980 προϐολὴν
2922 912 2975 964 in
3025 912 3218 965 codice
3268 910 3467 967 Leonis

1909 981 2090 1048 Allatii
2153 981 2382 1033 habetur
2432 980 2609 1048 ὒπαρξ
2638 998 2684 1032 ν.
2742 980 2797 1031 In
2858 981 3029 1033 altero
3094 995 3221 1034 vero
3274 983 3465 1036 codice

1908 1047 2096 1118 Regio,
2131 1050 2290 1117 cujus
2320 1047 2592 1103 variantes
2629 1052 2889 1103 lectiones
2923 1049 3196 1104 llobertus
3237 1047 3467 1119 Stepha-

1908 1134 2011 1190 nus
2037 1121 2100 1172 ad
2138 1122 2341 1173 calcem
2378 1120 2633 1190 editionis
2665 1133 2777 1172 sure
2819 1120 3044 1190 notavit.
3093 1121 3288 1188 legitur
3329 1121 3466 1190 πρός-

1909 1187 2084 1254 esse),
2122 1192 2377 1259 pessime.
2411 1187 2581 1253 Quam
2626 1198 2803 1241 tamen
2843 1189 3245 1259 vitiosissimam
3273 1187 3467 1244 lectio-

1910 1273 2035 1310 nem
2059 1259 2389 1311 Sirmundus
2417 1260 2469 1311 iu
2498 1259 2736 1311 editione
2764 1273 2859 1311 sua
2892 1258 3175 1323 amplexus
3200 1272 3303 1312 est.

1977 1331 2235 1381 Λύτόθεν
2276 1328 2576 1380 delata-vtae
2605 1327 2671 1379 τὸ
2709 1327 2777 1390 ἐξ
2819 1329 2929 1380 οὐκ
2970 1327 3178 1379 ὄντων.
3227 1326 3464 1383 Jacobus

1910 1393 2238 1452 Sirtnundus
2314 1398 2458 1450 hunc
2497 1396 2676 1448 locum
2724 1398 2795 1449 ita
2834 1398 3043 1451 edidit:
3083 1397 3314 1449 Αὑτόθεν
3356 1398 3464 1450 δεί-

1908 1482 2094 1517 κνυται
2132 1470 2193 1519 ἐκ
2239 1467 2332 1519 τοῦ
2387 1466 2443 1530 ἐξ
2491 1466 2591 1518 οὐκ
2637 1466 2825 1518 ὄντων.
2864 1468 2924 1518 lit
2960 1475 3133 1519 totum
3173 1467 3352 1519 locum
3384 1469 3463 1520 sic

1909 1533 2299 1602 interpretatus
2324 1545 2407 1591 est
2434 1553 2445 1588 :
2483 1534 2634 1598 Quod
2671 1551 2789 1587 vero
2822 1543 3055 1587 extrema
3086 1536 3152 1587 sit
3200 1537 3464 1589 dementia

1913 1602 2111 1656 Filium
2144 1621 2207 1657 ea:
2238 1622 2340 1659 non
2379 1606 2706 1657 exstantibus
2736 1614 2909 1656 ortum
2938 1606 3263 1665 existimare,
3308 1617 3465 1673 atque

1908 1674 1963 1725 in
1993 1685 2220 1740 tempore
2271 1677 2605 1739 productum,
2639 1673 2870 1728 indidem
2923 1684 3087 1741 patet,
3137 1674 3231 1726 hoc
3271 1687 3347 1727 est
3397 1691 3462 1727 ex

1907 1758 2010 1795 non
2035 1744 2383 1804 exstantibus,
2423 1753 2529 1797 etc.
2572 1742 2771 1795 Verum
2801 1759 2925 1796 cum
2964 1744 3097 1797 nulli
3133 1746 3351 1797 codices
3390 1745 3460 1796 ita

1907 1815 2171 1881 scriptum
2200 1814 2452 1875 habeant,
2471 1812 2741 1879 vulgatam
2774 1814 3055 1866 lectionem
3079 1821 3288 1866 mutare
3311 1814 3463 1868 nefas

1907 1881 2067 1936 duco.
2100 1883 2253 1948 Quod
2291 1883 2337 1937 si
2390 1883 2761 1950 conjecturam
2811 1891 3054 1934 nostram
3094 1883 3216 1935 licet
3258 1898 3459 1951 propo-

1908 1965 2057 2015 nere,
2103 1954 2362 2006 existimo
2410 1952 2635 2005 delenda
2672 1966 2793 2005 esse
2838 1953 2950 2005 hare
3000 1954 3164 2005 verba
3193 1953 3251 2004 τὸ
3274 1953 3330 2017 ἐξ
3361 1953 3461 2005 οὐκ

1906 2021 2091 2085 ὄντων,
2133 2038 2255 2091 qua:
2306 2022 2500 2076 scholii
2561 2022 2681 2073 loco
2732 2021 2797 2074 ad
2845 2022 3145 2091 marginem
3198 2023 3459 2089 ascripta,

1909 2101 2094 2160 postea
2125 2090 2404 2145 intextum
2434 2092 2696 2145 translata
2739 2101 2884 2144 sunt.
2916 2090 3086 2160 Porro
3131 2091 3462 2160 Epiphanius

1909 2159 2281 2240 Scliolasticus
2313 2162 2454 2240 hunc
2484 2162 2657 2214 locum
2686 2160 2760 2211 ita
2783 2162 2943 2213 vertit
2974 2180 2985 2213 :
3018 2159 3141 2241 [you
3171 2159 3287 2214 reor
3312 2163 3462 2241 igno-

1908 2247 2026 2284 rare
2048 2233 2323 2298 sapientes.
2348 2232 2470 2298 quia
2498 2245 2743 2284 vesanum
2767 2239 2843 2283 est
2871 2232 3051 2296 saperé
3089 2248 3152 2284 ex
3185 2249 3287 2283 non
3320 2234 3463 2283 exsi-

1907 2302 2159 2354 stenttbus
2186 2302 2381 2369 factum
2405 2298 2624 2363 Filium,
2643 2300 2953 2369 cumutique
2969 2301 3155 2353 habeat
3183 2306 3463 2367 temperate

1907 2372 2219 2439 principium
2278 2369 2413 2439 quod
2473 2370 2768 2439 ostenditur
2819 2386 2883 2422 ea:
2931 2387 3034 2422 non
3091 2372 3462 2424 onis-(cutibus

1909 2438 2127 2524 tactum.
2167 2438 2319 2524 Unde
2350 2450 2571 2524 apparet
2589 2438 2959 2524 'Epiphauium
2994 2441 3187 2510 legisse
3210 2441 3462 2511 χρονικὴν

1906 2512 2025 2582 ἔχον
2058 2513 2156 2582 τὴν
2182 2509 2449 2582 προϐολὴν
2476 2511 2535 2582 τὸ
2557 2509 2613 2575 ἐξ
2643 2511 2740 2582 obit
2772 2510 2957 2582 ὖνςτων.

1980 2578 2123 2635 1)Α(;.’
2142 2578 2235 2635 Ιὸξ
2262 2578 2643 2645 Ἀδιανόητον
2670 2578 2797 2647 γάρ.
2832 2578 2888 2632 1η
2930 2579 3118 2633 codice
3150 2579 3347 2634 Leonis
3371 2580 3462 2633 Al-

1908 2652 2023 2704 lzitii
2053 2654 2319 2718 scriptum
2348 2660 2429 2704 est
2451 2650 2693 2717 ἀνόητον,
2714 2649 2856 2716 quod
2886 2651 3059 2715 magis
3079 2651 3266 2718 probo.
3292 2652 3463 2714 Atque

1909 2667 2023 2704 Izttlt
2053 2667 2163 2705 seri
2210 2667 2319 2704 tum
2348 2667 2429 2704 est
2451 2667 2693 2717 ανοητον,
2714 2667 2856 2716 queo
2886 2667 3059 2715 ["3ng
3079 2667 3266 2718 prono.
3292 2667 3460 2714 Atque

1909 2721 1982 2774 ita
2013 2721 2138 2790 legit
2170 2667 2503 2790 Epiphanius
2532 2718 2925 2790 Scliolasticus.
2950 2718 3043 2790 Sic
3076 2721 3222 2774 enim
3254 2721 3416 2775 vertit
3448 2739 3460 2773 :

1910 2790 2143 2845 Stultum
2167 2802 2242 2844 est
2273 2789 2430 2849 enim,
2453 2798 2502 2843 et
2542 2789 2681 2841 omni
2720 2799 2933 2855 peccato
2960 2789 3193 2854 plenum,
3214 2803 3322 2844 etc.

1977 2861 2055 2913 Δι’
2085 2861 2115 2913 ὃ
2149 2858 2486 2926 χρηματίζει
2534 2856 2744 2924 πατὴρ.
2783 2857 2836 2911 lu
2869 2861 3240 2927 manuscripto
3280 2856 3467 2915 codice

1914 2929 2129 2983 llenrici
2164 2929 2351 2982 Savilii
2389 2927 2669 2999 legitnr6i‘
2694 2928 2775 2993 ὃν,
2805 2930 3081 2999 quomodo
3121 2931 3284 2983 etiam
3333 2930 3466 2998 legit

1912 2999 2245 3068 Epiphanius
2277 2998 2669 3051 Scliolasticus.

1982 3070 2110 3122 PM}.
2154 3070 2237 3122 Hi.
2280 3068 2460 3135 Μέχρι
2493 3068 2640 3133 πρὸς
2667 3067 2924 3132 ἑννοίας.
2968 3066 3021 3120 In
3061 3067 3247 3122 codice
3282 3067 3460 3120 Allalii

1911 3139 2109 3209 legitur
2141 3140 2328 3207 μέχρις
2359 3137 2585 3199 ἐννοίας,
2627 3137 2830 3190 omissa
2858 3140 3026 3209 altera
3059 3140 3463 3209 praspOSitoue.

1916 3206 2213 3276 Utramque
2246 3206 2425 3259 tamen
2449 3220 2631 3259 γοεριι)
2660 3210 2908 3276 agnoscit
2932 3206 3268 3275 Epiphanius
3291 3207 3465 3260 Schu-

1914 3274 2161 3339 lasticus,
2192 3278 2284 3344 qtti
2330 3277 2410 3329 sic
2440 3276 2598 3327 vertit
2633 3293 2645 3328 :
2687 3274 3142 3343 Impossibile’est
3192 3278 3266 3330 vel
3307 3291 3463 3344 usque

1914 3348 1981 3401 ad
2011 3349 2306 3417 opinionem
2342 3347 2571 3417 inuenire
2601 3346 2709 3417 vias
2735 3347 3007 3417 serpentis.

1983 3414 2089 3471 Κὰὶ
2116 3416 2377 3484 νομίμοις
2406 3415 2697 3477 ἐντολαῖς.
2743 3416 2797 3467 In
2833 3416 3021 3470 codice
3062 3414 3258 3471 Leonis
3287 3416 3466 3469 Allatii

1915 3491 2191 3555 scriptum
2219 3494 2302 3538 est
2333 3485 2426 3537 καὶ
2453 3485 2714 3553 νομίμους
2745 3485 2981 3555 ἐντολάς,
3018 3486 3189 3551 Quam
3226 3489 3466 3554 scriptu-

1916 3553 2103 3610 ram—in
2134 3554 2373 3607 editione
2403 3569 2500 3607 sua
2526 3557 2809 3622 amplexus
2836 3563 2917 3607 est
2947 3553 3183 3609 Jacobus
3220 3553 3469 3609 Sirniun-

1914 3627 2051 3687 dus,
2100 3633 2152 3677 et
2210 3625 2354 3675 hune
2398 3624 2574 3677 locum
2627 3626 2697 3675 ita
2737 3624 2900 3677 vertit
2942 3644 2954 3677 :
3006 3624 3107 3689 Qui
3142 3634 3315 3678 autem
3352 3625 3466 3692 ejus

1915 3705 2036 3749 sunt
2067 3704 2339 3749 creaturw.
2382 3692 2613 3745 homines
2647 3701 2693 3745 et
2729 3693 2919 3759 angeli,
2967 3703 3015 3747 et
3062 3695 3465 3749 benedictionem

1917 3773 2255 3827 acceperunt,
2307 3772 2362 3813 ut
2407 3762 2714 3828 proﬁcerent
2752 3764 2994 3815 virtutem
3051 3775 3378 3828 exercentes,
3418 3775 3467 3818 et

1917 3836 2287 3887 mandatorum
2311 3831 2463 3899 leges,
2496 3847 2556 3883 ne
2584 3841 2876 3902 peccarent.
2910 3834 3085 3902 Atque
3108 3838 3249 3887 hanc
3278 3835 3466 3887 lectio-

1917 3921 2062 3968 nem,
2108 3919 2165 3955 re
2212 3904 2475 3971 attentius
2503 3901 2834 3971 examinata,
2881 3901 3145 3955 vei-ierem
3197 3913 3346 3971 puto.
3382 3905 3468 3956 Ait

1916 3976 2060 4029 enim
2098 3972 2425 4030 Alexander,
2455 3969 2620 4023 Deum
2652 3969 2789 4024 duas
2833 3985 2921 4024 res
2971 3969 3262 4025 tradidisse
3291 3974 3467 4025 homi-

1921 4045 2079 4097 nibus
2124 4050 2177 4095 et
2207 4040 2474 4110 angelis,
2496 4047 2555 4092 ut
2605 4039 2659 4110 in
2691 4040 2892 4093 virtute
2924 4057 3248 4110 progressus
3288 4044 3469 4096 facere

1920 4121 2160 4182 possent.
2203 4107 2441 4182 Primum
2467 4107 3161 4182 benedictionesg;'deiude
3212 4112 3469 4165 mandata

1919 4176 2177 4255 iegisaEt
2229 4179 2483 4255 mandata
2535 4176 2754 4246 quidem
2792 4178 2925 4255 legis
2964 4181 3029 4234 ad
3078 4182 3181 4255 hoc
3220 4193 3467 4255 prosunt,

1919 4248 1995 4306 ne
2016 4250 2244 4304 crimina
2295 4248 2584 4319 admittant
2634 4262 2755 4319 quae
2815 4251 2929 4318 lege
2973 4248 3244 4319 prohibita
3306 4248 3468 4316 sunt";

1920 4319 2221 4375 benedictio
2256 4332 2382 4370 vero
2405 4318 2469 4369 ad
2503 4317 2604 4370 hoe
2628 4317 2952 4386 prodest,’nt
2974 4317 3033 4372 in
3070 4321 3287 4373 virtutis
3319 4336 3471 4374 excr-

1919 4391 2172 4445 citatione
2199 4386 2440 4456 quotidie
2466 4385 2771 4454 proficiant.
2807 4385 2910 4440 Sed
2941 4391 3181 4443 occurrit
3214 4391 3314 4444 hoc
3348 4390 3469 4445 loco

1919 4455 2229 4513 dillicultas.
2267 4455 2485 4525 Angelis
2511 4456 2652 4508 cnim
2688 4456 2987 4525 profectum
3019 4459 3283 4525 attribuit,
3313 4460 3472 4523 cujus

1920 4539 2098 4584 tamen
2137 4527 2359 4579 minime
2383 4540 2551 4593 capax
2582 4526 2792 4578 videtur
2820 4542 3008 4580 eorum
3057 4540 3271 4581 natura.
3303 4527 3472 4582 Totos

1919 4601 2061 4653 enim
2097 4611 2219 4650 sese
2269 4595 2543 4664 applicant
2587 4596 2761 4661 angeli
2794 4595 2861 4647 ad
2891 4596 2941 4649 id
2983 4599 3128 4664 quod
3156 4599 3322 4651 semel
3354 4614 3470 4651 am-

1920 4667 2058 4736 plexi
2090 4675 2217 4720 sunt
2248 4683 2262 4736 :_
2293 4680 2392 4717 nec
2424 4664 2677 4736 paulatim
2706 4666 3126 4736 progrediuntur
3149 4667 3214 4719 ad
3245 4666 3294 4720 id
3324 4670 3467 4735 quod

1919 4734 2143 4806 eligunt,
2174 4734 2265 4789 sed
2297 4737 2472 4801 primo
2514 4734 2716 4806 impetu
2764 4734 2829 4806 ad
2866 4750 3142 4789 summum
3194 4734 3467 4806 fastigium

1920 4804 2262 4876 perveniunt,
2303 4808 2374 4855 ita
2414 4811 2469 4876 ut
2499 4804 2852 4876 neculterius
2880 4806 3157 4873 pregrcdi,
3193 4821 3294 4860 nec
3324 4804 3471 4860 retro

1920 4870 2115 4930 i-evei-ti
2149 4874 2377 4926 valeant.
2422 4870 2659 4943 Materia:
2700 4876 2845 4926 enim
2881 4870 3136 4943 expertes
3166 4884 3315 4937 sunt,
3349 4892 3470 4941 qua:

1922 4946 2288 4999 iulirmitatcni
2338 4952 2399 5013 et
2434 4941 2854 5013 inconstantiam
2912 4941 3109 5013 gignit.
3171 4945 3465 4998 Dicendum

1919 5024 2097 5067 tamen
2121 5022 2226 5074 est,
2251 5012 2469 5076 angelos
2510 5012 2578 5063 ita
2610 5012 2842 5079 primum
2876 5012 3087 5066 creatos
3114 5029 3235 5068 esse
3272 5030 3301 5067 a
3338 5014 3467 5077 Deo,

1921 5096 1978 5138 ιιι
2015 5091 2195 5137 essent
2238 5081 2566 5151 mutabiles,
2612 5089 2665 5151 ct
2711 5082 2928 5135 virtutis
2962 5097 3189 5151 capaces
3233 5100 3295 5137 ac
3330 5086 3466 5143 vitii.

1921 5164 2084 5221 utque
2123 5150 2381 5221 prolicere
2409 5157 2628 5217 possent
2654 5148 2707 5221 in
2749 5152 2966 5213 melius,
2994 5148 3087 5205 aut
3132 5155 3186 5205 in
3227 5154 3470 5207 deterius

1920 5220 2047 5281 labi.
2080 5221 2230 5274 lianc
2254 5220 2419 5290 fuisse
2444 5220 2767 5273 sententiam
2794 5230 3035 5273 veterum
3069 5221 3468 5290 theologorum.

1920 5306 2031 5349 tum
2062 5308 2128 5345 ex
2154 5289 2461 5343 Alexandro
2494 5297 2658 5357 patet,
2695 5297 2808 5359 tum
2845 5306 2907 5343 ex
2941 5305 3006 5343 eo
3036 5292 3179 5359 quod
3211 5289 3375 5346 Arius
3405 5309 3469 5344 ac

1919 5362 2097 5416 ueteri
2135 5359 2473 5420 asserebant,
2514 5359 2705 5413 Filium
2739 5358 2828 5412 Dei
2882 5358 3194 5415 mutabilem
3228 5377 3369 5425 esse,
3413 5372 3471 5414 et

1921 5432 2135 5486 virtutis
2164 5445 2226 5483 ac
2263 5429 2378 5481 vitii
2425 5442 2698 5497 capacem.
2731 5427 2840 5482 Nec
2883 5431 3026 5483 ullus
3074 5432 3469 5485 catholicorum

1919 5504 1996 5556 eis
2049 5515 2286 5568 unquam
2346 5497 2566 5564 obiecit,
2602 5499 2825 5565 angelos
2871 5515 2977 5552 non
3018 5515 3139 5553 esse
3196 5498 3471 5552 mutabilis

1920 5582 2145 5625 naturae.
2200 5568 2455 5637 Sciebant
2489 5568 2633 5637 enim
2682 5568 2733 5620 id
2791 5571 3066 5637 proprium
3124 5584 3247 5623 esse
3299 5570 3472 5623 solius

1922 5640 2037 5702 Dei,
2069 5639 2159 5708 qui
2195 5640 2247 5691 in
2282 5636 2707 5708 sacrisLitteris
2742 5636 2943 5708 diserte
2971 5640 3082 5691 ait:
3118 5637 3225 5707 Ego
3264 5655 3379 5690 sum
3421 5646 3469 5689 et

1921 5729 2017 5763 non
2057 5706 2247 5761 mutor.
2296 5707 2480 5774 Angeli
2528 5721 2693 5767 vero.
2740 5708 2862 5759 licet
2906 5706 3120 5763 diilicile
3168 5706 3471 5771 mutentur,

1922 5780 2202 5834 mutationi
2240 5789 2416 5832 tamen
2448 5778 2664 5831 obnoxii
2696 5786 2834 5832 sunt.
