4216 6456
746 386 877 451 1527

817 504 927 571 Τῆς
967 506 1259 571 πατρικῆς
1311 503 1671 573 γεννήσεως.
1749 502 1974 557 Rectius
2026 517 2080 554 m
2123 516 2318 573 manu-

738 576 961 639 scriptis
985 570 1268 630 codicibus
1293 570 1487 628 Savilii
1502 583 1555 627 et
1574 574 1751 627 Allatii
1773 574 1964 629 lccitur
1989 570 2314 640 μαιεύσεως,

737 646 1019 713 quomodo
1076 646 1240 697 etiam
1300 645 1470 698 edidit
1524 643 1761 698 Iacobus
1826 641 2182 713 Sirmundus.
2238 640 2315 693 Ita

737 711 954 785 quoque
987 715 1260 783 legebatur
1291 717 1345 768 in
1386 716 1559 767 altero
1590 714 1882 780 exetnplari
1918 711 2104 785 Hegio.

808 781 937 839 Ps6.
970 781 1056 838 15:
1096 788 1197 836 ’ον
1218 785 1641 853 διαδεξάμενος
1669 783 2017 847 Λουκιανός,
2048 781 2316 834 Baronius

738 856 803 908 ad
844 871 1048 909 annum
1073 855 1276 909 Christi
1304 858 1427 917 518,
1457 872 1577 923 cap.
1616 854 1703 915 75,
1738 854 2109 906 Alexandrum
2150 866 2315 905 excu-

737 941 860 977 sare
891 935 1122 978 conatur
1161 926 1250 991 qui
1296 927 1410 978 ba‘c
1448 927 1515 979 de
1544 924 1785 977 Luciano
1811 924 2316 994 martyrescripse-

741 997 830 1050 rit.
867 995 925 1048 Et
961 997 1269 1048 laudandus
1295 996 1512 1061 quidem
1538 1006 1621 1048 est
1653 993 2073 1061 Baronius,'qui
2113 1000 2315 1060 marty-

738 1081 852 1118 rem
896 1066 1099 1119 Christi
1148 1067 1394 1119 nelandze
1438 1066 1664 1118 lia-resis
1714 1065 2026 1131 suspicione
2080 1062 2316 1116 liberare

735 1145 968 1190 conatus
997 1144 1101 1188 est.
1139 1135 1434 1190 Veritatem
1467 1144 1647 1186 tamen
1694 1135 1909 1186 cunctis
1955 1134 2118 1187 rebus
2152 1141 2311 1185 ante-

738 1218 938 1271 ponere
970 1206 1251 1260 dcbenuts.
1294 1206 1449 1271 Quod
1485 1207 1527 1257 si
1581 1205 1849 1257 Baronius
1890 1205 2089 1257 veteris
2125 1203 2313 1269 cujus-

739 1277 881 1342 piam
924 1277 1213 1341 scriptoris
1263 1275 1640 1329 testimonium
1702 1275 1939 1333 alferret,
2000 1290 2109 1341 quo
2154 1287 2308 1325 suam

737 1348 1066 1398 sententiam
1129 1346 1407 1405 firmaret.
1467 1354 1519 1397 et
1578 1344 1874 1397 Alexandri
1933 1343 2307 1397 testimonium

737 1416 1103 1475 subverteret,
1132 1415 1381 1484 equidem
1425 1416 1615 1468 libenti
1652 1416 1836 1467 animo
1874 1414 2303 1484 eiassentirem.

738 1485 842 1537 Sed
893 1502 1013 1537 cum
1046 1483 1241 1551 prreter
1281 1486 1630 1550 conjecturas
1683 1485 1814 1537 nihil
1864 1483 2071 1541 alTerat.
2124 1483 2305 1534 malim

734 1556 983 1623 equidem
1016 1556 1309 1609 Alexandri
1336 1557 1651 1609 testimonio
1681 1556 1920 1617 credere,
1954 1556 2046 1621 qui
2082 1551 2306 1605 Luciani

737 1626 1075 1692 temporibus
1101 1626 1256 1689 vixit,
1288 1626 1511 1693 ejusque
1550 1625 1856 1675 doctrinam
1891 1638 1954 1676 ac
1997 1623 2307 1688 discipulos

735 1698 983 1761 apprime
1012 1704 1259 1755 noverat,
1295 1698 1385 1756 qui
1424 1711 1482 1748 se
1516 1695 1960 1747 Couluciauistas
2016 1694 2303 1747 vocabant.

732 1763 892 1818 Certe
909 1763 1305 1823 Theodoretus.
1329 1775 1617 1832 postquam
1636 1764 1777 1816 hanc
1792 1762 2080 1816 Alexandri
2100 1763 2304 1831 episto-

739 1835 841 1885 lam
881 1835 1086 1895 retulit,
1121 1835 1324 1888 diserte
1354 1836 1608 1894 al'lirmat,
1641 1850 1763 1886 eum
1795 1836 1942 1885 nulla
1979 1834 2030 1885 in
2064 1848 2123 1887 re
2151 1848 2306 1884 men-

738 1906 898 1955 titmn
946 1903 1153 1968 fuisse,
1214 1906 1306 1959 sed
1354 1908 1640 1957 veritatem
1692 1905 1925 1971 ingenue
1980 1902 2300 1970 protulisse.

735 1974 958 2027 Accedit
988 1976 1363 2028 testimonium
1401 1975 1682 2042 Epiphanii
1722 1975 1775 2025 in
1816 1975 2009 2026 lizcresi
2062 1972 2152 2036 43,
2182 1986 2304 2042 qua:

734 2054 817 2097 est
854 2044 1313 2107 Lucianislarum,
1346 2046 1433 2097 ubi
1467 2043 1763 2097 Lucianutn
1802 2044 1946 2097 hunc
1985 2044 2051 2097 dc
2081 2059 2191 2110 quo
2222 2046 2303 2095 lo-

734 2117 921 2173 quitur
968 2117 1312 2178 Alexander,
1370 2116 1588 2168 Arianre
1646 2115 1837 2167 lueresi
1897 2117 2298 2179 patrocinatmn

736 2186 929 2250 fuisse,
958 2196 1009 2239 et
1040 2186 1351 2240 abArianis
1387 2201 1483 2255 pro
1531 2192 1769 2255 martyre
1792 2184 2034 2255 habitum
2089 2185 2300 2255 scribit.

733 2257 893 2311 Certe
944 2256 1197 2323 discipuli
1252 2253 1559 2324 ejus‘quos
1592 2253 1833 2307 recenset
1874 2253 2298 2320 Philostorgius,

734 2326 919 2379 Ariani
974 2327 1182 2379 erroris
1220 2326 1339 2379 labe
1378 2340 1569 2378 omnes
1621 2324 1808 2377 inlecti
1861 2324 2033 2378 luere.
2082 2324 2188 2376 Sed
2225 2325 2302 2376 vi-

733 2399 960 2451 deamus
1001 2396 1129 2465 quid
1175 2396 1243 2449 de
1292 2398 1384 2449 illo
1437 2403 1622 2455 narret
1652 2396 1975 2465 Alexander.
2014 2394 2102 2446 Ait
2140 2394 2304 2462 igitur

733 2470 909 2534 primo
945 2466 1241 2520 Lucianum
1293 2467 1633 2521 successisse
1676 2464 1844 2517 Paulo
1890 2464 2300 2526 Samosatensi;

735 2536 787 2589 id
821 2546 905 2591 est
922 2538 1126 2591 erroris
1152 2537 1296 2591 illius
1336 2551 1711 2591 successorem
1748 2535 1940 2590 fuisse.
1966 2534 2126 2589 Certe
2149 2536 2298 2588 illum

736 2609 1053 2660 familiarem
1104 2607 1273 2661 fuisse
1332 2608 1483 2660 Pauli
1514 2607 1860 2659 Samosateni
1898 2605 2163 2658 credibile
2194 2614 2299 2659 est.

736 2679 851 2731 Fuit
889 2677 1033 2730 enim
1086 2685 1140 2731 et
1182 2678 1296 2745 ipse
1326 2677 1595 2731 oriundus
1631 2691 1696 2729 ex
1739 2677 1872 2729 urbe
1905 2674 2299 2737 Samosatensi,

735 2760 786 2800 ut
820 2748 1022 2816 legitur
1048 2748 1101 2800 in
1128 2748 1248 2815 ejus
1293 2748 1433 2801 Vita.
1478 2747 1541 2799 Et
1587 2761 1711 2799 cum
1741 2745 1943 2799 Paulus
1970 2761 2035 2799 ex
2078 2761 2140 2816 ea
2165 2748 2300 2799 urbe

732 2818 796 2871 ad
832 2814 1255 2870 AntiochenSem
1298 2821 1674 2885 episcopatum
1717 2826 1938 2869 evectus
1973 2816 2066 2877 sit,
2102 2814 2301 2869 Lucia-

734 2904 837 2942 nus
860 2902 1080 2957 quoque
1104 2888 1408 2941 Antiochia:
1438 2888 1722 2957 presbyter
1755 2886 1875 2957 l'uit.
1904 2885 2060 2940 Aitas
2081 2901 2301 2957 quoque

736 2955 1025 3027 utriusque
1060 2958 1114 3010 in
1161 2958 1300 3010 idem
1358 2955 1469 3012 lere
1516 2967 1733 3079 temgns
1792 2956 2044 3008 incurrit.
2098 2955 2301 3012 Paulus

736 3030 877 3079 enim
917 3027 1196 3079 Aureliani
1241 3028 1582 3079 temporibus
1655 3030 1900 3079 cnositus
1941 3034 2046 3079 est.
2095 3037 2149 3079 et
2178 3036 2301 3079 nost

732 3030 877 3081 enim
917 3027 1196 3081 Aureliani
1241 3028 1582 3098 temporibus
1616 3027 1900 3098 depositds
1941 3034 2046 3092 est,
2095 3037 2149 3080 et
2178 3036 2301 3096 post

731 3098 1129 3165 depositionem
1163 3098 1254 3150 diu
1297 3095 1577 3167 superstes
1620 3097 1775 3148 vixit.
1841 3095 2115 3150 Ponatnus
2171 3095 2301 3165 ergo

736 3170 885 3221 illum
915 3169 980 3221 ad
1020 3168 1143 3220 Cari
1192 3183 1366 3235 usque
1417 3178 1659 3235 tempora
1707 3168 2042 3235 pervenisse.
2090 3167 2302 3221 Abhinc

732 3240 798 3291 all
833 3238 1154 3305 martyrium
1190 3238 1414 3292 Luciani
1442 3238 1567 3291 anui
1595 3246 1721 3291 sunt
1748 3238 1868 3305 plus
1896 3237 2078 3290 minus
2108 3238 2300 3307 viginti

732 3310 995 3376 quinque.
1043 3308 1115 3361 lix
1148 3324 1257 3375 quo
1308 3316 1553 3379 apparet,
1610 3307 1847 3379 Paulum
1877 3322 1949 3379 ac
2000 3308 2300 3379 Lucianmn

733 3381 925 3433 eodem
954 3380 1157 3447 oppido
1186 3378 1360 3443 ortos,
1401 3388 1455 3432 et
1487 3378 1732 3446 ejusdem
1769 3378 1920 3431 urbis
1961 3378 2300 3444 sacerdotes,

736 3449 927 3503 iisdem
965 3463 1183 3515 quoque
1222 3450 1426 3503 vixisse
1458 3448 1818 3517 temporibus.

803 3518 1304 3586 ’Λποσυνιὶγωγος
1336 3521 1533 3587 ἔμεινε
1550 3516 1724 3585 τριῶν
1738 3518 2102 3571 ἐπισκόπων.
2131 3516 2302 3584 IIujus

736 3590 885 3643 verbi
920 3589 1027 3641 vim
1056 3604 1163 3642 non
1189 3589 1565 3642 intellexerunt
1605 3590 1953 3655 interpretes.
1984 3589 2132 3653 Quos
2153 3605 2305 3643 secu-

735 3669 825 3713 tus
868 3659 1134 3712 Barouius
1170 3659 1235 3712 ad
1274 3675 1475 3711 annum
1530 3658 1656 3720 5l8,
1708 3656 1899 3711 scribit
1934 3656 2236 3711 Lucianum
2272 3674 2301 3713 a

736 3730 912 3783 tribus
938 3729 1210 3797 episeopis
1235 3729 1338 3781 sibi
1364 3729 1620 3781 continue
1642 3728 2087 3789 succedentibus,
2114 3727 2302 3782 Eccle-

735 3799 815 3851 sia
844 3798 1077 3865 ejectum
1112 3799 1300 3852 luisse.
1330 3798 1492 3867 Atqui
1530 3813 1636 3851 non
1684 3798 1787 3851 hoc
1811 3798 1942 3867 dicit
1971 3799 2304 3863 Alexander,

737 3868 830 3922 sed
866 3877 1075 3922 tantum
1107 3869 1183 3920 ait
1213 3866 1509 3921 Lucianum
1535 3868 1776 3922 schisma
1815 3866 2007 3921 fecisse
2036 3868 2087 3919 in
2116 3869 2303 3922 Antio.

735 3939 926 3993 cbensi
977 3937 1242 4002 Ecclesia,
1291 3946 1343 3993 et
1386 3938 1489 3991 sub
1534 3938 1709 3990 tribus
1739 3938 2011 4005 episcopis
2044 3939 2303 3992 continue

737 4010 841 4062 sibi
876 4008 1296 4063 succedentibus
1324 4010 1577 4061 collectas
1604 4022 1851 4061 seorsum
1893 4008 2219 4061 celebrasse.
2249 4008 2301 4061 Id

736 4077 1189 4148 cnitndsigniﬁcut
1223 4094 1323 4130 vox
1358 4079 1804 4145 ἀποσυνάγωγος.
1852 4078 2033 4145 Itaque
2070 4076 2304 4145 Epipha-

741 4163 863 4203 nius
893 4146 1275 4200 Scholasticus
1306 4164 1412 4199 non
1444 4148 1582 4200 male
1619 4150 1763 4200 hunc
1806 4148 1981 4199 locum
2036 4148 2304 4213 interpre-

727 4230 887 4271 Jaltts
914 4227 996 4270 est
1029 4220 1128 4271 hoc
1162 4218 1358 4269 modo:
1390 4218 1489 4268 (.‘ui
1517 4217 1794 4271 succedens
1834 4217 2123 4278 Lucianus,
2150 4229 2301 4270 extra

738 4304 1033 4356 synagogas
1076 4288 1275 4339 mansit
1316 4288 1477 4339 trium
1519 4289 1881 4355 episcoporum
1917 4286 2144 4353 plurimo
2174 4297 2305 4340 tent-

739 4374 884 4422 ενοι-ε.
912 4357 1147 4410 Basilius
1181 4358 1231 4408 in
1268 4358 1495 4425 epistola
1534 4360 1707 4426 prima
1752 4357 1817 4410 ad
1860 4357 2302 4425 Amphilochium

742 4427 1221 4497 παρασυνειγωγήν
1254 4436 1487 4495 usurpat
1518 4427 1706 4480 eodem
1733 4442 1897 4479 sensu
1933 4445 1943 4477 :
1990 4427 2079 4477 ubi
2112 4427 2306 4480 distin-

742 4502 857 4558 guit
889 4498 1032 4549 inter
1062 4498 1309 4549 haeresim
1339 4507 1391 4550 et
1433 4497 1673 4550 schisma
1707 4506 1761 4550 et
1801 4498 2300 4566 παρασυναγωγήν.

745 4568 1223 4637 Ιιαιρασυνᾳγωγὴν
1251 4575 1430 4620 autem
1465 4569 1539 4619 ait
1564 4581 1685 4620 esse
1720 4566 2305 4637 illegititiios_conven-

743 4634 851 4698 tus,
875 4637 966 4704 qui
999 4636 1225 4705 liutitab
1253 4636 1618 4705 iunnorigeris
1633 4634 1967 4705 presbyteris
1986 4634 2069 4687 vel
2092 4635 2307 4703 episco-

744 4709 825 4773 pis
846 4714 899 4761 el.
933 4706 1109 4758 laicis.
1131 4704 1292 4759 Verbi
1318 4704 1493 4774 gratia
1526 4706 1570 4759 si
1595 4707 1719 4774 quis
1742 4704 1989 4759 criminis
2021 4705 2306 4759 convictus

742 4787 793 4829 et
815 4792 842 4828 a
877 4776 1180 4828 ministerio
1209 4791 1368 4830 sacro
1386 4776 2060 4845 suspensus,judicionon
2096 4786 2303 4842 pareat,

743 4846 837 4899 sed
873 4845 1234 4898 ministerium
1269 4861 1427 4898 sumn
1458 4849 1609 4899 obire
1637 4849 1790 4906 velit.
1820 4855 1871 4898 et
1900 4845 2160 4913 populum
2194 4846 2306 4897 col-

747 4918 895 4983 iigat.
934 4913 1079 4968 Inter
1102 4916 1577 4985 παρασυναγωγὴν
1612 4926 1790 4969 autem
1832 4923 1899 4985 ret
1922 4914 2177 4985 schisma
2211 4929 2307 4983 pa-

747 4982 866 5039 rum
892 4985 1079 5039 distat.
1130 4982 1301 5037 Purro
1348 4982 1873 5040 causa'schismatis
1922 4982 2166 5035 Luciano
2210 4984 2311 5036 I'uit

745 5056 994 5107 doctrina
1032 5054 1179 5107 Pauli
1214 5055 1617 5109 Samosatensis
1662 5071 1825 5124 quam
1871 5052 2216 5114 defendebat,
2250 5064 2310 5106 ut

746 5127 904 5179 docet
935 5125 1261 5195 Alexander.
1297 5126 1469 5193 Cujus
1508 5123 1689 5195 gratia
1735 5127 1822 5178 diu
1863 5123 2135 5195 separavit
2160 5140 2237 5195 _se
2280 5140 2307 5176 a

748 5197 921 5248 tribus
953 5194 1244 5262 episcopis,
1278 5191 1765 5266 Domnonynueo
1801 5209 1861 5247 ac
1901 5192 2124 5261 Cyrillo.
2160 5191 2305 5246 Tan-

745 5266 865 5317 dem
892 5279 1020 5316 vero
1051 5266 1114 5318 ad
1150 5270 1412 5318 unitatem
1448 5264 1701 5320 Ecclesia:
1728 5279 1983 5318 reversus
2015 5269 2117 5323 est,
2146 5271 2203 5314 ut
2244 5278 2306 5316 ex

747 5334 1056 5386 Alexandro
1107 5336 1407 5403 colligitur.
1463 5335 1647 5403 Neque
1700 5336 1843 5388 enim
1877 5348 1999 5386 eum
2037 5334 2309 5403 usquead

748 5407 952 5458 exitum
1021 5404 1146 5456 vitae
1204 5402 1257 5456 in
1318 5402 1615 5460 schismate
1684 5405 1953 5460 mansisse
2004 5402 2313 5456 Alexander

748 5475 981 5540 scribit,
1050 5474 1145 5527 sed
1204 5482 1416 5528 tantum
1472 5477 1634 5546 longo
1687 5485 1929 5543 tempore
1994 5482 2308 5543 separatum

749 5547 938 5598 luisse.

830 5615 924 5665 Ἐν
957 5615 1138 5681 Συρίᾳ
1169 5631 1317 5682 χειρ.
1350 5615 1673 5670 ἐπίσκοποι
1708 5614 1881 5681 τρεῖς.
1912 5612 2171 5681 Intelligit
2205 5609 2311 5664 Eu-

747 5685 955 5739 sebium
1007 5685 1268 5738 Caesareae
1304 5684 1608 5741 Palestina:
1657 5688 2014 5751 episcopum,
2056 5682 2312 5735 Theodo-

746 5764 862 5807 tum
904 5752 1183 5825 Laodiceae
1220 5762 1273 5807 et
1313 5753 1600 5809 Paulinum
1643 5755 1793 5825 Tyri.
1841 5756 1951 5825 Hos
1992 5752 2138 5807 enim
2180 5765 2313 5825 anda-

753 5829 991 5882 themate
1022 5822 1307 5882 damnatos
1338 5826 1512 5883 fuisse
1539 5827 1603 5881 ab
1629 5821 1939 5881 Alexandro
1967 5821 2310 5879 Alexandriae

2012 387 2087 445 Η.
2127 382 2425 445 VALESII
2471 383 2516 442 Ν
2521 384 2684 443 ΟΤβΕ

3854 389 3994 455 1528

2418 502 2684 571 episcopo
2723 509 2954 557 testatur
2988 500 3153 556 Arius
3194 501 3249 555 in
3289 500 3524 569 epistola
3571 501 3638 554 ad
3695 500 3991 557 Eusebium

2420 571 2894 641 Nicomediensem
2948 573 3301 639 episcopum,
3355 586 3478 641 quae
3532 572 3770 625 refertur
3827 572 3992 628 intra.

2421 640 2595 696 Porro
2623 658 2686 697 ex
2720 643 2825 696 hoc
2858 644 2979 696 loco
3010 642 3310 710 colligitur.
3341 640 3630 709 epistolam
3666 642 3807 694 hanc
3842 644 3991 696 scri-

2420 722 2569 781 ptam
2600 728 2727 767 esse
2768 713 2837 768 ab
2871 712 3182 767 Alexandro
3210 723 3338 765 ante
3372 713 3662 779 epistolam
3696 711 3761 765 ad
3797 727 3993 768 omnes

2423 782 2698 837 Ecclesias
2720 824 2734 847 ,
2771 783 3089 851 priusquam
3125 781 3395 837 Eusebius
3426 781 3861 835 Nicomediensis
3895 797 3994 848 pa-

2419 853 2719 908 trocinium
2746 855 2860 907 Arii
2894 852 3250 921 suscepisset.
3284 852 3414 905 Nam
3451 851 3498 905 si
3535 856 3837 920 posteriore
3869 855 3994 906 loco

2419 924 2626 992 scripta
2711 934 2858 979 esset
2910 925 3025 978 hac
3072 922 3345 990 epistola.
3402 936 3682 992 nunquam
3738 921 3992 991 profecto

2420 990 2731 1048 Alexander
2782 994 3118 1049 mentionem
3161 992 3385 1049 Eusebii
3429 990 3870 1048 Nicomediensis
3913 992 3994 1045 la-

2417 1080 2539 1118 cere
2566 1066 2867 1119 omisisset.

2497 1134 2969 1188 ’Υπανακείσοω.
3000 1133 3057 1187 In
3088 1132 3282 1187 codice
3330 1130 3535 1187 Leonis
3585 1132 3770 1185 Allatii
3831 1138 3885 1185 et
3935 1132 3988 1185 in

2416 1204 2656 1259 editione
2714 1204 3001 1259 Basiliensi
3072 1204 3269 1265 legitur
3332 1202 3661 1256 ἀνακείσθω.
3699 1200 3992 1268 Quomodo

2416 1277 2583 1330 etiam
2618 1276 2884 1329 scribitur
2916 1273 3058 1342 apud
3093 1273 3489 1342 Nicephorum.

2491 1346 2601 1409 Τὰς
2637 1344 2709 1411 τῇ
2747 1343 3084 1399 ὑποστάσει
3123 1343 3231 1397 δύο
3270 1346 3505 1411 φύσεις.
3560 1342 3706 1397 Duas
3757 1353 3990 1396 naturas

2416 1417 2552 1469 dicit
2584 1414 2922 1473 Alexander,
2957 1428 3064 1466 non
3099 1414 3426 1482 simpliciter
3458 1422 3511 1465 et
3538 1412 3786 1465 absolute
3811 1413 3987 1476 duas,

2414 1487 2507 1541 sed
2538 1486 2907 1553 personaliter
2940 1484 3078 1537 duas
3101 1522 3115 1543 ,
3159 1500 3225 1536 eo
3259 1482 3406 1552 quod
3448 1484 3503 1553 in
3546 1482 3760 1535 duabus
3797 1498 3991 1553 perso-

2414 1560 2500 1611 nis
2528 1551 2754 1611 exsistat
2789 1572 2895 1609 una
2930 1564 3145 1607 natura.
3178 1551 3361 1618 Quare
3390 1551 3553 1620 φύσις
3594 1554 3652 1604 ὲν
3692 1552 3990 1605 ὑποστάσει

2413 1628 2555 1681 idem
2583 1637 2669 1680 est
2702 1625 2849 1694 quod
2885 1638 3139 1693 persona.

2482 1696 2609 1750 Pas.
2646 1691 2733 1750 16:
2767 1691 3187 1761 Ὃνόμοιονέν
3226 1693 3509 1763 Ψαλμοῖς.
3538 1691 3761 1763 Rectius
3786 1692 3839 1743 in
3870 1707 3990 1763 ma-

2413 1769 2703 1833 nuscripto
2732 1767 2922 1819 codice
2958 1763 3187 1833 llenrici_
3207 1764 3397 1816 Savilii
3434 1773 3486 1817 et
3526 1764 3577 1815 in
3613 1762 3854 1815 editione
3888 1762 3988 1812 lia-

2411 1827 2623 1892 siliensi
2675 1838 2939 1905 scriptum
2987 1841 3105 1894 est,
3153 1827 3227 1886 ὧν
3260 1835 3479 1901 ὅμοιον,
3515 1834 3566 1905 id
3614 1840 3735 1905 est,
3793 1833 3987 1905 quibus

2410 1907 2614 1961 similia
2642 1909 2699 1961 in
2735 1901 2966 1959 Psalmis
2997 1914 3195 1956 canunt
3235 1904 3563 1956 sanctissimi
3608 1901 3818 1955 Patres.
3862 1901 3988 1965 I‘Zpio

2410 1980 2649 2048 phauius
2691 1986 2874 2048 tamen
2910 1974 3295 2048 Scholasticus
3334 1974 3989 2048 vulgatam‘scripturam

2409 2041 2718 2102 confirmat.
2773 2046 3119 2099 Camerarius
3171 2060 3423 2112 quoque,
3454 2044 3581 2095 licet
3630 2041 3986 2112 Basiliensem

2407 2121 2706 2173 editionem
2743 2126 2966 2171 secutus
3004 2116 3106 2172 sit,
3145 2109 3203 2165 δν
3245 2109 3427 2166 tamen
3481 2115 3642 2181 legit.
3680 2121 3735 2181 ct
3774 2110 3839 2162 ad
3885 2109 3988 2161 Pa-

2408 2198 2546 2242 trem
2584 2189 2790 2243 retnlit.
2826 2187 3364 2252 Christophorsouus
3398 2180 3624 2235 vero'ad
3654 2180 3864 2252 Filium_
3894 2196 3985 2231 re-

2410 2259 2551 2313 ferre
2584 2258 2794 2313 maluit.
2835 2256 2927 2310 Sic
2960 2248 3106 2308 enim
3148 2256 3347 2315 vertit,
3394 2252 3593 2306 Filium
3630 2267 3786 2318 porro
3827 2248 3983 2301 Patri

2407 2331 2633 2384 similem
2658 2369 2672 2389 ,
2710 2330 2765 2381 in
2804 2325 3033 2381 Psalmis
3061 2326 3467 2394 pronuntiatum
3516 2331 3811 2377 memorant
3847 2337 3984 2373 san—

2407 2400 2633 2455 ctissimi
2673 2400 2776 2451 viri
2795 2440 2808 2458 .
2846 2409 2954 2452 etc.

2483 2468 2622 2535 Τιμᾷ
2650 2468 2757 2521 τὸν
2787 2469 3034 2534 Πατέρα.
3068 2466 3407 2536 Epiphanius
3434 2463 3809 2536 Scholasticus
3830 2478 3985 2536 quie-

2406 2532 2665 2596 dam'hic
2708 2538 2857 2592 addit
2905 2532 3026 2606 quae
3078 2532 3189 2591 non
3232 2538 3489 2606 leguntur
3536 2535 3588 2586 in
3631 2532 3842 2606 Graeco.
3891 2534 3985 2587 Sic

2405 2613 2547 2666 enim
2595 2612 2803 2664 habet:
2855 2603 3188 2677 Quapropter
3234 2603 3406 2675 et'qui
3448 2605 3673 2677 ho_uo_rat
3727 2603 3981 2677 Patrem.

2406 2682 2630 2736 honorat
2671 2689 2720 2733 et
2755 2678 2954 2733 Filium
2978 2674 2999 2733 ἐ
3035 2674 3085 2733 et
3122 2679 3210 2745 qui
3245 2674 3467 2730 honorat
3496 2674 3723 2735 Filium,
3758 2675 3986 2726 honorat

2405 2763 2453 2807 et
2510 2751 2720 2805 Patrem
2748 2790 2762 2812 ,
2806 2759 2856 2803 et
2884 2761 3042 2803 recte.
3096 2749 3270 2812 Quam
3323 2746 3610 2799 lectionem
3650 2746 3987 2798 conﬁrmant

2405 2823 2709 2891 sequentia.
2772 2819 2959 2887 Itaque
3012 2834 3169 2891 error
3204 2817 3421 2891 videtur
3461 2815 3850 2891 l_ibrariorum_,
3893 2816 3985 2891 qui

2406 2885 2546 2947 hanc
2587 2885 2882 2960 pcricopen
2922 2890 3232 2945 omiserunt
3269 2888 3482 2957 decepti
3540 2898 3736 2938 vocum
3790 2885 3988 2938 simili-

2404 2965 2613 3019 ttuliue.

2476 3032 2585 3087 Καὶ
2630 3027 3531 3099 μελαγχολικῆςίτψιιοσμέηξης
3581 3025 3786 3099 ᾷόξηᾷς.
3838 3022 3988 3099 [.ng

2410 3093 2863 3175 μελαγχὸλιιεοῖξξ
2888 3093 3352 3175 (ιιιθηὶέιιίηίοιίιιηί
3386 3097 3558 3175 edidit
3590 3095 3833 3149 Iacobus
3871 3093 3989 3144 Sir-

2406 3167 2663 3229 inuudus.
2706 3171 2877 3237 Cujus
2908 3167 3110 3223 tamen
3164 3169 3365 3223 factum
3422 3167 3657 3235 probare
3708 3180 3815 3237 non
3856 3179 3986 3237 pns-

2407 3259 2528 3299 sum
2553 3287 2567 3309 ,
2606 3244 2659 3295 in
2690 3257 2755 3296 eo
2785 3234 2928 3308 quod
2972 3240 3260 3294 lectionem
3304 3237 3512 3309 nullius
3546 3236 3735 3304 scripti
3771 3234 3987 3309 codicis

2406 3303 2737 3367 auctoritate
2774 3303 3046 3365 ﬁrmatam
3081 3310 3134 3361 in
3172 3317 3377 3361 textum
3417 3303 3706 3359 admittere
3737 3320 3849 3356 non
3880 3303 3988 3355 du-

2407 3384 2645 3438 bitavit:
2681 3396 2842 3449 quam
2876 3382 2941 3433 ad
2977 3381 3121 3432 latus
3151 3378 3412 3431 editionis
3441 3392 3556 3431 stuc
3590 3377 3854 3449 reiieere,
3893 3379 3987 3449 aut

2404 3458 2459 3508 in
2489 3442 2941 3507 adnotaiiouibus
2973 3450 3180 3503 referre
3209 3452 3389 3516 potius
3415 3447 3796 3501 conveniebat.
3826 3442 3984 3516 Apud

2406 3524 2771 3592 Nicephorum
2808 3522 2862 3573 in
2906 3522 2996 3573 lib.
3034 3534 3169 3581 vnt;
3206 3514 3326 3592 cap.
3357 3519 3631 3592 [legitur
3665 3516 3757 3567 καὶ
3786 3514 3988 3582 μελαγ-

2402 3587 2620 3664 χολωέῆς
2652 3591 2808 3662 δόξης
2832 3632 2848 3656 ,
2882 3592 3085 3644 omissa
3120 3603 3251 3642 voce
3281 3587 3657 3657 ἡρμοσμένης.

2491 3676 3069 3749 Ἀποσκιρώσαντος.
3111 3678 3167 3732 1η
3203 3678 3581 3749 manuscripto
3611 3674 3805 3749 codice
3840 3673 3987 3749 Πετη-

2407 3755 2505 3808 rici
2529 3752 2718 3807 Savilii
2738 3745 3010 3819 scriptum
3038 3759 3119 3803 est
3149 3747 3610 3819 svoxrjvdiaawoc.
3644 3745 3987 3819 Epiphanius

2410 3824 2789 3877 Scholasticus
2828 3815 3027 3886 legisse
3060 3820 3275 3873 videtur
3304 3815 3815 3885 ἀποσκιρτήσαντος
3841 3855 3856 3874 ,
3905 3815 3988 3868 sic

2408 3895 2554 3947 enim
2611 3896 2816 3945 vertit:
2873 3890 3143 3955 Sapientia
3204 3886 3425 3941 Satantz
3460 3888 3514 3939 in
3555 3888 3764 3938 animas
3801 3900 3985 3938 eorum

2408 3964 2755 4033 aequissimas
2796 3959 3406 4033 vcheutenterjnsiliens.

2491 4022 2892 4101 Ἦμαύρωσεν.
2913 4029 3095 4082 Codex
3120 4027 3332 4101 Leonis
3348 4025 3530 4101 Allatii
3552 4024 3725 4101 habet
3802 4022 3988 4101 μέρισ-

2410 4122 2520 4156 σεν.
2552 4091 2730 4171 Atque
2760 4104 2833 4155 ita
2882 4113 3112 4171 prorsus
3145 4098 3270 4166 legit
3292 4096 3637 4171 Itlpiphanius
3675 4091 3988 4171 Scholasti-

2408 4190 2539 4237 cus,
2577 4164 2731 4225 ut'ex
2764 4164 3220 4237 interpretatione
3256 4166 3377 4233 ejus
3416 4174 3659 4232 apparet.
3704 4164 3797 4215 Sic
3836 4165 3985 4237 enim

2408 4233 2614 4296 vertit:
2657 4240 2779 4293 Non
2817 4233 3302 4292 conintinistrorum
3338 4251 3556 4288 concors
3597 4233 3888 4287 reverentia
3924 4236 3989 4283 dc

2410 4313 2623 4367 Christo
2669 4309 2997 4378 ferocitatem
3027 4324 3207 4361 eorum
3240 4304 3607 4371 mansucfecit.

2493 4402 2941 4465 Ἐπιπορεισθω.
2978 4399 3203 4453 Correxi
3243 4396 3623 4465 ὲπαπορεισθω
3645 4410 3709 4447 ex
3741 4393 3991 4447 editione

2408 4472 2599 4527 Jacobi
2676 4470 2980 4523 Sirmundi.
3026 4468 3081 4521 In
3125 4469 3401 4521 Saviliano
3440 4467 3630 4518 codice
3679 4474 3733 4515 et
3775 4465 3827 4517 in
3869 4465 3985 4516 edi-

2410 4548 2560 4597 tione
2594 4540 2883 4594 Basilieusi
2925 4540 3193 4605 scriptum
3250 4546 3333 4591 est
3377 4535 3783 4604 ὲπηπορήσοω,
3836 4534 3987 4602 quod

2410 4613 2583 4675 magis
2614 4612 2825 4680 placet:
2858 4617 2944 4680 est
2978 4611 3123 4680 enim
3158 4608 3209 4659 in
3244 4607 3537 4680 praeterito.

2495 4675 2850 4745 Ἀπὰιδεύτῳ
2877 4679 3018 4745 ὕλῃ.
3049 4677 3138 4731 Sic
3168 4684 3325 4729 vocat
3348 4675 3665 4728 dialecticas
3679 4687 3988 4745 argumen-

2410 4753 2646 4805 tationes
2676 4742 2877 4819 quibus
2904 4742 3164 4801 utebatur
3189 4742 3884 4819 Ariusadversus_Christi‘
3904 4742 3986 4792 di-

2411 4811 2718 4873 vinitatem.
2756 4820 2809 4871 In
2848 4819 3038 4870 codice
3072 4824 3254 4869 tamen
3290 4815 3475 4867 Allatii
3512 4828 3611 4884 pro
3642 4811 3743 4884 ὕλῃ
3782 4812 3986 4881 legitur

2412 4890 2619 4960 ὑλακῇ,
2659 4889 2711 4943 id
2745 4897 2829 4943 est
2862 4890 3060 4941 latratu
3087 4927 3102 4951 ,
3140 4885 3282 4955 quod
3322 4899 3428 4936 non
3468 4882 3660 4952 probo.

2484 4982 2611 5036 Psc.
2646 4981 2729 5034 I7.
2754 4973 2867 5032 Ὧν
2882 4978 3288 5046 μεσιτεύουσα
3305 4976 3489 5046 φύσις
3503 4970 3857 5046 μονογενής.
3884 4971 3985 5024 Be-

2413 5055 2576 5111 nigne
2610 5044 3021 5117 intelligendum
3048 5055 3133 5101 est
3153 5088 3166 5105 .
3193 5047 3336 5117 quod
3372 5045 3476 5097 hoc
3503 5045 3621 5117 loco
3648 5046 3721 5093 ait
3746 5044 3987 5117 Alexan-

2413 5110 3152 5187 der.naturaufunigeuitam
3174 5110 3401 5187 mediam
3434 5128 3556 5168 esse
3591 5114 3732 5164 inter
3768 5110 3985 5187 Patrem

2416 5192 2741 5261 ἰιιίζεξιιίιιιηιΔ
2775 5183 3190 5261 et__creatm-as.
3234 5184 3337 5261 Ubi
3382 5191 3635 5261 naturam
3674 5183 3844 5261 sumit
3890 5197 3987 5261 pro

2417 5251 2671 5331 persona.
2728 5257 2987 5331 lnjtelligit
3040 5254 3401 5331 eninrcptistu
3446 5258 3504 5306 ὲν
3534 5251 3892 5331 fatos-tacet,
3931 5259 3984 5302 ut

2418 5320 2581 5401 paulo
2619 5336 2744 5381 ante
2783 5320 2999 5401 locutus
3040 5335 3124 5401 est
3161 5320 3489 5378 Alexander.
3534 5320 3766 5401 Mediam
3803 5328 3985 5401 autem

2418 5387 2575 5453 vocat
2608 5404 2864 5451 naturam
2901 5397 3241 5464 unigenitam
3266 5433 3281 5457 ,
3320 5409 3426 5446 non
3468 5392 3615 5458 quod
3658 5387 3989 5464 Uttigen_itus

2418 5470 2645 5523 inferior
2674 5469 2746 5520 sit
2775 5466 2935 5519 Patre
2956 5502 2970 5528 ,
3003 5459 3097 5519 sed
3148 5464 3291 5531 quod
3330 5478 3426 5532 per
3456 5463 3607 5532 illum
3639 5460 3821 5532 omnia
3844 5459 3991 5532 I'agit

2420 5540 2598 5602 Pater,
2646 5546 2705 5590 ttt
2750 5537 2825 5589 ait
2867 5525 3110 5588 Joannes
3158 5525 3516 5602 evangelista.
3567 5529 3757 5588 Unde.
3788 5525 3983 5602 δι’ρῦ.

2418 5599 2637 5679 proprie
2672 5606 2934 5679 tribuitur
2965 5604 3143 5679 Pilio,
3183 5599 3643 5671 quemadmodum
3680 5605 3837 5653 notat
3885 5599 3986 5655 Ba-

2418 5675 2575 5735 Silius
2614 5679 2666 5730 in
2705 5677 2842 5729 libro
2873 5676 2939 5728 de
2970 5675 3175 5744 Spiritu
3207 5684 3413 5744 sancto.

2489 5749 2663 5812 Πάσῃ
2702 5745 2772 5813 τῇ
2813 5741 3073 5814 γεννηὲᾗ
3119 5746 3317 5813 φύσει.
3361 5742 3539 5795 Malim
3580 5741 3824 5814 sc._ribc_re
3873 5757 3980 5814 xc-

2419 5819 2574 5889 νητῇ,
2607 5811 3063 5887 quemadmodum
3121 5811 3315 5886 legisse
3366 5814 3575 5869 videtur
3620 5811 3981 5883 Epiphanius.
