4216 6456
253 396 393 467 1533

245 522 446 569 tuentes
471 530 533 567 ne
555 519 865 583 congregato
894 513 957 583 in
971 513 1107 583 idem
1144 522 1290 567 tanto
1319 517 1544 570 concilio
1570 519 1821 582 pelleren-

244 597 348 639 tur.
384 582 703 639 Construxit
754 584 915 643 icitur
944 582 1208 638 Eustatbii
1243 587 1405 640 verba
1436 588 1490 639 in
1522 587 1665 639 hunc
1706 602 1823 639 mo-

240 657 397 715 dum,
447 652 914 724 ὲξοςτρακισθεϊεν
942 654 1040 721 τῆς
1078 654 1320 718 συνόδου,
1361 659 1505 724 quod
1536 666 1685 711 certe
1716 672 1822 709 non

239 726 513 794 displicet.
544 722 755 791 [ti-quui
792 734 969 795 tamen
1023 725 1345 793 interpretes
1380 722 1541 780 verba
1599 727 1688 778 illa
1723 727 1823 795 τῆς

241 792 463 848 συνόδου
498 792 1009 865 ωγκεκροτημέης
1065 795 1136 846 ita
1172 792 1532 865 acceperunt,
1560 797 1717 865 quasi
1768 792 1822 849 in

242 866 489 919 ablativo
522 866 773 917 absoluto
805 864 980 932 posita
1011 873 1218 917 essent.

316 936 443 989 Τῶν
489 934 559 987 δὲ
584 932 907 1000 πίοεδριὼν
936 934 1364 1000 κρατήσαντες.
1402 935 1645 990 Pessime
1677 937 1823 990 hunc

239 1006 423 1059 locum
472 1014 749 1057 verterunt
806 1001 1338 1070 Christophorsonus
1380 1021 1443 1059 ac
1495 1008 1821 1062 Sirmundus

238 1076 346 1130 hoc
380 1075 566 1129 modo:
613 1072 797 1126 Verum
832 1074 919 1125 ubi
963 1075 1288 1144 episcopatus
1330 1078 1429 1129 huc
1455 1079 1685 1144 illucque
1717 1078 1822 1128 cir-

236 1145 626 1215 cuntcursando
660 1144 839 1215 adepti
865 1153 1010 1215 sunt.
1045 1142 1227 1213 Longe
1276 1149 1479 1200 rectius
1514 1142 1731 1215 Langus
1767 1154 1821 1200 et

238 1214 612 1269 Camerarius.
668 1212 802 1265 Nam
854 1212 1201 1269 Camerarius
1250 1216 1467 1281 quidem
1504 1218 1576 1270 ita
1623 1212 1817 1269 vertit:

240 1284 311 1338 Et
340 1284 690 1351 praesidentia:
718 1283 925 1350 quidem
972 1299 1079 1336 sua:
1119 1283 1254 1347 loca,
1288 1286 1539 1351 plurimos
1588 1287 1822 1339 assidui-

237 1366 348 1408 tate
378 1370 583 1407 summa
632 1352 1024 1420 prehensantes,
1080 1355 1379 1419 retinuere;
1422 1357 1637 1424 Laugus
1690 1370 1819 1409 vero

234 1425 417 1477 adhuc
448 1425 649 1477 clarius
682 1425 1070 1487 interpretatus
1100 1436 1183 1480 est
1219 1427 1319 1477 hoc
1368 1428 1560 1482 modo:
1618 1426 1817 1487 1ιίφί-

232 1495 535 1561 scopalibus
563 1495 675 1546 suis
701 1509 792 1559 per
826 1494 1158 1546 ambitionem
1193 1503 1241 1547 et
1269 1496 1817 1548 circnmcnrsationem

232 1566 524 1617 maximam
577 1564 809 1625 retentis,
856 1571 991 1626 etc.,
1022 1564 1246 1631 Optime.
1298 1564 1510 1619 Etenim
1547 1565 1817 1620 Eusebius

232 1634 667 1687 bicornrdiensis
696 1634 985 1700 episcopus
1016 1641 1072 1686 et
1100 1635 1292 1701 reliqui
1323 1637 1537 1688 Arianae
1562 1634 1817 1689 factionis

231 1705 686 1776 antistites,rcum
721 1702 1009 1776 formulam
1064 1703 1183 1757 fidei
1220 1719 1332 1758 sua:
1381 1706 1433 1759 in
1470 1706 1679 1776 synodo
1725 1705 1817 1758 Ni-

230 1788 383 1828 czena
436 1775 713 1840 explosam
754 1772 1038 1832 vidissent.
1071 1787 1237 1842 seque
1287 1772 1545 1843 tanquam
1604 1776 1817 1829 Ariame

231 1844 584 1912 blasphemiae
614 1845 852 1897 fautores
883 1843 1255 1909 deprehensos
1279 1860 1422 1908 esse,
1449 1847 1605 1899 veriti
1637 1862 1704 1899 ne
1731 1857 1817 1899 ut-

231 1924 360 1983 pote
415 1914 649 1967 lueretici
688 1914 1093 1981 episcopatibus
1125 1916 1240 1968 suis
1286 1925 1636 1975 emerentur.
1670 1917 1815 1969 Con-

228 1985 533 2036 stantinum
579 1983 879 2049 principem
930 1983 1310 2045 obsecrarunt.
1372 2000 1526 2053 opem
1577 1988 1693 2052 ejus
1752 2001 1815 2039 ac

229 2054 555 2120 suffragium
596 2053 949 2117 implorantes
982 2069 1048 2105 ne
1079 2055 1247 2122 gradu
1304 2070 1404 2109 suo
1430 2055 1809 2123 dejicereutur.

230 2122 494 2175 TeSIatur
522 2124 623 2176 hoc
655 2123 1050 2177 Constantinus
1075 2123 1191 2191 ipse
1217 2127 1269 2178 in
1299 2122 1528 2191 epistola
1560 2126 1624 2179 ad
1654 2126 1816 2180 Nico-

230 2195 563 2250 medieus's.
608 2209 766 2259 quam
799 2194 963 2260 paulo
1016 2196 1155 2247 infra
1194 2197 1377 2249 retulit
1408 2194 1809 2250 Theodoretus.

228 2262 351 2315 Non
393 2272 567 2331 potest
621 2262 800 2316 alferri
838 2263 1100 2316 illustrior
1135 2265 1287 2319 locus
1314 2265 1380 2317 ad
1416 2269 1812 2331 expositionem

229 2335 523 2385 verborum
553 2332 845 2387 Eustathii.
883 2333 1028 2387 ldcm
1058 2333 1203 2388 enim
1257 2334 1449 2388 dicunt
1500 2336 1815 2389 Eustathius

226 2410 283 2456 ct
310 2401 725 2458 Constantinus.

300 2472 433 2527 Psc.
478 2475 566 2528 28.
604 2471 908 2539 Ἀληθινοῦ
940 2475 1126 2543 λόγου
1179 2474 1282 2527 τοῦ
1338 2476 1585 2542 Πατρός.
1646 2475 1815 2544 Magis

231 2543 411 2612 placet
446 2546 606 2597 h-ctio
637 2558 799 2612 quam
847 2545 1021 2612 reperi
1053 2547 1104 2597 in
1139 2546 1329 2597 codice
1379 2546 1576 2598 Leonis
1632 2543 1814 2599 Allatii

228 2611 486 2684 ῥληθινοῦ
512 2616 691 2683 γόνου.
726 2611 857 2665 Nam
891 2611 953 2667 ex
984 2629 1049 2667 eo
1080 2615 1224 2684 quod
1264 2614 1435 2667 Filius
1465 2613 1703 2668 Verbum
1735 2627 1817 2671 est

230 2679 439 2746 Patris,
472 2679 577 2737 non
611 2686 860 2749 sequitur
896 2686 1071 2752 ipsum
1099 2679 1224 2739 esse
1246 2699 1310 2737 ex
1346 2686 1522 2738 Patris
1557 2687 1818 2739 substan-

231 2753 330 2821 tia.
367 2756 440 2807 In:
476 2769 539 2807 eo
571 2768 697 2806 vero
734 2756 878 2821 quod
913 2757 1055 2808 fetus
1085 2768 1167 2809 est
1196 2754 1396 2820 Patris,
1428 2755 1720 2810 conficitur
1748 2771 1816 2810 ex

229 2819 411 2877 Patris
443 2819 951 2878 substantiaortttm
978 2838 1119 2877 esse.

310 2894 453 2957 Τοὺς
500 2894 830 2957 δοκοῦντας
864 2894 1103 2961 ὀλίγους
1148 2893 1506 2959 Ἀρειανούς.
1534 2893 1814 2949 Postrema

227 2976 335 3014 vos
362 2963 514 3017 deest
546 2964 599 3015 in
623 2964 811 3016 codice
837 2962 1033 3018 Leonis
1067 2964 1243 3014 Allatii
1267 2972 1320 3016 et
1347 2964 1398 3016 in
1436 2965 1675 3019 editione
1714 2965 1815 3017 Ba-

228 3033 445 3085 siliensi
466 3076 479 3096 ,
516 3048 613 3085 nec
642 3034 870 3085 habetur
901 3036 1040 3100 apud
1065 3031 1454 3100 Nicephorum,
1488 3050 1587 3087 nec
1612 3035 1664 3086 iu
1700 3036 1817 3087 vul-

230 3103 375 3168 gatis
440 3102 771 3157 coitionibus
836 3103 1141 3156 Athanasii.
1216 3102 1554 3172 Epiphanius
1635 3114 1816 3159 tamen

231 3173 613 3225 Scholasticus
636 3187 754 3223 eam
780 3174 1043 3239 agnoscit.

315 3241 571 3309 Ἐξῆλθε
605 3241 731 3308 γὰρ,
760 3242 933 3309 φησι,
966 3241 1131 3294 πᾶσα
1157 3243 1195 3307 ἠ
1225 3242 1495 3309 δύναμις.
1540 3242 1594 3294 In
1627 3245 1817 3299 codice

227 3313 433 3367 Leonis
458 3312 635 3365 Allatii
670 3313 939 3383 soriptum
981 3320 1082 3375 est,
1114 3313 1226 3383 nat
1247 3312 1431 3381 ἐξῆλθε
1469 3314 1619 3365 πᾶσα
1658 3318 1691 3383 ἡ
1721 3314 1816 3366 δύ-

229 3400 419 3451 ναμις.
452 3383 626 3450 Atque
668 3382 739 3434 ita
781 3383 977 3450 legitur
1014 3383 1155 3450 apud
1187 3380 1567 3450 Nicephorum.
1606 3380 1817 3437 ln'edi-

229 3460 383 3505 tione
436 3462 617 3506 autem
660 3451 973 3523 _Basibensi
1032 3454 1247 3523 legitur,
1306 3452 1401 3503 καὶ
1457 3452 1651 3523 ἐξῆλοε
1713 3456 1812 3523 μὲν

230 3526 405 3581 πᾶσα,
436 3520 711 3589 quomodo
749 3526 911 3574 etiam
947 3520 1240 3589 prieferunt
1273 3523 1503 3589 vulgatae
1542 3520 1814 3579 editiones

230 3593 540 3647 Athanasii.
571 3590 644 3643 Ita
677 3606 896 3658 quoque
919 3591 1044 3659 legit
1071 3590 1404 3659 Epiphanius
1435 3590 1815 3649 Scholasticus

229 3671 291 3715 ut
315 3678 380 3714 ex
412 3661 809 3727 versione-"ejus
844 3670 1086 3727 apparet.

314 3729 713 3796 ’Artuiixtwp
753 3729 921 3797 ἡμῶν
960 3734 992 3782 ό
1054 3730 1196 3794 Θειλς
1237 3730 1460 3783 Ἰακώϐ.
1494 3729 1617 3784 Haec
1653 3734 1816 3788 vt'rba

229 3800 428 3854 desunt
459 3803 511 3853 in
544 3802 730 3869 codice
761 3798 958 3853 Leonis
990 3801 1238 3860 Allatii,et
1274 3802 1416 3869 apud
1451 3800 1811 3869 Epiphanium

209 3870 656 3925 .Seholasticum.
695 3868 974 3923 Habentur
1018 3878 1199 3924 tamen
1252 3868 1319 3923 in,
1367 3868 1594 3939 reliquis
1627 3888 1814 3925 exem-

228 3943 498 4006 pluribus.

301 4012 637 4078 Γενόμενος
674 4009 786 4077 τὰρ
832 4010 1138 4075 ἀληθινὸς,
1169 4010 1456 4075 ἀληθινός
1479 4011 1669 4063 ἐστιν.
1710 4010 1815 4065 De-

230 4078 391 4132 lenda
418 4091 499 4133 est
534 4097 631 4132 vos
668 4079 916 4147 ἀληθινὸς
948 4094 1067 4147 qua:
1106 4082 1288 4148 priore
1347 4082 1463 4133 loco
1504 4083 1677 4148 posita
1710 4092 1812 4136 est.

224 4148 391 4203 Certe
424 4165 520 4203 nec
552 4151 605 4202 iu
628 4151 813 4203 codice
830 4151 1031 4213 Allatii,
1054 4165 1155 4202 nec
1180 4151 1232 4202 in
1261 4150 1501 4203 editione
1529 4151 1812 4205 Basiliensi

230 4219 483 4273 habetur.
518 4218 573 4271 In
625 4221 858 4287 vulgatis
915 4234 1133 4288 quoque
1166 4219 1500 4272 editionibus
1531 4222 1810 4274 Athanasii

227 4302 293 4341 ac
324 4288 613 4357 Nicephori
645 4305 751 4341 non
788 4290 1001 4357 legitur.
1053 4288 1287 4342 Proinde
1337 4292 1506 4341 miror
1545 4289 1811 4344 Jacobum

229 4360 586 4411 Sirmuudum
612 4374 730 4410 eam
765 4358 818 4411 in
843 4358 1084 4411 editione
1114 4372 1213 4411 sua
1250 4358 1563 4413 retinuisse.

304 4428 432 4482 PAG.
478 4428 566 4481 29.
608 4428 1054 4495 Ἑννοουμένων
1079 4428 1324 4490 λέξεων.
1379 4426 1621 4482 Pessime
1668 4430 1813 4483 hunc

227 4497 411 4551 locum
463 4506 740 4552 verterunt
789 4498 1325 4566 Christophorsonus
1374 4508 1425 4550 et
1462 4500 1812 4563 Sirtnuudus,

226 4570 322 4633 qtti
376 4569 643 4637 dictiones
677 4569 760 4635 pie
789 4570 1125 4635 excogitatas
1170 4569 1614 4634 interpretantur.
1649 4574 1811 4637 Atqui

225 4637 435 4691 Nicaeni
469 4636 661 4691 Patres
695 4639 875 4690 nullas
921 4653 1083 4690 voces
1135 4642 1531 4705 excogitarunt,
1580 4640 1673 4691 sed
1725 4636 1810 4693 usi

226 4717 360 4761 Sttttt
394 4710 621 4759 vocibus
641 4723 762 4774 qua:
783 4716 876 4759 aut
898 4708 949 4758 in
977 4721 1130 4759 sacra
1160 4706 1442 4770 Scriptura
1472 4709 1803 4775 legebantur,

227 4787 326 4830 aut
357 4778 424 4829 ab
458 4778 697 4841 antiquis
726 4776 1040 4830 doctoribus
1065 4778 1279 4829 fuerant
1306 4777 1807 4843 usurpant-Nerium

227 4848 273 4901 si
301 4849 702 4914 manuscriptos
723 4846 940 4901 codices
974 4848 1400 4905 consuluissent,
1432 4861 1615 4898 veram
1649 4848 1811 4915 hujus

228 4916 335 4972 loci
382 4915 709 4984 scripturam
765 4917 1270 4984 deprehendisset“.
1314 4917 1474 4969 Certe
1523 4919 1576 4969 in
1624 4920 1811 4970 θυαμ-ρ

227 4986 414 5040 Allatii
445 4996 498 5039 et
529 4987 582 5039 iu
610 4990 851 5039 ediione
905 4984 1187 5038 Basilii-nsi
1232 4985 1448 5054 legitur,
1480 4988 1805 5055 νοουμένων.

228 5056 304 5110 Ita
335 5071 551 5123 quoque
584 5056 776 5123 legitur
808 5056 860 5107 in
897 5058 1130 5123 vulgatis
1156 5055 1489 5107 editionibus
1525 5059 1808 5111 Athanasii

227 5143 292 5181 ac
312 5123 627 5194 Nicephori.
655 5126 757 5179 Sed
786 5135 838 5179 et
863 5125 1200 5194 Epiphanius
1236 5125 1609 5180 St-liolastirus
1634 5130 1705 5179 ita
1734 5132 1809 5179 le-

227 5143 292 5181 ac
314 5142 446 5178 uice
490 5142 627 5178 nort.
655 5142 757 5179 aeu
786 5142 838 5179 et
864 5142 1200 5194 Epipnanius
1236 5142 1609 5180 at-tiomstn-us
1634 5142 1705 5179 ita
1734 5142 1807 5179 te-

227 5205 403 5266 gerat.
446 5142 537 5248 gic
578 5202 721 5249 enim
774 5208 959 5247 vertit:
1020 5195 1302 5262 Propterea
1335 5209 1399 5247 ea:
1442 5211 1544 5247 non
1600 5201 1807 5265 scriptis

226 5266 577 5330 sermonibus,
606 5267 691 5334 pie
719 5274 890 5317 tamen
934 5267 1209 5317 intellectis
1255 5266 1496 5317 damnati
1527 5279 1667 5327 sunt.
1721 5270 1806 5320 lu-

227 5337 423 5404 telligit
449 5344 628 5388 autem
683 5337 1017 5388 Athauaseus
1068 5350 1252 5388 vocem
1291 5335 1572 5403 ὀμοούσιον
1606 5354 1727 5405 quae
1756 5341 1805 5392 in

227 5410 403 5460 sacris
450 5405 1015 5477 quidem_Scripturis
1074 5421 1180 5458 non
1223 5416 1419 5468 exstat,
1469 5407 1539 5459 ab
1566 5411 1807 5477 antiquis

226 5485 411 5529 tantum
455 5474 815 5544 scriptoribus
848 5483 1019 5529 luerat
1049 5484 1331 5543 usorpata,
1365 5484 1421 5528 ut
1448 5477 1606 5530 docet
1636 5474 1805 5533 Euse-

224 5545 353 5600 litus
384 5547 435 5597 in
470 5547 698 5614 epistola
730 5546 795 5597 ad
828 5547 1210 5598 Cafsal'it'IISt‘S.

296 5616 419 5689 [Ipo
451 5613 602 5667 ἐτῶν
618 5616 797 5683 ἐγγύς
811 5631 928 5689 {too
949 5615 1184 5668 ἑκατόν.
1213 5617 1462 5684 lntelligit
1487 5616 1803 5689 Dionysium

222 5684 546 5759 episcopum
608 5688 767 5759 uibus
819 5683 1046 5759 Romae,
1083 5696 1147 5759 et
1199 5689 1433 5741 alterum
1486 5683 1802 5759 Dionisium

224 5754 549 5824 episcopum
590 5757 971 5818 Alexandriae;
1002 5757 1093 5823 qui
1132 5759 1183 5809 in
1221 5759 1373 5811 libris
1424 5759 1540 5811 suis
1568 5754 1804 5813 damna-

229 5833 357 5881 runt
393 5840 486 5883 eos
520 5826 610 5895 qui
647 5824 845 5881 Filium
893 5825 985 5881 Dci
1037 5841 1173 5895 opus
1224 5836 1276 5882 et
1323 5836 1631 5885 creaturam
1682 5845 1802 5885 esse

1168 404 1251 466 IN
1285 406 1667 467 THEODOR.
1710 406 1909 467 HIST.
1957 409 2150 471 ECCL.
2189 414 2335 473 LIB.
2376 416 2425 474 Ι.

3366 421 3498 486 1534

1932 520 2198 586 dicerent,
2223 535 2282 577 ut
2307 530 2539 577 testatur
2558 524 2888 581 Athanasius
2918 526 2970 580 in
3000 526 3143 581 libro
3175 527 3248 583 De
3277 542 3499 587 senten-

1929 590 2002 641 tia
2026 589 2296 669 Dionysii
2328 596 2806 669 contra-Aristius.
2836 596 3004 651 Porro
3034 599 3103 651 ab
3132 602 3357 651 exordio
3386 620 3498 669 cpi-

1928 661 2185 736 sc0patus
2243 662 2477 732 Dionysii
2528 661 2756 736 Romani
2800 681 2974 733 usque
3025 669 3089 720 ad
3123 661 3497 736 pontiﬁcatum

1928 726 2170 804 Damasi.
2203 748 2328 804 quo
2354 726 2599 800 tempore
2641 726 2971 789 Athanasius
3010 726 3295 804 epis-tolum
3332 741 3496 794 istam

1926 798 1992 851 ad
2025 799 2185 855 Afros
2222 798 2614 868 scripsit.ianni
2648 814 2775 857 sunt
2796 814 3012 856 centum
3043 798 3270 868 etquod
3301 824 3500 861 exi-ur-

1927 868 2019 941 rit.
2050 868 2181 923 Nam
2222 872 2509 941 Dionysius
2540 875 2730 927 sedere
2761 876 2930 941 coepit
2951 889 3095 927 anno
3126 878 3331 929 Christi
3364 880 3494 934 261.

1925 938 2172 1013 Epistola
2219 938 2397 995 autem
2432 944 2497 995 ad
2533 944 2695 999 Afros
2736 938 2939 1013 scripta
2976 954 3059 995 est
3108 962 3253 998 anno
3285 949 3494 1003 Christi

1925 1008 2029 1084 {:69
2061 1022 2174 1084 _aut
2222 1014 2383 1084 paulo
2433 1022 2577 1084 ante,
2635 1026 2686 1066 ut
2735 1008 2924 1067 censet
2964 1014 3252 1069 Baronius.
3312 1018 3498 1084 Itaque

1925 1079 2029 1132 hoc
2061 1079 2180 1135 loco
2221 1082 2569 1136 scribendum
2609 1092 2741 1154 puto
2777 1084 2968 1137 ἑκατὸν
2998 1084 3164 1155 τριῶν
3200 1101 3297 1154 pro
3338 1079 3494 1157 spia-

1924 1166 2086 1203 κοντα
2094 1188 2107 1203 .

1996 1220 2059 1271 Οἳ
2086 1219 2434 1285 ᾐτιάσαντο.
2468 1224 2525 1276 111
2548 1223 2739 1276 codice
2762 1223 2956 1275 Leonis
2993 1226 3174 1277 Allatii
3200 1235 3254 1277 et
3289 1227 3343 1279 in
3374 1227 3494 1279 vul-

1921 1291 2062 1363 gatis
2094 1291 2430 1346 editionibus
2466 1294 2743 1346 Athanasii
2775 1303 2828 1347 et
2862 1292 3152 1363 Nisi-phori
3183 1296 3336 1348 deest
3368 1298 3496 1349 arti-

1922 1361 2082 1414 culus
2128 1363 2541 1430 postpositivus.
2573 1364 2744 1430 Quam
2788 1361 3075 1416 lectionem
3116 1366 3161 1418 si
3204 1366 3492 1419 admiseri-

1923 1443 2066 1492 ntus,
2094 1429 2473 1499 expungendum
2503 1432 2606 1484 erit
2648 1429 2787 1500 ἦσαν
2826 1433 2968 1499 quod
3015 1435 3298 1501 praecedit.
3330 1434 3492 1490 Certe

1920 1501 2146 1569 verbum
2201 1502 2346 1554 istud
2396 1517 2501 1554 non
2560 1502 2790 1553 habetur
2831 1502 2971 1569 apud
3024 1502 3387 1556 Athanasium
3439 1513 3494 1557 rt

1920 1566 2328 1638 Nicephorum:
2372 1586 2468 1623 nec
2520 1566 2878 1638 Epiphanius
2924 1570 3298 1626 Seholasticus
3357 1575 3489 1627 illud

1922 1645 2188 1709 agnoscit,
2224 1650 2280 1692 ut
2319 1657 2382 1694 ex
2416 1641 2533 1704 ejus
2576 1641 3025 1708 interpretatione
3054 1644 3352 1709 colligitur.

1996 1711 2255 1777 Ἔγραψε
2291 1713 2386 1762 καὶ
2424 1710 2544 1773 τοῖς
2577 1709 2763 1775 idiom.
2810 1709 2977 1779 Magis
3009 1712 3179 1777 placet
3217 1715 3485 1778 scriptura

1920 1780 2123 1831 codicis
2143 1781 2417 1839 Allatiani,
2451 1781 2501 1832 in
2531 1795 2639 1846 quo
2660 1780 2736 1849 ita
2761 1783 2957 1847 legitur
2982 1784 3066 1833 hic
3089 1783 3259 1841 locus,
3284 1782 3486 1849 ἔγραφε

1916 1849 1973 1901 δὲ
1998 1852 2221 1910 καὶτοῖς
2251 1850 2417 1912 ἰδίοις.
2446 1850 2604 1903 Certe
2635 1848 2971 1916 Epiphanius
3006 1848 3379 1905 Scholasticus
3432 1848 3485 1906 in

1919 1935 2017 1971 suo
2048 1920 2236 1973 codice
2267 1922 2337 1972 ita
2371 1921 2632 1986 scriptum
2668 1920 2967 1974 invenerat.
2991 1921 3083 1975 Sic
3111 1922 3254 1975 cnim
3281 1923 3441 1977 vertit
3467 1940 3483 1976 :

1919 1988 2139 2057 Scripsit
2162 2000 2335 2043 autem
2363 1999 2412 2043 et
2438 1989 2634 2043 civibus
2664 1991 2796 2052 suis,
2828 1998 2936 2044 etc.

2501 2102 2568 2157 In
2598 2112 2753 2171 caput
2790 2102 2895 2160 ΙΧ.

1988 2196 2182 2259 Ζάλης
2238 2196 2592 2264 ἐνεπίμπλα.
2650 2195 2704 2249 111
2761 2197 2968 2264 optima
3029 2197 3277 2250 editione
3329 2196 3488 2250 Basi-

1917 2266 2073 2319 liensi
2116 2267 2378 2333 scriptum
2420 2267 2599 2319 inveni
2634 2268 2918 2329 ἐνεπεπλα,
2959 2269 3179 2326 rer-tius.
3222 2269 3272 2319 ni
3308 2268 3483 2321 fallor.

1986 2336 2147 2389 Μετὰ
2197 2337 2304 2399 τὰς
2382 2336 2813 2398 Ἀλεξανδρέων
2873 2337 3203 2403 προεδρίας.
3264 2336 3486 2391 Rectius

1918 2406 1971 2459 in
2029 2404 2347 2458 nismodice
2388 2403 2599 2458 Henrici
2644 2405 2830 2459 Savilii
2874 2408 3067 2475 legitur
3114 2406 3483 2475 Ἀλεξάνδρου.

1915 2477 2093 2538 Atque
2123 2478 2197 2528 ita
2228 2475 2490 2538 scriptum
2520 2476 2738 2529 exhibet
2770 2477 2937 2528 editio
2970 2475 3305 2529 Basilii-usis.

1988 2491 2093 2538 que.
2123 2491 2197 2528 tta
2228 2491 2334 2529 scri
2379 2491 2490 2528 tum
2520 2491 2738 2529 eXIunet
2770 2491 2937 2528 euitto
2970 2491 3305 2529 "asilo-usus.

1988 2545 2115 2599 PAG.
2144 2546 2231 2598 51.
2261 2491 2423 2609 Mrii's
2444 2548 2814 2614 χειροθετεῑν.
2837 2545 2893 2599 111
2923 2547 3112 2597 codice
3136 2544 3412 2599 Saviliano
3432 2555 3484 2599 et

1919 2617 1971 2670 in
2017 2616 2260 2668 editione
2290 2614 2572 2685 Ilasiliensi
2614 2617 2799 2679 legitur
2857 2621 3202 2685 χειροτονεῖν,
3243 2618 3313 2668 ita
3346 2631 3483 2683 quo-

1916 2701 2025 2754 que
2054 2687 2315 2740 scribitur
2345 2684 2484 2751 apud
2528 2685 2808 2739 Gelasium
2859 2684 3209 2756 Cyzicenum.
3259 2688 3351 2754 qui
3401 2695 3483 2738 ta—

1921 2771 2041 2809 men
2077 2757 2300 2808 alteram
2343 2770 2564 2822 otioque
2610 2756 2935 2823 scripturam
2985 2758 3231 2818 retinuit,
3278 2758 3371 2807 sed
3426 2766 3482 2809 et

1924 2826 2263 2896 Epiphanius
2292 2824 2686 2896 Scholasticus
2730 2826 2930 2896 legisse
2981 2824 3196 2880 videtur
3249 2841 3487 2896 χειροτο-

1917 2893 2067 2948 νεῖν·
2102 2896 2182 2949 sic
2214 2895 2359 2947 enim
2398 2896 2597 2947 vertit:
2625 2893 2845 2947 Nullam
2889 2911 3008 2948 vero
3043 2893 3357 2948 omnimOdis
3385 2894 3484 2947 ha-

1918 2966 2037 3020 bere.
2064 2974 2395 3033 potestatem.
2427 2979 2589 3031 neque
2618 2966 2862 3033 eligendi,
2904 2982 3065 3032 neque
3102 2965 3409 3017 ordinandi.

1988 3034 2410 3101 Μυστικωτέρςι
2481 3036 2827 3100 χειροτονίᾳ.
2906 3036 2960 3088 111
3036 3035 3487 3089 adnotationibus

1918 3107 2055 3158 meis
2088 3105 2154 3156 ad
2191 3104 2387 3155 librum
2421 3105 2652 3169 primmn
2691 3103 2954 3167 Socratis,
2986 3120 3108 3173 cap.
3138 3109 3191 3165 9,
3229 3106 3372 3156 hunc
3408 3106 3485 3157 Io-

1917 3190 2041 3228 cum
2098 3175 2326 3240 exposui
2376 3173 2445 3226 de
2500 3174 2846 3227 ordinatione
2895 3176 3216 3242 episcopali.
3271 3173 3489 3226 Exstitit

1920 3252 2109 3313 postea
2135 3245 2217 3297 vir
2247 3244 2466 3306 doctus,
2507 3244 2598 3311 qui
2633 3245 2684 3295 in
2728 3246 2871 3297 uotis
2903 3247 2968 3297 ad
3013 3247 3177 3296 vitam
3212 3243 3271 3297 Β.
3317 3244 3486 3295 Atha-

1918 3314 2056 3368 nasii
2105 3329 2270 3383 quam
2317 3313 2526 3366 Gallico
2576 3328 2831 3368 sermone
2875 3316 3118 3379 scripsit.
3165 3315 3485 3366 observavit

1917 3384 2248 3453 χειροτονίαν
2285 3383 2389 3436 hoc
2414 3385 2532 3435 loco
2566 3398 2674 3435 non
2718 3398 2814 3450 pro
2848 3387 3210 3445 ordinatione,
3253 3383 3347 3436 sed
3387 3398 3485 3449 pro

1916 3454 2154 3521 simplici
2195 3453 2572 3505 benedictione
2606 3454 2982 3519 accipiendam
3018 3470 3159 3507 esse.
3214 3457 3300 3504 Ait
3339 3455 3485 3505 enim

1916 3531 2025 3576 tam
2082 3522 2438 3584 Orientalem,
2505 3536 2668 3590 quam
2723 3522 3129 3578 Occidentaleui
3188 3521 3486 3575 Ecclesium

1918 3594 2351 3646 reordinationes
2382 3606 2661 3659 nunquam
2704 3594 3005 3660 probasse:
3042 3593 3203 3655 idque
3236 3593 3488 3658 ιιιιινιὺιιε

1917 3662 2249 3717 testimoniis
2291 3663 2471 3715 allatis
2524 3674 2770 3727 astruere
2797 3668 3046 3715 conatur.
3086 3663 3304 3714 Memini
3346 3677 3483 3727 quu-

1916 3748 2024 3800 quc
2059 3734 2127 3785 ab
2169 3732 2385 3785 erudito
2437 3732 2672 3800 quodam
2718 3733 2971 3800 tlteoIOgo
3021 3734 3070 3785 id
3125 3733 3255 3784 1111111
3310 3747 3487 3798 quon-

1916 3799 2042 3855 dam
2077 3810 2394 3870 suggestum
2424 3799 2614 3855 fuisse.
2651 3802 2847 3854 Verum
2883 3799 3021 3855 hanc.
3051 3817 3238 3853 eorum
3269 3803 3487 3869 exposi-

1918 3874 2117 3924 tionem
2148 3869 2333 3925 multis
2360 3871 2425 3924 de
2457 3872 2641 3925 causis
2670 3876 2903 3940 probare
2936 3888 3040 3925 nou
3076 3886 3322 3939 possum.
3362 3869 3487 3920 Pri-

1919 3956 2065 3993 mum
2098 3940 2189 4009 qtti
2222 3941 2524 4010 χειροτονίᾳ
2560 3943 2634 3993 1111
2667 3943 2811 3995 aliud
2847 3944 3118 4010 signiﬁcat
3147 3955 3310 3991 uuam
3343 3940 3487 3990 ordi-

1917 4010 2203 4063 nationem.
2246 4011 2447 4064 Deinde
2487 4013 2884 4081 μυστικωτέρᾳ.
2932 4013 3068 4064 satis
3112 4011 3351 4063 ostendit
3392 4026 3484 4059 or-

1917 4081 2220 4133 dinationis
2250 4089 2653 4133 sacramentum
2694 4082 2782 4134 bic
2824 4084 3072 4150 intelligi.
3106 4082 3290 4146 neque
3340 4095 3484 4130 eitum

1924 4150 2154 4217 simplex
2188 4149 2494 4202 benedictio
2517 4158 2661 4201 recte
2692 4154 2916 4217 mystica
2941 4149 3235 4202 dit-eretur.
3262 4152 3484 4213 Compa-

1919 4231 2039 4271 rant
2070 4219 2272 4287 quippe
2320 4220 2498 4271 sant-ti
2541 4217 2727 4270 Patres
2759 4221 3157 4272 ordinationem
3191 4220 3477 4283 episeopo'

1916 4303 2035 4340 rum
2090 4304 2212 4355 qua:
2263 4288 2400 4341 facta
2448 4296 2634 4341 erata
2678 4287 2916 4348 Meletio.
2966 4306 3089 4342 cum
3142 4289 3486 4339 ordinatione

1918 4359 2152 4426 legitima
2182 4375 2344 4425 quam
2382 4358 2498 4411 ﬁeri
2524 4358 2717 4425 jubcut
2768 4361 2835 4410 ab
2865 4358 3196 4411 Alexandro.
3236 4358 3299 4408 Lt
3347 4361 3493 4407 hane

1917 4428 2073 4494 longe
2106 4430 2454 4480 sacratiorem
2485 4442 2607 4481 esse
2642 4428 2833 4480 dicunt
2862 4429 3053 4480 ordina
3086 4431 3208 4479 ioue
3238 4428 3324 4478 illa
3362 4442 3487 4491 quae

1916 4508 2245 4564 praesumpta
2282 4500 2456 4551 fuerat
2496 4511 2523 4548 a
2572 4496 2803 4551 Metello.
2834 4496 3118 4550 Postremo
3152 4497 3346 4548 falsum
3398 4508 3475 4548 νει

1913 4567 2059 4634 quod
2089 4580 2342 4619 asserunt
2373 4567 2472 4618 viri
2505 4565 2831 4626 doctissimi.
2859 4567 3154 4619 Ecclesiatu
3213 4568 3322 4617 illis
3347 4577 3483 4614 lem-

1918 4637 2144 4703 poribus
2175 4651 2283 4688 non
2317 4637 2578 4705 probasse
2618 4638 3053 4689 reurdiuattones
3096 4638 3481 4702 episciqiorutn

1915 4722 1979 4758 ac
2018 4707 2484 4774 presbyterorum.
2534 4707 2695 4759 Certe
2728 4706 3073 4758 Marcellinus
3106 4712 3389 4771 presbyter
3428 4705 3480 4753 in

1916 4776 2099 4828 libello
2126 4790 2348 4843 precum
2375 4790 2539 4841 quem
2566 4776 2763 4828 obtulit
2801 4775 3109 4827 Theodosio
3143 4774 3482 4839 imperatori,

1912 4844 2117 4898 diserte
2152 4853 2382 4897 testatur
2414 4844 2760 4897 Theodorum
2794 4848 3123 4897 catholicum
3160 4846 3480 4911 episcopum

1915 4915 2423 4996 tri-litis“(law-luchi
2492 4916 2837 4996 reordiuasso
2886 4919 3271 4996 ltu'csl‘t‘ytcrus.
3314 4914 3483 4996 pultis

1913 4984 2130 5038 Meletii.
2170 4981 2260 5037 Sic
2304 4987 2447 5037 enim
2490 4986 2680 5038 scribit
2719 5001 2837 5051 pag.
2884 4986 2953 5037 85
2988 5004 3000 5036 :
3040 4981 3177 5037 Sane
3220 4981 3338 5031 hinc
3373 4988 3482 5031 cutt

1910 5071 1966 5107 se
2012 5055 2331 5106 catholicon:
2382 5054 2565 5115 rideri,
2617 5062 2754 5119 quod
2797 5064 2845 5106 et
2896 5056 3005 5121 ipse
3046 5051 3301 5121 quosdam
3344 5066 3480 5101 nunc

1908 5126 2235 5193 presbyteros
2267 5140 2355 5177 seu
2397 5124 2649 5176 diaconos
2690 5124 2951 5188 Apollonii
2993 5126 3119 5192 facit
3154 5138 3317 5173 suasu
3350 5135 3481 5187 quo-

1909 5195 2031 5246 dam
2074 5196 2267 5250 laicos.
2306 5204 2353 5245 et
2384 5210 2470 5245 eos
2502 5195 2691 5246 iterum
2733 5196 2965 5253 ordinat,
3004 5208 3057 5245 ut
3094 5194 3337 5244 rideatur
3369 5203 3480 5239 tur-

1908 5265 2140 5330 pissima:
2167 5267 2322 5317 istius
2344 5264 2695 5317 ordinationis
2724 5266 2878 5317 vicem
2902 5266 3093 5333 referre
3118 5278 3270 5333 quam
3292 5274 3481 5328 passus

1908 5343 2004 5387 est.
2050 5336 2371 5387 ’theodorus
2420 5334 2588 5402 igitur
2613 5336 2919 5387 catholicus
2960 5330 3095 5386 cum
3132 5330 3481 5402 ’Meletia..os

1909 5407 2256 5473 presbyteros
2290 5401 2805 5473 iterumordiuavit,
2836 5405 2887 5455 in
2914 5419 2980 5457 eo
3014 5412 3235 5473 secutus
3267 5401 3479 5473 videtur

1910 5466 2198 5547 decretum
2235 5475 2427 5543 synodi
2473 5472 2726 5547 Nica-tue.
2765 5473 2919 5547 Addo
2940 5473 3093 5547 quod
3127 5470 3327 5547 Nic-aeui
3374 5466 3480 5547 Pa-

1910 5552 2023 5597 tres
2057 5546 2109 5597 in
2143 5541 2351 5597 canone
2378 5551 2534 5596 sexto
2556 5546 2759 5597 diserte
2789 5544 3077 5603 definiunt,
3098 5557 3192 5595 eos
3224 5541 3313 5607 qui
3341 5541 3480 5611 citra

1907 5627 2235 5667 consensum
2267 5612 2667 5681 Metropolitum
2700 5614 2939 5686 ordinati
2975 5614 3175 5686 fuerint
3206 5612 3477 5686 episcopi,

1906 5686 2192 5752 episcopos
2226 5685 2511 5737 habendos
2551 5700 2659 5736 non
2693 5699 2834 5737 esse.
2872 5684 3005 5736 Cum
3042 5681 3203 5749 igitur
3234 5681 3481 5749 episcopi

1909 5761 2081 5821 partis
2113 5752 2310 5806 Melotii
2341 5754 2549 5820 absque
2581 5768 2853 5808 consensu
2900 5752 3195 5806 Alexandri
3231 5766 3323 5819 qui
3365 5767 3477 5799 ιιιυο

1916 5825 2279 5892 tr0politanus
2312 5834 2429 5876 crat
2460 5825 2626 5879 totius
2665 5822 2909 5893 :Lgypti,
2943 5821 3185 5878 ordinati
3226 5823 3479 5883 fuissent,
