4216 6456
755 376 892 443 ibi.)

749 490 869 554 θον,
892 489 986 544 καὶ
1007 490 1035 542 ὁ
1062 489 1161 560 μὲν
1194 487 1501 612 pampini;
1544 485 1888 558 Ἀλέξανδρος
1917 488 2323 558 τετελεύτηκεν.

818 560 945 612 Pas.
962 561 1050 612 60.
1077 559 1186 612 Τοῦ
1214 559 1393 612 γοοοῦ
1411 558 1446 610 δ
1512 557 1632 612 τῶν
1658 557 1955 611 διακόνων
1975 559 2323 612 ἡγούμενος.

818 560 945 614 Pas.
962 557 1203 614 60.7013
1210 557 1393 627 χοροῦ
1411 557 1480 612 δὲ
1512 557 1632 612 τῶν
1658 557 1955 611 διακόνων
1975 557 2324 626 ἡγούμενος.

747 630 803 685 Id
827 640 917 685 est
936 629 1732 685 Arcliidiaconus.Caeterutiiex
1759 629 1861 681 hoc
1885 629 2004 681 loco
2033 627 2324 681 manifeste

746 701 1047 769 colligitur,
1092 700 1511 753 archidiacouos
1562 713 1668 750 non
1708 698 2101 769 stipendiorum
2139 699 2331 750 ordine

747 770 813 821 ad
853 766 974 822 eum
1001 770 1177 821 locum
1209 770 1493 837 pervenire
1517 769 1731 825 solitos.
1759 766 1853 821 sed
1885 783 1950 820 ex
1973 767 2213 834 episcopi
2239 782 2331 818 ar-

746 840 912 892 bitrio
934 856 998 891 ac
1019 846 1297 890 voluntate
1323 847 1607 907 promotos
1637 838 1824 891 fuisse.
1858 837 2065 907 Etenim
2089 837 2331 907 Athana-

746 914 865 962 sius
896 909 1191 961 admodum
1223 905 1443 975 juvenis
1474 909 1643 961 luisse
1680 908 1881 961 dicitur
1908 923 1937 959 a
1961 905 2328 968 Theodoreti),

745 994 854 1047 quo
885 990 1130 1047 tempore
1188 978 1573 1030 Alexandrinae
1609 978 1865 1029 Ecclesia:
1886 984 2017 1047 erat
2049 976 2329 1029 archidia-

745 1045 921 1103 conus
971 1045 1107 1100 Hinc
1135 1059 1219 1101 est
1250 1049 1482 1101 fortasse
1515 1047 1661 1116 quod
1708 1045 2136 1116 archidiaconus
2168 1048 2330 1114 vulgo

746 1118 1085 1186 corepiscopi
1117 1118 1438 1179 vocabatur,
1469 1114 1747 1169 ut‘scribit
1768 1114 2235 1186 Joannesabbas.
2274 1118 2328 1168 iu

746 1184 892 1240 libro
914 1187 986 1240 De
1009 1188 1355 1241 translatione
1390 1189 1726 1255 reliquiarum
1743 1195 1944 1237 sancta:
1971 1184 2327 1245 Glodesindis,

748 1260 837 1310 ubi
882 1258 957 1308 ait
994 1278 1005 1311 :
1042 1256 1216 1323 Hujus
1257 1260 1327 1308 rei
1360 1262 1564 1309 novitas
1596 1261 1720 1307 dum
1777 1257 1845 1307 ad
1892 1257 2136 1307 notitiam
2168 1272 2330 1323 supra

746 1330 1023 1380 memorati
1055 1328 1319 1394 ponti/icis
1351 1328 1688 1395 pervenisset,
1718 1342 1991 1378 morarum
2047 1326 2327 1391 impatiens

747 1412 869 1448 nzox
911 1398 961 1448 in
1015 1397 1306 1449 crastinum
1358 1397 1424 1448 ad
1476 1398 1570 1448 hoc
1614 1395 1993 1462 inspiciendum
2051 1410 2329 1447 sacrarunt

746 1468 1018 1519 ministros
1073 1483 1191 1518 cum
1234 1467 1612 1528 arc/tidiacono
1666 1465 1886 1532 majore,
1921 1479 2070 1530 quem
2103 1480 2191 1516 cor
2217 1466 2328 1530 epi-

746 1538 889 1603 scopi
925 1538 1130 1599 dicunt,
1155 1538 1369 1589 direxit.
1431 1540 1572 1588 Ulim
1619 1543 1799 1587 tautett
1834 1550 1901 1588 eo
1929 1536 2330 1603 locoichorepi-

746 1602 971 1673 scopum
1020 1608 1373 1659 scriheuduiii
1418 1620 1541 1658 esse
1585 1606 1989 1657 existimabam.
2038 1602 2143 1657 Sed
2194 1607 2326 1657 tiiliil

746 1685 949 1729 temere
981 1676 1298 1727 tltlttatllllttll
1352 1684 1437 1728 est
1502 1676 1552 1727 in
1581 1674 1858 1727 veteribus
1896 1674 2073 1735 libris,
2108 1676 2325 1743 quoties

747 1748 961 1812 vulgata
991 1746 1263 1811 scriptura
1306 1744 1523 1797 delendi
1581 1759 1687 1797 non
1748 1744 2094 1796 incommode
2129 1756 2328 1812 potest.

828 1818 982 1865 Ἐπεὶ
1034 1814 1341 1879 Matinae.
1372 1814 1426 1867 lu
1469 1815 1708 1867 editione
1732 1814 2018 1867 Basiliens't
2046 1815 2201 1868 deest
2232 1815 2330 1869 ad-

746 1887 1007 1938 verbium.
1041 1887 1212 1948 Quam
1244 1886 1578 1951 scripturam
1620 1887 1774 1936 valde
1800 1884 1995 1951 probo.

822 1954 945 2007 Tior
978 1951 1355 2020 στρατιωτῶν
1409 1970 1599 2015 τινας.
1645 1952 1820 2019 Hujus
1867 1953 1972 2005 loci
2016 1952 2330 2006 emendatio

744 2025 973 2077 debetur
1007 2026 1180 2077 codici
1203 2024 1416 2077 lleurici
1433 2022 1644 2087 Savilii,
1666 2026 1716 2076 iu
1735 2024 1934 2091 quoita
1959 2023 2184 2088 legitur:
2210 2023 2329 2075 Τῶν

744 2097 935 2146 τούτου
1004 2094 1315 2146 στασιωτῶν
1382 2093 1805 2161 μισθωσάμενοι,
1846 2102 1951 2147 etc.
2000 2092 2077 2144 Ita
2111 2108 2331 2161 quoque

749 2165 911 2217 habet
934 2163 1252 2216 Basilieiisis
1281 2162 1471 2232 editio,
1504 2163 1610 2215 nisi
1642 2163 1789 2227 quod
1823 2161 2164 2232 στασιαστῶν
2192 2179 2329 2232 prie-

750 2239 869 2287 l'ert.
907 2234 1010 2285 Sed
1074 2234 1267 2287 melior
1321 2244 1402 2286 est
1439 2231 1728 2300 Sciiptura
1778 2234 1985 2285 codicis
2038 2231 2324 2287 Saviliaui.

746 2304 919 2358 Graeci
949 2306 1093 2356 enim
1122 2301 1428 2365 στασιώτας
1459 2312 1655 2355 vocant
1683 2318 1778 2357 eos
1800 2304 1892 2370 qui
1919 2310 2047 2356 sunt
2081 2305 2326 2369 ejusdem

750 2375 1004 2427 laetantis
1045 2377 1099 2443 in
1157 2375 1429 2443 civilibus
1476 2373 1758 2434 dissidiis,
1797 2381 1856 2443 ut
1917 2373 2119 2425 docent
2156 2372 2330 2443 Hesy-

749 2447 906 2498 chius
941 2453 994 2497 et
1030 2442 1359 2497 Favorinus.
1400 2442 1489 2495 Sic
1526 2444 1768 2512 loquitur
1798 2441 2103 2496 Herodotus
2130 2444 2185 2497 in
2216 2441 2312 2498 lio.

751 2533 797 2574 t.
830 2516 920 2568 ubi
963 2516 1029 2567 de
1062 2514 1350 2568 Pisisu'ato
1398 2514 1610 2567 scribit.
1661 2513 1823 2568 Certe
1887 2515 2103 2581 vulgata
2165 2516 2327 2568 lectio

752 2588 882 2640 t'erri
918 2600 1023 2636 non
1074 2594 1270 2652 potest.
1315 2583 1503 2651 Neque
1548 2584 1693 2637 enim
1750 2585 2069 2643 Euscbiaui.
2124 2586 2327 2641 milites

750 2658 1157 2715 conduxerunt,
1190 2656 1282 2706 Sed
1316 2656 1551 2707 clericos
1578 2653 1848 2722 quosdam
1881 2670 1945 2706 ex
1990 2653 2191 2708 Slcletii
2248 2656 2322 2707 la-

749 2735 951 2785 ctioue,
971 2724 1431 2794 quemadmodum
1468 2733 1706 2776 testatur
1735 2724 2074 2779 Athanasius
2101 2725 2154 2777 in
2181 2728 2326 2793 Apo-

752 2797 995 2865 logetieo
1032 2797 1278 2847 secundo
1337 2798 1601 2865 adversus
1657 2794 1915 2857 Arianos,
1951 2810 2016 2847 ex
2051 2811 2160 2862 quo
2210 2797 2325 2849 haec

754 2863 933 2918 hausit
958 2864 1357 2917 Tlieodoi-etus.
1379 2863 1681 2917 Conﬁrmat
1711 2864 1851 2915 hanc
1882 2866 2322 2919 emendationem

752 2936 1122 2989 'l'ueodoritus
1156 2938 1274 3002 ipse
1308 2937 1360 2986 iii
1384 2950 1507 3001 cap.
1536 2934 1603 2985 28
1632 2937 1794 2998 huius
1826 2933 1971 2986 libri.

829 3005 1078 3057 Τελωνεῐ
1103 3008 1220 3070 μὲν
1275 3005 1389 3070 τὴν
1434 3007 1761 3071 Αἴγυπτον.
1815 3002 1995 3055 Prima
2042 3004 2324 3057 accusatio

752 3076 1034 3129 Athanasii
1067 3089 1160 3142 per
1197 3073 1512 3127 Meletianos
1548 3076 1709 3133 laeta,
1766 3074 1866 3126 fuit
1916 3072 1983 3126 de
2024 3076 2229 3126 tunicis
2263 3076 2326 3125 Ii-

753 3162 893 3207 neis,
922 3160 1152 3212 quarunt
1197 3159 1460 3197 caiiouem
1490 3142 1762 3210 [Egyptiis
1794 3146 1861 3195 ab
1894 3144 2195 3196 Athanasio
2224 3144 2326 3196 iiii-

756 3226 991 3283 pusttutll
1022 3223 1185 3280 atque
1216 3223 1472 3267 exactum
1508 3216 1678 3266 tuisse
1712 3215 2012 3276 tinxerunt,
2040 3224 2103 3270 ut.
2125 3214 2320 3267 scribit

754 3288 1088 3337 Athanasius
1142 3285 1194 3334 in
1252 3284 1569 3351 supradicto
1604 3284 1959 3351 Apologetico
1991 3287 2058 3337 iis
2087 3284 2269 3337 verbis
2313 3303 2324 3337 :

754 3356 1081 3406 Πλὰττονται
1103 3352 1325 3421 πρώτην
1354 3352 1687 3423 κατηγορίαν
1735 3354 2200 3423 περιστιχαρίων
2248 3354 2328 3404 λι-

753 3425 891 3481 νών,
936 3425 1009 3482 iii;
1046 3423 1183 3490 ἐμοῦ
1248 3424 1451 3475 κανόνα
1493 3425 1604 3484 τοῖς
1653 3422 1965 3489 Αἰγυπτίοις
2015 3423 2330 3474 ἐπιϐάλλον-

754 3510 863 3554 τος.
904 3492 1200 3559 [inproprie
1225 3495 1387 3560 igitur
1426 3497 1641 3545 loeutus
1672 3502 1756 3544 est
1776 3491 2171 3546 'l'lieodoretus.
2197 3494 2329 3546 ham

757 3563 1008 3613 τελωνεῖν
1042 3578 1257 3629 proprie
1286 3564 1490 3614 dicitur
1516 3562 1581 3613 de
1610 3562 1985 3629 vectigalibus.
2014 3560 2129 3615 Hoc
2150 3573 2329 3615 autem

758 3637 1022 3684 tributum
1057 3636 1159 3684 tuit
1201 3634 1466 3684 linearum
1498 3634 1754 3693 vestium,
1794 3632 1940 3699 quod
1994 3634 2333 3685 Athanasius

758 3701 1091 3768 imposuisse
1135 3704 1442 3755 dicebatur.
1484 3703 1601 3768 Ipse
1630 3701 1778 3754 enim
1816 3718 2070 3755 canonem
2119 3711 2279 3756 vocat
2315 3718 2328 3754 :

758 3786 857 3824 vos
885 3774 951 3825 de
985 3772 1209 3825 tributis
1243 3780 1452 3824 tantum
1483 3774 1708 3823 dicitur.

1304 3884 1369 3937 In
1401 3894 1555 3952 caput
1588 3883 1803 3939 XXIX.

829 3973 957 4027 Pas.
998 3973 1086 4027 62.
1138 3974 1301 4027 Οΰτω
1358 3976 1434 4041 δὴ
1460 3974 1577 4028 τῶν
1605 3976 1973 4028 ἐπισκόπων.
2036 3976 2091 4031 In
2147 3978 2338 4033 codice

764 4041 965 4097 Leonis
989 4044 1174 4096 Allatii
1211 4048 1297 4096 hic
1334 4047 1485 4098 locus
1513 4049 1724 4099 auctior
1756 4054 1843 4099 est
1868 4047 2078 4113 aliquot
2106 4049 2337 4103 vocibus

761 4115 863 4186 hoc
896 4120 1090 4166 modo:
1133 4113 1289 4186 υυτω
1322 4116 1385 4184 δὴ
1406 4116 1512 4167 τῶν
1548 4117 1860 4186 ἐπισκόπων
1913 4116 2043 4186 περὶ
2065 4118 2192 4181 τοὺς
2254 4119 2339 4183 ἐξ·

761 4184 981 4253 ήκοντα
1021 4184 1412 4253 συναχθέντων,
1459 4195 1567 4238 etc.
1627 4184 1826 4238 Verum
1886 4186 1968 4239 ha:
1992 4184 2163 4241 voces
2228 4204 2336 4241 non

760 4262 915 4325 sont,
947 4252 1301 4315 Theodoreti,
1339 4254 1744 4325 SEdiTIICOdOI‘i
1781 4254 2051 4322 Lectoris,
2102 4258 2198 4325 qui
2232 4272 2327 4313 eas

762 4324 1035 4397 supplevit
1067 4339 1132 4376 ex
1162 4325 1403 4377 Historia
1438 4324 1685 4397 Socratis
1714 4339 1775 4377 ac
1811 4324 2156 4390 Sozoineni’;
2182 4328 2329 4397 quod

759 4402 814 4447 et
846 4394 975 4446 alibi
1013 4394 1195 4448 facere
1224 4397 1513 4449 consuevit
1547 4396 1600 4447 iii
1628 4394 1873 4448 llistoria
1902 4411 2002 4449 sua
2038 4394 2329 4467 tripertita,

1289 4500 1356 4556 In
1387 4513 1544 4571 caput
1591 4502 1807 4558 XXXI.

835 4592 961 4647 ΡΑο.
989 4593 1074 4648 65.
1108 4595 1219 4647 Καὶ
1258 4594 1399 4659 τοὺς
1428 4597 1525 4649 ὑπ’
1572 4595 1757 4665 αὺτοῦ
1780 4594 2149 4664 ὁρμηθέντας
2163 4597 2335 4665 νεώς.

768 4661 937 4735 Unam
967 4666 1232 4717 duntaxat
1268 4665 1547 4735 basdicam
1584 4661 1981 4735 Hierosolymis
2024 4661 2351 4721 aedilicavev

763 4740 847 4787 rat
881 4734 1271 4789 Constantinus
1300 4753 1315 4790 :
1347 4738 1413 4789 ad
1442 4734 1601 4803 cujus
1625 4734 2023 4791 dedicationem
2078 4740 2325 4792 evocavit

2021 380 2098 441 Η.
2140 380 2441 440 VALESII
2485 380 2705 442 NCT/li

3891 376 4032 441 ιδιι

2432 491 2731 561 episc0pos
2751 488 2842 559 qui
2885 496 3047 544 erant
3074 497 3197 561 tum
3236 488 3557 561 congregati
3587 489 3641 544 in
3673 489 3813 561 urbe
3845 489 4024 561 Tyro,

2435 558 2493 613 ut
2532 558 3068 615 testatur’Eusebius
3103 561 3155 614 in
3190 560 3284 615 lib.
3310 558 3382 613 ιν.
3419 560 3491 615 De
3521 562 3627 614 vita
3659 558 4025 615 Constantini.

2435 629 2737 700 [inproprie
2777 633 2942 698 igitur
2972 632 3188 684 locutus
3234 640 3319 686 est
3347 631 3748 695 'l‘lteodoretus,
3793 635 3889 700 qui
3934 646 4030 685 ec-

2430 701 2635 754 clesias
2668 704 2717 753 in
2758 702 2952 755 nlurali
3011 715 3240 755 numero
3269 703 3404 754 dicit
3429 716 3458 753 a
3503 700 3866 754 Constantino
3928 716 4028 755 ex-

2432 780 2691 824 structas.
2754 770 2867 841 Nisi
2910 771 3049 824 forte
3082 772 3410 841 iAuastasim
3446 780 3500 825 et
3552 770 3871 841 Martyrium
3930 786 4027 825 seu

2434 842 2723 893 basilicam
2783 840 2998 894 Sancta:
3067 840 3266 895 Crucis
3312 857 3410 910 pro
3464 840 3703 895 duabus
3774 841 4030 910 ecclesiis

2434 914 2665 977 accepit.
2700 910 2792 964 Sic
2831 921 2980 965 certe
3007 911 3227 964 videtur
3252 909 3345 964 eas
3377 911 3717 977 distinguere
3764 910 3818 961 in
3850 909 4021 963 Com.

2436 981 2723 1033 mentariis
2757 985 2808 1033 in
2852 980 3193 1035 Ezechielem
3244 995 3365 1048 cap.
3427 997 3633 1034 sunt:
3697 979 3942 1032 Ἐτινῦν
3970 982 4029 1032 ἐν

2431 1051 2542 1119 τοῖς
2588 1049 2980 1119 Ἱεροσολύμοις
3004 1052 3037 1118 ἦ
3064 1067 3121 1101 τε
3148 1049 3239 1102 τοῦ
3266 1049 3510 1119 Σταυροῦ
3554 1048 3817 1116 ἐκκλησία
3842 1051 3946 1119 και
3994 1053 4027 1119 ἡ

2444 1117 2767 1181 ’Λνάστασις
2798 1117 2940 1188 καὶὴ
2982 1117 3291 1189 Ἀναληψις,
3322 1117 3476 1189 καιή
3497 1123 3553 1171 ὲν
3568 1124 3631 1189 τῇ
3657 1120 3793 1173 Σιὼν
3830 1117 4028 1188 ὲκκληζ

2438 1191 2545 1270 σία,
2574 1190 2723 1270 καὶὴ
2754 1189 3162 1270 ἱερὰιίἰεῢλξὲιμ,
3188 1198 3292 1270 etc.
3343 1192 3599 1270 litpaulo
3640 1199 3811 1270 post:
3868 1190 4029 1270 Iioiov

2431 1260 2538 1327 ἄρα
2554 1260 2660 1311 τῶν
2676 1258 2978 1329 εὐκτηρίων
3008 1260 3165 1312 πλέον
3186 1260 3282 1329 τὴν
3303 1261 3397 1311 τοῦ
3426 1258 3715 1329 Σταυροῦἢ
3738 1258 3837 1327 τῆς
3869 1259 4028 1313 Ἀναο

2433 1334 2695 1392 στάσεως.
2747 1327 2900 1389 Vide,
2960 1331 3004 1382 si
3064 1327 3258 1397 placet,
3312 1332 3601 1397 epistolam
3660 1327 3903 1383 iiosu-aui
3962 1332 4029 1385 de

2432 1398 2713 1467 Atiastasi,
2782 1415 2945 1467 quam
2985 1401 3132 1454 edidi
3191 1401 3257 1453 ad
3314 1400 3517 1454 calcem
3598 1399 4027 1454 adiiotationum

2433 1466 2895 1521 Euselitanarum.

2502 1540 2903 1591 xvi-aaéJt-ce
2930 1537 3014 1591 δέ.
3066 1535 3120 1589 lo
3184 1538 3420 1592 editione
3482 1539 3769 1595 Basiliensi
3823 1540 4027 1608 legitur

2430 1611 2873 1661 συναπέστειλε
2902 1608 2991 1679 δὲ,
3026 1616 3161 1671 etc.,
3197 1611 3342 1679 quod
3388 1614 3560 1677 magis
3592 1613 3785 1679 placet.

2512 1680 2872 1743 Ίζίηιακοστέν
2900 1677 2967 1729 δὲ
2983 1679 3188 1747 τούτῳ.
3212 1678 3344 1733 Vide
3372 1696 3491 1747 qua:
3518 1677 3695 1735 notati
3724 1684 3790 1737 ad
3825 1684 4025 1738 librum

2455 1762 2484 1800 v
2521 1748 2744 1801 Eusebii
2780 1748 2851 1801 De
2892 1750 2998 1800 vita
3026 1746 3401 1811 Constantini,
3422 1766 3474 1818 p.
3514 1751 3637 1805 248.

2949 1857 3011 1911 In
3045 1870 3197 1926 caput
3223 1858 3505 1913 XXXIII.

2504 1946 2637 2004 Ps0.
2670 1949 2759 2004 66.
2819 1952 3163 2018 Κρύπτουσι
3188 1951 3435 2023 percip-
3472 1953 3780 2020 ἀλήθειαν,
3850 1956 4025 2023 Magis

2433 2022 2609 2095 placet
2628 2024 2912 2095 scriptura
2951 2037 3117 2095 quam
3152 2022 3324 2095 reperi
3359 2026 3840 2095 iu_mauuscriptis
3871 2022 4027 2083 codi-

2433 2093 2591 2143 cibus
2623 2090 2814 2143 Savilii
2866 2091 3145 2151 etAllatii,
3176 2090 3228 2145 et
3258 2094 3312 2145 iit
3372 2093 3615 2148 editione
3671 2090 3975 2153 Baistliensi
4008 2117 4020 2152 :

2433 2161 2750 2230 Κρύπτουσι
2774 2160 2877 2228 μὲν
2898 2162 2995 2230 τὴν
3021 2161 3301 2231 πονηρίαν.

2964 2272 3029 2326 1η
3058 2286 3215 2341 caput
3242 2273 3401 2328 XXX
3420 2274 3513 2329 VI.

2508 2367 2583 2421 ra
2612 2364 2727 2448 θίξιν
2752 2366 2883 2448 περὶ
2911 2365 3024 2431 τὴν
3042 2364 3489 2448 θήκηνῡκαὶητὸν
3518 2367 3840 2448 ἀνδριάντα
3868 2370 4031 2439 γινό-

2424 2453 2598 2505 μενα.
2639 2436 2795 2508 lluue
2849 2437 3026 2489 locum
3074 2454 3182 2490 non
3242 2436 3637 2508 iiiteliexeruiit
3670 2436 4024 2508 interpretes.

2432 2508 2563 2559 Nam
2632 2506 2950 2561 Joachimus
3009 2510 3225 2576 quidem
3276 2507 3628 2563 Camerarius
3684 2516 3755 2562 ita
3813 2506 4025 2565 vertit:

2431 2578 2632 2643 Quibus
2658 2579 2710 2632 .si
2740 2579 2829 2645 qui
2860 2578 3016 2643 [idem
3073 2596 3175 2631 non
3200 2578 3412 2637 habent.
3452 2580 3790 2647 contemplati
3828 2597 4031 2635 monu-

2432 2657 2683 2711 mentum,
2725 2656 3061 2716 statuamque
3103 2649 3275 2709 illius,
3307 2651 3645 2703 credantnon
3695 2650 3864 2704 solum
3906 2654 4031 2704 scri-

2429 2722 2568 2786 ptis,
2625 2719 2713 2771 sed
2747 2721 2909 2770 etiam
2957 2718 3186 2771 Domino
3232 2721 3321 2786 qui
3349 2721 3512 2783 dixit,
3556 2730 3663 2774 etc.
3723 2725 4029 2777 Lamerarii

2428 2792 2737 2841 versionem
2805 2797 3028 2842 secutus
3082 2799 3167 2843 est
3214 2790 3267 2842 in
3325 2792 3569 2844 editione
3626 2806 3726 2844 sua
3784 2788 4029 2845 Jacobus

2428 2858 2779 2911 Sirtuuudus.
2816 2859 3349 2926 Christophorsouus
3379 2876 3505 2913 vero
3545 2861 3687 2913 hunc
3742 2864 3921 2913 locum
3953 2864 4027 2914 ita

2429 2930 2846 2997 interpretatur:
2870 2929 3070 2991 Quibus
3083 2932 3124 2981 si
3144 2930 3418 2997 quisquam
3443 2931 3650 2982 minime
3667 2930 3818 2997 ﬁdem
3838 2930 4030 2985 habeto

2428 3015 2547 3051 cum
2580 2998 2859 3066 magniﬁca
2884 3000 2975 3050 illa
3007 3016 3185 3066 opera,
3215 3015 3330 3067 qua:
3372 3002 3513 3052 circa
3558 3000 3669 3067 ejus
3727 3004 4024 3069 sepulcrum

2428 3080 2473 3121 et
2493 3078 2723 3120 statuam
2756 3069 2907 3136 hodie
2925 3080 3223 3121 cernuntur
3244 3109 3259 3131 ,
3282 3071 3456 3123 oculis
3506 3070 3774 3136 aspexerit
3800 3090 3811 3121 :
3837 3072 4030 3123 credat

2430 3142 2619 3192 saltem
2643 3140 2815 3190 sacris
2834 3135 3053 3192 Litteris
3075 3150 3121 3191 et
3147 3138 3366 3192 Domino
3383 3135 3601 3191 dicenti:
3625 3158 3640 3190 t
3668 3139 4028 3208 gloriﬁcantes

2430 3226 2510 3260 me
2541 3208 2805 3275 glori/ica,
2850 3227 2867 3256 i
2900 3219 3008 3261 etc.
3068 3210 3230 3276 Atqui
3288 3225 3395 3262 non
3438 3212 3539 3263 hoc
3585 3209 3716 3261 dicit
3772 3209 4029 3263 'lheodo-

2432 3289 2602 3337 retus,
2639 3277 2732 3329 si-d
2761 3293 2857 3330 eos
2882 3279 2972 3344 qui
3010 3280 3203 3331 nolunt
3254 3282 3478 3333 credere
3514 3277 3772 3341 Eusebio,
3802 3289 3855 3333 et
3901 3281 4029 3332 aliis

2432 3350 2526 3416 qui
2554 3348 2620 3400 de
2660 3347 2962 3418 honoribus
2991 3347 3356 3402 Constantino
3396 3358 3515 3418 post
3566 3350 3777 3401 obitum
3826 3349 4028 3401 delatis

2433 3418 2723 3485 scripsere,
2757 3416 3013 3469 admouet
3050 3429 3107 3471 ut
3138 3434 3200 3471 ea
3230 3435 3351 3487 qua:
3382 3416 3447 3471 ad
3500 3421 3810 3486 sepulcrum
3859 3430 3913 3471 et
3956 3418 4026 3470 ad

2434 3496 2674 3540 statuam
2727 3487 2873 3539 illius
2906 3488 3063 3547 liunt,
3124 3488 3480 3557 contemplari
3524 3490 3725 3541 velint.
3761 3490 4024 3552 Quanam

2436 3572 2566 3610 vero
2586 3558 2717 3627 sint
2736 3558 2825 3608 illa
2860 3573 2982 3625 quae
3002 3559 3067 3610 ad
3096 3560 3405 3627 sepulcrum
3432 3569 3487 3611 et
3508 3559 3573 3610 ad
3608 3568 3843 3610 statuant
3875 3561 4025 3611 Con-

2435 3626 2667 3681 5tantitit
2697 3626 2918 3687 ﬁebant,
2959 3629 3116 3695 docet
3162 3626 3265 3681 nos
3299 3628 3693 3695 Philostorgius
3726 3629 3777 3679 in
3812 3628 3909 3680 lib.
3959 3642 4021 3681 ιι.

2436 3695 2717 3758 Ηὶςιονίιτ,
2750 3712 2873 3764 cap.
2897 3695 2990 3749 18:
3043 3693 3208 3759 (ιῦτος
3240 3700 3265 3749 ὁ
3300 3693 3593 3766 bestiale;
3625 3700 3715 3749 καὶ
3739 3697 3835 3767 τὴν
3869 3698 4025 3748 Κων-

2437 3766 2715 3837 σταντίνου
2743 3767 2927 3837 εἰκόνα
2960 3768 3058 3837 τὴν
3082 3769 3172 3818 ἐπὶ
3200 3768 3292 3820 τοῦ
3322 3766 3601 3837 πορφυροῦ
3637 3766 3810 3828 κίονος
3867 3768 4021 3818 ἱστα-

2440 3836 2606 3905 μένην
2638 3836 2847 3897 θυσίαις
2875 3852 2933 3887 τε
2968 3835 3280 3889 ἱλάσκεσθαι
3306 3878 3317 3898 ,
3371 3843 3461 3889 καὶ
3519 3835 3859 3905 λυχνοκαῖαις
3925 3838 4026 3889 καὶ

2441 3904 2778 3973 θυμιάμασιν
2838 3908 3028 3976 τιμᾷν,
3077 3907 3172 3959 καὶ
3211 3908 3375 3975 εὐχὰς
3413 3904 3705 3976 προσάγειν
3740 3906 3815 3976 ᾡς
3879 3905 4020 3973 θεῷ,

2438 3978 2530 4027 καὶ
2554 3974 2940 4046 ἀποτροπαίοις
2968 3977 3260 4046 ἱκετηρίαις
3280 3974 3393 4029 τῶν
3409 3974 3594 4029 δεινῶν
3614 3974 3880 4046 ἐπιτελεῖν
3896 3975 4023 4036 τοὺς

2440 4044 2798 4113 Χριστιανοὺς
2832 4044 3174 4115 κατηγορεῖᾞ
3215 4048 3314 4099 Hic
3341 4048 3498 4101 etiam
3534 4046 3629 4099 Dei
3666 4045 3830 4097 Itostis
3866 4046 4023 4096 Chri-

2439 4117 2643 4169 stianos
2674 4124 2911 4176 accusat,
2945 4114 3449 4184 quasiConstantini
3484 4116 3764 4184 imaginem
3802 4115 3860 4166 in
3890 4128 4021 4179 por-

2439 4185 2706 4253 pliyretica
2746 4184 2992 4238 columna
3043 4196 3266 4240 stantem
3318 4185 3596 4253 sacriﬁciis
3641 4185 4018 4251 propitiarent.

2442 4254 2668 4307 lucernis
2722 4263 2873 4321 atque
2905 4255 3153 4309 odoribus
3191 4256 3436 4314 colerent.
3469 4270 3742 4323 precesque
3758 4253 3894 4307 relut
3911 4253 4021 4307 Deo

2430 4325 2744 4395 allegarent.
2795 4334 2845 4376 et
2896 4326 2963 4377 ad
3020 4327 3326 4395 depellenda
3366 4328 3508 4377 mala
3539 4328 3585 4377 ei
3633 4324 4017 4395 supplicarent.

2429 4394 2582 4448 Adde
2609 4394 2694 4463 his
2719 4408 2781 4447 ea
2806 4410 2925 4463 qua:
2951 4398 3140 4450 scribit
3164 4409 3349 4449 auctor
3372 4395 3615 4450 Clironici
3646 4394 4018 4463 Alexandrini,

2434 4480 2557 4534 pag.
2605 4462 2709 4517 665
2761 4462 2989 4527 et7067;
3032 4474 3161 4520 sunt
3191 4468 3335 4519 enim
3386 4468 3603 4533 optima:
3644 4462 4022 4534 iiotie._l’0rro

2436 4532 2551 4586 haec
2585 4536 3214 4605 pompacelebrabatur
3256 4532 3550 4605 quominus
3591 4534 3679 4605 die
3726 4532 4021 4586 undecimo

2437 4608 2645 4657 tneusis
2688 4603 2815 4656 tnaii
2847 4640 2861 4664 .
2908 4607 3003 4672 qui
3036 4607 3233 4659 natalis
3275 4603 3403 4659 erat
3436 4605 3588 4660 urbis
3619 4603 4019 4672 Constantino-

2473 4673 2718 4745 olitana',
2756 4682 2814 4745 ut
2850 4670 3048 4745 ibidem
3079 4676 3272 4745 scribit
3288 4682 3497 4745 ‘auctor
3523 4674 3645 4745 ejus
3674 4670 3932 4730 Chronici
3959 4682 4016 4726 et

2481 4744 2740 4815 esychius
2769 4743 2824 4797 in
2850 4742 3153 4815 Originibus
3175 4742 3339 4799 CPP.
