4216 6456
204 408 341 474 1549

198 521 509 595 presbyter,
542 510 959 595 abAlcxandro
994 510 1338 595 Alexandriae
1369 510 1765 595 episcopogde-r

198 579 409 665 positus
466 586 639 665 fuerat
666 624 706 665 ,Π
737 592 796 637 ιιι
822 582 1488 665 testatur‘Athanasips,
1520 588 1673 665 “tum
1713 579 1769 665 in

198 648 540 727 Rpologetico
569 656 637 707 ad
667 652 1210 727 Constantiitin,_tum
1349 650 1487 727 libro
1512 648 1587 727 ρο
1615 663 1771 727 sano.

196 716 285 785 dis
320 716 550 782 Arimini
581 736 629 779 et
665 723 940 777 Seleuciae.
989 719 1093 773 Sed
1138 730 1191 773 et
1242 720 1486 773 Hilarius
1533 720 1585 770 in
1636 718 1769 771 Fra-

199 801 460 869 gmentis.
476 798 632 869 hunc
652 797 845 869 lorum
875 805 986 844 non
1023 792 1180 843 aliter
1210 790 1338 860 legit
1374 799 1536 859 atque
1561 789 1772 857 accepit

199 865 368 940 quam
402 865 756 940 Athanasius.

282 937 658 1006 Ὀμοφωνίαν
692 928 1192 1006 διασώζεσθαι.
1228 930 1315 1006 liis
1339 931 1540 1006 verbis
1560 930 1771 985 claudi-

202 1020 292 1064 tur
336 1000 565 1075 epistola
623 1003 884 1075 synodica
950 1001 1171 1075 concilii
1209 1000 1613 1075 ‘Serdiceusis,
1658 1010 1771 1054 tum

201 1079 348 1149 apud
372 1070 756 1129 ‘Athanasiuni
811 1070 1156 1149 in_s_ecu_ndo
1194 1071 1549 1149 Apologctico
1579 1080 1772 1149 contra

200 1137 481 1206 A'riauus,
524 1153 636 1196 tum
688 1141 829 1209 apud
882 1140 1145 1194 Hilarium
1200 1137 1254 1192 iu
1297 1137 1657 1205 Fragtiicntis.
1710 1140 1775 1193 Et

203 1232 329 1289 post
356 1219 469 1270 haec
492 1214 674 1289 verba
692 1211 911 1289 additur
936 1211 1198 1289 soleninis
1239 1211 1772 1289 salutatio-indutui:

204 1279 454 1342 inodum.
492 1285 555 1335 'H
594 1282 713 1335 θεία
756 1281 982 1347 πρόνοια
1016 1279 1467 1349 καθωσιωμένους
1502 1280 1648 1346 ὑμᾶς
1682 1280 1774 1333 καὶ

201 1355 578 1426 εὐθυμοῦντας
614 1351 979 1426 διαφυλάττῃ.
1022 1351 1293 1426 dyon-moi.
1345 1349 1583 1426 ἀδελφοίΣ
1617 1350 1773 1416 Apud

202 1417 475 1480 Hilarium
528 1439 656 1475 vero
712 1422 825 1474 h:ec
868 1420 1146 1472 adduntur
1178 1417 1207 1470 ε’
1242 1417 1524 1486 Optamus,
1556 1420 1770 1485 fratres,

202 1516 292 1551 vos
325 1499 382 1549 in
417 1495 638 1545 Domino
672 1491 795 1544 bene
836 1490 1027 1544 valere.
1065 1488 1273 1543 Caetera
1312 1504 1432 1559 quae
1470 1499 1775 1557 sequuntur

204 1568 352 1636 apud
415 1564 816 1636 Theodoretunt
863 1560 930 1613 de
977 1561 1320 1636 expositione
1370 1560 1533 1636 fidei,
1588 1561 1774 1628 spuria

204 1630 334 1691 sinit
397 1644 452 1688 et
491 1633 817 1691 adulterina,
876 1637 933 1681 ut
975 1631 1134 1683 docet
1189 1630 1536 1683 certissimus
1584 1639 1776 1685 auctor

202 1705 547 1760 Athanasius
580 1705 631 1753 in
678 1701 909 1769 epistola
956 1698 1310 1769 syttodicajid
1351 1699 1771 1769 Antiochenses,

206 1793 331 1845 pag.
366 1774 471 1828 576
517 1766 775 1845 editionis
825 1766 1166 1845 Parisiensis.
1229 1766 1329 1822 Ubi
1390 1768 1504 1822 haec
1563 1770 1774 1845 adjecta

208 1839 383 1900 luisse
431 1844 562 1897 dicit
598 1858 627 1894 a
664 1839 992 1909 quihusdam
1022 1879 1037 1903 ,
1082 1842 1289 1909 absque
1330 1854 1603 1909 consensu
1661 1841 1777 1907 epi-

206 1930 506 1984 scoporum
545 1914 635 1979 qui
666 1908 899 1984 concilio
927 1908 1307 1984 interfuerant.
1337 1908 1548 1972 Quibus
1579 1910 1774 1977 reliqui

203 1981 453 2053 episcopi
478 1984 678 2035 acriter
703 1981 1043 2053 restiterunt,
1063 1981 1471 2053 proclamantes
1488 1987 1777 2053 contentos

205 2049 267 2110 se
296 2049 422 2109 esse
453 2053 664 2106 Nicaeua
702 2051 825 2112 lide,
861 2065 962 2103 nec
993 2049 1291 2118 quidquam
1324 2049 1371 2100 ei
1422 2049 1654 2104 ulterius
1681 2049 1774 2103 ad-

205 2127 449 2179 dendum
495 2140 507 2173 :
548 2140 613 2175 ne
662 2122 796 2175 ﬁdes
833 2135 861 2171 a
903 2120 1110 2174 sanctis
1155 2119 1408 2172 Patribus
1452 2120 1627 2181 edita,
1671 2120 1774 2173 im-

208 2195 453 2265 perfecta
492 2209 613 2248 esse
648 2194 1106 2265 videre_ti_tr,_ne_v_e
1130 2190 1317 2265 aditus
1360 2190 1585 2265 daretur
1616 2190 1776 2265 malis

209 2260 529 2321 hominibus
558 2277 726 2316 novas
760 2260 993 2315 subinde
1017 2260 1140 2313 li-lei
1174 2260 1440 2312 formulas
1471 2260 1777 2325 procuden-

206 2337 285 2390 di.
311 2337 391 2388 Ac
417 2334 658 2403 profecto
689 2333 822 2386 satis
843 2331 1034 2403 mirari
1052 2345 1159 2403 non
1196 2344 1443 2403 possum,
1465 2329 1777 2403 Theodore-

209 2399 493 2459 tumistud
520 2406 820 2473 ignorasse,
859 2408 953 2473 a_ut
993 2400 1045 2473 si
1080 2400 1259 2460 scivit,
1286 2401 1337 2451 id
1376 2399 1772 2473 dissimulasse.

206 2476 457 2542 Quorum
491 2469 744 2543 neutrum
782 2473 834 2525 in
865 2469 1206 2543 Theodoreto
1233 2471 1483 2543 excusari
1521 2477 1719 2543 potest.

283 2548 415 2598 ’Ὅτι
447 2538 735 2613 Teir-mdo
776 2543 947 2595 ἐστιν
989 2540 1109 2608 ἅμα
1154 2541 1251 2613 καὶ
1291 2538 1637 2607 ἀγέννητος.
1679 2539 1778 2594 Hic

208 2619 369 2671 locus
402 2617 853 2683 corruptissimus
881 2620 986 2673 est,
1019 2626 1119 2664 nec
1151 2612 1317 2664 ullum
1345 2626 1408 2663 ex
1440 2626 1505 2663 co
1533 2625 1779 2683 conu_no-

208 2690 342 2741 dum
402 2679 625 2739 scusuiu
680 2685 878 2737 elicere
927 2690 1219 2750 potuerunt
1274 2683 1617 2747 interpretes.
1666 2679 1779 2749 Ego

208 2772 346 2811 vero
400 2754 673 2809 levissima
724 2753 1025 2805 mutatione
1070 2767 1195 2805 eum
1258 2752 1333 2803 ita
1376 2750 1777 2803 restituendum

208 2842 338 2881 esse
395 2827 685 2884 existimo,
739 2822 999 2889 γεννητός
1045 2821 1192 2873 ἐστιν
1235 2820 1353 2890 ἅμα.
1391 2819 1490 2890 καὶ
1530 2820 1775 2890 γενητρς,

209 2897 328 2950 haec
359 2898 501 2948 enim
529 2905 647 2949 erat
675 2888 902 2946 hicn-sis
938 2888 1291 2951 Arianorum,
1324 2892 1417 2959 qui
1454 2888 1655 2943 Filium
1684 2888 1778 2944 Dei

210 2968 376 3019 simul
400 2967 642 3033 genitum
668 2974 720 3017 et
756 2964 956 3015 factum
983 2975 1106 3033 esse
1138 2962 1432 3033 dicebant;
1466 2969 1517 3033 et
1548 2962 1614 3013 iis
1647 2961 1780 3013 duo-

210 3038 316 3090 bus
348 3028 629 3088 vocabulis
659 3048 778 3102 qua:
811 3033 972 3084 unica
1004 3032 1185 3102 littera
1213 3030 1362 3102 inter
1380 3028 1781 3102 sediscrepaut

209 3106 471 3174 γεννητὸς
511 3112 564 3157 et
605 3100 879 3174 γενητὸς,
921 3100 1538 3174 imperitis‘hominiints
1591 3100 1782 3153 illude-

212 3168 379 3230 bantf
404 3175 515 3229 Hos
545 3168 708 3241 igitur
735 3168 1011 3225 damnant
1043 3170 1383 3224 sanctissimi
1427 3168 1639 3235 Patres,
1682 3186 1781 3223 seu

214 3247 399 3314 potius
453 3246 487 3297 ii
542 3245 633 3312 qui
695 3242 1052 3314 appendicem
1110 3242 1273 3314 istam
1327 3249 1778 3314 composuerunt.

212 3310 492 3381 Quantum
528 3310 689 3381 porro
721 3312 1060 3365 discriminis
1102 3312 1172 3364 sit
1224 3312 1366 3381 inter
1400 3310 1783 3381 islanduovo-

212 3378 435 3449 (fabula,
470 3378 633 3436 nemo
680 3392 763 3437 est
800 3381 891 3449 qui
942 3396 1051 3433 non
1080 3381 1278 3433 videat.
1314 3380 1457 3433 Idem
1488 3378 1780 3432 dicendum

211 3464 300 3510 est
354 3457 420 3509 de
459 3455 677 3507 duobus
729 3448 837 3503 illis
890 3452 1177 3504 vocabulis
1220 3448 1783 3519 ἀγέννητοςνθινίὰγέ-

212 3542 398 3594 νητος.
435 3524 673 3594 Nicelas
700 3524 753 3594 in
785 3521 1054 3594 Thesauro
1087 3518 1568 3594 orthodoxa/idet
1599 3518 1691 3594 l_ib_.
1722 3534 1779 3581 Il,

213 3588 337 3665 cap.
363 3596 451 3652 54.
480 3595 619 3646 hanc
645 3591 1182 3665 differeu‘tiainuotat
1204 3591 1486 3665 his_verbis
1512 3606 1523 3641 :
1555 3588 1785 3665 cScien-

214 3660 347 3717 du'ni
387 3666 530 3716 enim
594 3672 678 3716 est
736 3662 880 3730 quod
921 3660 1221 3729 ἀγένητον,
1256 3660 1301 3713 si
1357 3674 1453 3729 per
1500 3661 1719 3730 unicum
1755 3677 1783 3708 ν

215 3736 512 3795 scribatur,
549 3733 600 3786 id
635 3727 929 3802 signiﬁcat,
964 3727 1107 3799 quod
1152 3745 1251 3802 nec
1277 3727 1536 3802 creatum
1567 3743 1665 3802 nec
1699 3727 1781 3802 fa-

214 3815 365 3858 ctum
397 3815 480 3857 est
511 3821 522 3855 :
561 3798 855 3872 ὰγέννητον
887 3798 1011 3853 vero
1035 3816 1131 3872 pe_r
1168 3801 1364 3872 duplex
1395 3816 1443 3861 ν,
1473 3798 1539 3872 _id
1568 3798 1784 3872 signifi-

212 3884 326 3935 cat,
358 3874 502 3942 quod
534 3866 775 3941 genitum
809 3888 915 3924 non
943 3866 1049 3923 est.
1078 3868 1195 3942 lam
1222 3866 1402 3942 priore
1440 3866 1771 3942 significato,

212 3938 460 3998 essen-tia
496 3938 679 3995 dill'crt
706 3943 772 3995 ab
802 3943 1042 3994 essentia
1073 3956 1085 3989 :
1129 3940 1231 3991 alia
1264 3940 1409 3992 enim
1436 3938 1676 3990 essentia
1700 3944 1784 3991 est

215 4016 458 4068 increata
504 4028 600 4066 seu
646 4012 908 4079 ἀγένητος
948 4025 1042 4077 per
1073 4011 1292 4060 unicum
1329 4023 1382 4079 ν.
1413 4007 1626 4079 aliaque
1656 4007 1782 4059 item

214 4085 420 4153 γενητὴ
470 4099 563 4136 seu
599 4076 812 4153 creata.
841 4076 1152 4153 Posteriore
1185 4094 1312 4153 vero
1342 4076 1651 4153 signiﬁcato
1692 4091 1779 4153 es-

216 4144 574 4208 scnt'ia'nihil
612 4152 907 4219 quidquam
951 4151 1020 4202 ab
1057 4150 1302 4219 essentia
1348 4148 1565 4219 differt.
1592 4144 1785 4219 Omnis

214 4228 363 4278 enim
404 4216 777 4275 animantium
818 4221 1017 4287 speciei
1067 4220 1241 4286 prima
1292 4216 1602 4287 hypostasis
1629 4216 1786 4283 ἀγέν-

217 4310 403 4363 νητος,
436 4295 537 4345 hoc
582 4300 673 4363 est
715 4291 975 4363 ingeniia,
1018 4305 1124 4363 nou
1158 4299 1336 4363 autem
1367 4288 1649 4363 ayqurqg,
1684 4287 1786 4363 hoc

216 4356 301 4417 est
338 4365 577 4415 increata
606 4359 726 4422 fuit,
758 4356 859 4414 etc.
899 4358 1016 4412 lam
1065 4360 1111 4411 si
1163 4361 1396 4425 priorem
1429 4356 1785 4425 signiﬁcatio-

218 4448 345 4486 nem
371 4433 640 4498 sequaris,
675 4441 786 4484 tres
820 4430 923 4483 illa:
962 4428 1159 4481 divina:
1195 4427 1692 4498 hypostasesgiuter
1726 4440 1785 4478 se

215 4496 573 4556 conveniunt.
639 4500 773 4553 Nam
840 4498 1338 4554 consubstantiales
1400 4504 1454 4549 et
1527 4496 1786 4549 iuet-cata:

218 4580 351 4626 sum
382 4589 395 4623 :
435 4572 790 4639 posteriorem
822 4586 950 4623 vero
976 4572 1020 4621 si
1058 4568 1327 4639 sequaris,
1363 4565 1783 4634 haudquaquam

217 4638 578 4696 conveniunt.
609 4640 772 4695 Solus
800 4643 943 4691 enim
974 4639 1130 4692 l’aler
1162 4638 1438 4703 ingenitus
1468 4645 1574 4698 est,
1611 4653 1631 4686 ο
1675 4645 1782 4689 etc.

219 4714 370 4765 Idem
430 4713 589 4779 longe
640 4718 767 4763 ante
796 4708 1039 4761 Nicetam
1084 4714 1301 4779 notarat
1333 4705 1701 4779 Epiphaniusﬁ
1731 4707 1784 4779 in

220 4782 417 4835 haeresi
450 4771 885 4850 Origenistarum
917 4793 1039 4845 cap.
1077 4779 1129 4841 8,
1166 4776 1257 4829 ubi
1291 4771 1787 4850 reprehendit-Ori-

218 4853 525 4921 geueuiqui
551 4842 611 4904 in
642 4847 962 4921 Praelatione
988 4842 1511 4921 commentariorum
1543 4845 1596 4896 in
1636 4842 1787 4921 Psai-

220 4914 364 4981 nios,
388 4914 583 4974 Filium
608 4920 699 4973 Dei
723 4919 1023 4986 appellarat
1043 4916 1267 4985 γενητὸν
1288 4915 1427 4968 θεόν.
1454 4916 1528 4986 Ac
1554 4914 1788 4986 nonnul-

220 4993 302 5046 los
331 4992 548 5061 quidem
578 4983 867 5061 Origenem
891 4983 1221 5061 excusantes
1250 4983 1613 5061 contendisse
1643 4983 1785 5061 scri-

220 5061 319 5122 bit,
350 5052 489 5115 idem
513 5076 634 5114 esse
648 5052 1224 5126 γὲννητὸνθιγενητόν.
1243 5055 1444 5108 Contra
1488 5052 1788 5126 vei'ouallir-

221 5140 333 5183 mat
367 5122 704 5199 Epiphanius
764 5122 877 5199 hare
923 5122 1045 5199 duo
1077 5122 1233 5199 longe
1283 5126 1423 5177 inter
1453 5138 1512 5177 se
1545 5122 1783 5176 differre.

220 5198 778 5271 Fevqtb'v’eninresse
813 5198 864 5271 id
908 5198 1049 5271 quod
1085 5198 1286 5271 factum
1332 5203 1413 5271 est
1436 5202 1490 5246 et
1521 5202 1783 5271 creatum.

291 5261 421 5325 Pio.
464 5271 551 5325 8t.
585 5270 781 5331 Οὕτως
814 5261 1084 5330 saviata.
1141 5264 1319 5317 Codex
1371 5262 1568 5317 Leonis
1604 5261 1786 5314 Allatii

212 5342 307 5396 hic
343 5357 449 5395 una
491 5354 622 5393 voce
657 5338 868 5390 auctior
899 5346 982 5389 est
1006 5378 1018 5391 .
1047 5341 1146 5388 hoc
1172 5334 1331 5385 modo
1360 5332 1530 5395 οὔτως
1555 5332 1662 5401 γὰρ
1693 5332 1789 5384 αὑ-

224 5415 343 5473 τοὺς
375 5413 545 5469 νοεῖν,
571 5419 676 5462 etc.
713 5408 1004 5473 Sequentia
1034 5420 1157 5473 vero
1189 5417 1293 5456 non
1325 5403 1515 5456 dubito
1547 5403 1676 5473 quin
1710 5401 1791 5473 sic

218 5471 562 5536 eméudanda
595 5480 705 5533 sint
726 5471 817 5529 ὅτι
836 5472 986 5536 οὕτως
1014 5471 1091 5537 εἷς
1115 5473 1223 5525 τῶν
1247 5474 1625 5540 γεγενημένων
1650 5471 1786 5523 ἐστί.

219 5551 273 5604 Id
306 5559 391 5604 cst
426 5552 503 5602 sic
526 5591 540 5613 ,
571 5551 707 5602 enini
747 5563 800 5599 se
838 5547 1127 5613 intelligere
1165 5543 1482 5613 proﬁtentur
1529 5541 1787 5613 genitum,

217 5626 341 5693 quia
368 5619 457 5673 ille
482 5610 551 5675 sit
580 5634 713 5671 unus
747 5632 811 5693 ea:
840 5618 906 5669 iis
936 5610 1402 5693 quiel'qetalsunt.
1437 5610 1789 5693 Eiii'endatio-

219 5684 343 5745 item
381 5699 624 5743 nostram
661 5690 949 5741 continuat
983 5684 1328 5753 Epiphanius
1362 5684 1481 5735 loco
1508 5684 1693 5734 citato.

287 5759 543 5813 Γένεσιν
578 5758 724 5826 ἔχει.
767 5756 1009 5826 Primam
1044 5751 1226 5826 vocem
1253 5751 1790 5826 _adilit_lerunt_ty_po:

219 5830 413 5903 graphi
453 5821 818 5885 Genei’ienses
858 5840 923 5880 ex
959 5825 1100 5879 libro
1137 5821 1646 5893 Christophorsoni.
1686 5821 1792 5874 Sed

1156 399 1236 459 IN
1273 396 1653 459 THEODOR.
1692 394 1891 455 HIST.
1924 396 2123 455 ECCL.
2167 397 2313 455 LIB.
2344 395 2429 455 Π.

3312 396 3446 460 1550

1883 524 2006 563 cum
2058 511 2199 565 absit
2231 528 2258 564 a
2292 526 2425 565 mss.
2459 507 2739 565 codicibus
2761 550 2774 570 ,
2814 526 2911 565 nec
2944 507 3209 564 habeatur
3246 512 3299 565 in
3334 513 3448 567 edi-

1881 581 2028 633 tione
2061 581 2345 634 Basilieusi
2366 623 2379 643 ,
2417 595 2514 634 nec
2542 580 2596 634 in
2629 581 2876 635 versione
2909 580 3190 649 Epiphanii
3221 579 3452 636 Schola-

1884 651 2047 710 stici,
2091 652 2287 703 merito
2324 666 2442 704 eam
2483 650 2750 718 expunxi.
2794 650 2919 703 licet
2960 651 3293 707 Sirmundus
3329 667 3448 707 eam

1880 720 2168 791 retinuerit
2195 760 2208 777 .
2251 729 2305 773 et
2341 737 2436 785 pro
2474 721 2609 787 ὅπερ
2642 720 3015 791 emendaverit
3044 720 3233 791 ὅσπερ.

1953 790 2024 841 Ὀ
2063 791 2190 842 ἐστι
2228 791 2407 859 λόγος
2455 791 2688 856 πνεῦμα
2748 791 2858 841 οὐκ
2896 790 3069 857 ἔχων.
3111 790 3450 845 ΙηίειΙίιίοιιθ

1882 857 2169 913 Basiliensi
2226 857 2346 913 dine
2387 872 2675 929 postremas
2712 874 2873 913 voces
2913 862 3226 928 parenthesi
3268 863 3449 916 incluo

1878 929 2104 991 duntur,
2144 946 2244 982 nec
2279 930 2550 983 habentur
2579 933 2630 983 in
2660 930 2907 983 vcr~ione
2963 929 3250 997 Epiphanii
3280 931 3452 986 Scho-

1884 1000 2080 1053 lastici.
2129 1002 2238 1068 Ego
2280 1015 2408 1053 vero
2444 1002 2609 1054 etiam
2647 1000 2859 1067 priores
2898 1001 3131 1053 libenter
3169 1016 3451 1069 expunge-

1882 1083 2033 1139 rem,
2075 1073 2279 1139 quippe
2320 1086 2440 1138 qua:
2480 1085 2703 1124 sensum
2744 1069 2909 1135 hujus
2947 1070 3052 1123 loci
3094 1072 3447 1127 conturbant.

1881 1138 2034 1204 Quod
2069 1142 2112 1193 si
2165 1138 2291 1208 quis
2345 1156 2435 1193 eas
2474 1142 2716 1194 retinere
2757 1140 3029 1208 voluerit,
3072 1140 3227 1193 locus
3280 1142 3453 1195 inter-

1882 1205 2205 1279 puugendus
2234 1212 2337 1265 erit
2370 1211 2472 1263 hoc
2507 1210 2670 1279 modo
2700 1228 2714 1260 :
2763 1211 2896 1279 μηδὲ
2936 1205 3073 1262 εἶναι
3116 1211 3377 1264 δύνασθαι
3424 1213 3453 1264 ὅ

1880 1280 1996 1330 ἐστι
2033 1278 2207 1345 λόγος,
2248 1281 2465 1348 πνεῦμα
2502 1280 2602 1332 οὐκ
2647 1278 2805 1350 ἔχων.
2851 1280 2908 1333 Id
2954 1290 3074 1343 est,
3116 1297 3205 1335 nec
3241 1286 3452 1335 verbum

1879 1364 2033 1416 posse
2064 1366 2176 1403 esse
2214 1352 2328 1404 sine
2365 1352 2577 1417 spiritu.

1953 1423 2035 1473 Οὺ
2068 1419 2324 1474 πάντοτε
2356 1422 2464 1489 τὰρ
2492 1417 2664 1474 εἶναι.
2704 1419 2813 1474 lloc
2845 1422 2969 1474 loco
3004 1422 3169 1475 verba
3198 1428 3454 1491 transpo-

1882 1489 2136 1561 sitacsse
2162 1492 2490 1561 jampridem
2533 1492 2920 1544 animadverti.
2962 1491 3132 1557 Igitur
3172 1502 3299 1546 ante
3341 1489 3453 1547 llaec

1882 1560 2049 1630 verba
2072 1602 2085 1624 ,
2124 1560 2443 1615 collocanda
2477 1568 2562 1615 est
2595 1562 2853 1630 periodus
2885 1577 3006 1627 quae
3040 1564 3310 1630 sequitur,
3348 1562 3452 1616 hoc,

1882 1629 2067 1701 modo,
2097 1630 2178 1682 ὃτι
2205 1632 2232 1681 ὁ
2264 1633 2492 1684 πάντοτε
2523 1629 2631 1693 ὢν,
2661 1631 2834 1701 ἀρχὴν
2863 1631 2959 1700 οὐχ
3005 1629 3129 1700 ἔχει
3153 1632 3342 1699 Λόγος.
3379 1632 3456 1685 lta

1883 1700 2043 1767 plana
2075 1711 2204 1753 sunt
2235 1702 2441 1753 omnia.

1965 1768 2187 1837 Ἀληθῆ
2244 1769 2313 1823 δὲ
2376 1769 2513 1823 my
2559 1770 3013 1841 παραδιδόαμεν.
3066 1769 3458 1841 Duaegpriores

1882 1852 2043 1892 voces
2079 1840 2277 1893 desunt
2318 1842 2372 1894 in
2415 1856 2516 1895 ms.
2548 1840 2740 1894 codice
2775 1840 2964 1895 Savilii
2991 1850 3044 1895 et
3076 1841 3129 1894 in
3160 1840 3247 1896 ed.
3286 1842 3408 1898 Bas.

1952 1908 2215 1976 Διαφέκιει
2254 1911 2321 1964 δὲ
2361 1910 2436 1979 τῇ
2474 1909 2646 1975 κοινῆ
2686 1912 2895 1963 κτίσει.
2941 1912 2994 1964 In
3031 1911 3224 1965 codice
3256 1910 3457 1967 Leonis

1883 1976 2253 2051 Allatiixawﬁ
2280 1976 2476 2043 κτὶσέι,
2500 1983 2704 2049 optime
2728 1996 2848 2032 ineo
2870 1981 3084 2047 quidem
3111 1980 3336 2048 judicio.
3366 1980 3459 2036 Sic

1879 2050 2025 2103 enim
2058 2049 2355 2114 Apostolus
2384 2062 2541 2104 vocat
2571 2051 3054 2108 resurrectionem.
3088 2053 3253 2104 Aiunt
3290 2052 3458 2119 igitur

1884 2120 2059 2173 sancti
2110 2119 2297 2176 Patres
2332 2121 2608 2175 Christum
2640 2119 2819 2175 vocari
2849 2122 3272 2191 primogenitum
3300 2122 3459 2189 juxta

1888 2192 2302 2246 humanitatem.
2339 2192 2488 2245 Licet
2522 2198 2703 2245 autem
2739 2192 2809 2245 sit
2846 2193 3246 2260 primogenitus
3282 2195 3461 2247 homiv

1884 2274 2014 2333 num
2038 2263 2517 2333 ,rprzestantiorem
2558 2268 2740 2333 tamen
2779 2276 2901 2316 esse
2940 2261 3171 2333 reliquis
3211 2262 3456 2319 homini-

1884 2329 1988 2384 bus
2023 2329 2097 2385 ob
2124 2332 2541 2385 resurrectionis
2573 2331 2823 2393 gloriam.

1959 2403 2083 2456 PAG.
2127 2403 2217 2455 85.
2259 2402 2374 2455 Δύο
2414 2401 2488 2469 δὴ
2528 2398 2795 2472 οὗν-ζῶν
2839 2403 2927 2467 εἰς
2974 2402 3087 2467 τὴν
3133 2404 3457 2472 σαρδικήν.

1882 2472 2230 2545 Vincentium
2270 2472 2471 2542 Capua:
2492 2512 2505 2534 ,
2536 2481 2621 2545 et_
2656 2470 2933 2545 Eufratam
2974 2470 3224 2528 Coloniae
3256 2470 3458 2545 Agrip-

1884 2543 2026 2612 pinae
2064 2541 2363 2610 episcopos
2395 2542 2651 2611 intelligit
2691 2541 2784 2610 qui
2825 2557 2853 2594 a
2890 2546 3098 2612 synodo
3140 2541 3459 2600 Serdii-ensi

1886 2612 1952 2665 ad
1987 2612 2369 2666 Constantium
2403 2629 2499 2681 per
2534 2614 2587 2667 id
2626 2614 2886 2684 temporis
2916 2617 3222 2669 Antiochia:
3253 2616 3448 2684 degen-

1885 2692 1994 2756 tem
2031 2684 2182 2736 missi
2219 2691 2382 2756 sunt,
2417 2684 2637 2751 petituri
2670 2682 2951 2756 ab_illo_ut
2980 2685 3270 2753 cpiscOpos
3296 2682 3463 2756 syno-

1885 2753 1994 2805 dali
2032 2755 2301 2825 sententia
2332 2756 2619 2808 restitutos
2642 2794 2655 2816 ,
2686 2751 2759 2825 ad
2792 2754 2950 2825 sedes
2984 2751 3115 2809 suas
3148 2751 3461 2825 redire'pa-

1886 2829 2115 2885 teretur,
2153 2834 2212 2876 ut
2244 2824 2403 2876 docet
2435 2823 2770 2878 Athanasius
2802 2824 2853 2876 in
2880 2826 3111 2892 epistola
3143 2825 3209 2878 ad
3259 2823 3464 2880 Solita-

1890 2894 2045 2957 rius,
2097 2909 2219 2962 pag.
2267 2893 2408 2955 822,
2463 2895 2554 2947 ubi
2605 2895 2767 2947 etiam
2824 2903 3011 2948 narrat
3060 2910 3278 2949 scenam
3314 2898 3459 2949 illam

1887 2964 2194 3035 meretricis
2244 2978 2273 3017 a
2325 2964 2602 3035 Stephano
2645 2963 2931 3035 conductae
2983 2972 3035 3018 et
3093 2966 3147 3019 in
3205 2966 3452 3035 episcopi

1887 3033 2212 3105 dormientis
2256 3034 2568 3088 cubiculum
2611 3033 2959 3089 introductae.
3008 3035 3083 3091 De
3129 3033 3253 3105 qua
3284 3033 3463 3092 Theo-

1887 3102 2112 3157 doretus
2148 3105 2200 3155 in
2222 3105 2484 3174 sequenti
2519 3105 2719 3174 capite.

1976 3173 2273 3246 Σαλιανρς
2303 3174 2371 3225 δὲ
2403 3173 2610 3246 τούτῳ.
2649 3173 2851 3227 Saliam
2884 3175 3059 3237 verti,
3090 3175 3272 3246 potius
3299 3191 3461 3245 quam

1891 3240 2195 3295 Saliauum.
2225 3243 2355 3295 Nam
2386 3245 2642 3299 Salianus
2670 3258 2774 3297 nou
2798 3253 2879 3297 est
2910 3240 3105 3299 nomen
3135 3240 3459 3299 Romanum.

1893 3312 2036 3365 Salia
2077 3328 2205 3384 vero
2240 3315 2333 3384 vir
2363 3314 2465 3384 fuit
2504 3329 2570 3367 eo
2609 3322 2853 3384 tempore
2890 3314 3325 3379 celeberrimus,
3369 3318 3462 3382 qui

1889 3392 1943 3435 et
1971 3383 2162 3436 consul
2198 3383 2297 3437 fuit
2327 3383 2379 3436 ir.
2411 3382 2885 3438 Occidente'anno
2914 3394 3210 3452 sequente,
3235 3388 3326 3453 qui
3360 3386 3465 3440 fuit

1890 3467 2068 3535 annus
2095 3453 2297 3535 Christi
2330 3454 2475 3535 δίζε
2501 3456 2959 3535 εγιιριριβ-ειιιξθιιι
2994 3455 3343 3535 Sqdicensis
3374 3470 3464 3535 ce-

1890 3523 2097 3593 lebrata
2128 3531 2209 3575 est
2245 3538 2389 3593 anno
2417 3522 2621 3577 Christi
2664 3524 2787 3577 317.
2834 3522 3009 3593 Hujus
3048 3524 3213 3578 Saliae
3255 3528 3465 3580 mentio

1889 3592 1946 3646 fit
1968 3634 1981 3652 ,
2014 3602 2124 3645 tum
2158 3594 2209 3645 in
2242 3592 2399 3648 fastis
2430 3594 2818 3647 consularibus
2840 3633 2855 3654 ,
2889 3602 3002 3645 tum
3034 3596 3176 3662 apud
3210 3594 3459 3651 Pruden-

1890 3664 2026 3714 tium
2052 3701 2064 3719 ,
2097 3663 2189 3728 qui
2228 3678 2285 3716 sc
2320 3678 2385 3724 eo
2418 3666 2648 3717 consule
2682 3665 2736 3716 in
2776 3665 2950 3717 lucem
2988 3665 3194 3718 editum
3225 3680 3352 3719 esse
3385 3676 3465 3719 te-

1891 3739 2090 3803 statur.
2122 3732 2419 3803 Fuit_enim
2450 3735 2642 3786 consul
2676 3734 2729 3786 iu
2759 3731 3077 3800 Occidente,
3104 3742 3162 3786 ut
3183 3733 3295 3803 jam
3326 3735 3461 3788 dixi.

1894 3801 2050 3854 Hunc
2083 3816 2212 3871 ergo
2247 3799 2449 3873 Saliam
2481 3803 2569 3856 hic
2595 3818 2622 3855 a
2654 3804 3003 3857 'l'heodorelo
3037 3799 3314 3873 designari
3349 3806 3465 3859 exi-

1892 3874 2077 3931 stimo,
2112 3873 2238 3940 quia
2271 3872 2569 3926 Constante
2597 3872 2841 3940 Augusto
2876 3876 3081 3928 missus
3112 3872 3195 3927 est
3226 3875 3291 3926 ad
3322 3873 3467 3928 Cou-

1891 3940 2151 3992 stantium
2185 3955 2329 3994 anno
2358 3940 2565 3995 Christi
2604 3940 2729 3996 547.
2780 3940 2938 3996 Unde
2984 3959 3107 3997 cum
3165 3943 3461 4006 rediisset,

1891 4011 1963 4064 ob
1990 4010 2298 4065 confectam
2331 4012 2655 4080 legationem
2687 4013 3036 4066 consulatum
3076 4014 3307 4081 accepit.
3338 4012 3467 4067 Fuit

1891 4089 1942 4133 et
1974 4082 2111 4133 alter
2140 4081 2286 4132 Salia
2316 4095 2499 4134 comes
2530 4082 2911 4135 thesaurorum
2936 4083 3052 4136 sub
3092 4080 3317 4137 Valente
3350 4085 3467 4137 Au-

1893 4159 2088 4221 gusto,
2117 4157 2180 4221 iit
2212 4151 2405 4221 scribit
2437 4149 2790 4206 Marcellinus
2822 4152 2873 4221 in
2906 4152 3000 4206 lib.
3032 4168 3180 4205 nix.

1975 4220 2035 4272 Ὀ
2068 4218 2184 4272 τῶν
2212 4218 2443 4273 ὠδίνων
2481 4223 2780 4286 κοινωνός.
2824 4211 3155 4289 lnterpretes
3191 4222 3460 4289 collegam

1892 4300 1946 4345 ct
1979 4305 2238 4344 curarum
2275 4291 2593 4360 participem
2627 4292 2697 4346 iis
2727 4292 2909 4345 verbis
2940 4292 3238 4359 significari
3272 4295 3468 4347 etisti-

1894 4369 2134 4415 maruut.
2168 4360 2279 4430 Ego
2314 4376 2443 4415 vero
2476 4362 2697 4415 fratrem
2733 4363 2913 4430 potius
2944 4361 3173 4430 intelligi
3211 4363 3465 4416 credidi--

1893 4433 2017 4484 riin.
2071 4434 2250 4499 Atque
2298 4431 2369 4484 ita
2423 4433 2566 4499 cepit
2612 4433 2963 4486 Camerarius
2995 4433 3087 4499 qui
3131 4434 3211 4484 sic
3249 4433 3457 4486 vertit:

1891 4499 2182 4553 Pollicetur
2214 4501 2481 4568 facturum
2517 4517 2569 4553 se
2603 4502 2781 4554 omnia
2823 4518 2939 4569 quae
2974 4501 3125 4554 vellet
3160 4503 3335 4554 socius
3369 4503 3465 4553 do-

1895 4571 2083 4639 loriﬁci
2112 4582 2295 4635 partus
2324 4588 2472 4624 suus.
2505 4571 2635 4634 Quae
2667 4571 3046 4639 interpretatio
3077 4571 3308 4623 barbara
3339 4574 3466 4640 qui--

1893 4642 2014 4695 dem
2049 4650 2130 4694 est
2162 4651 2211 4693 et
2244 4640 2464 4709 indigna
2498 4640 2848 4700 Camerario,
2884 4641 3003 4693 viro
3035 4640 3215 4693 Latini
3254 4656 3468 4693 sermo-

1895 4713 1983 4764 nis
2035 4712 2414 4775 peritissimo:
2466 4726 2686 4764 scusuin
2723 4718 2905 4764 tamen
2946 4709 3278 4764 Theodoreti
3317 4718 3465 4763 recte

1893 4781 2170 4849 exprimit.
2228 4778 2456 4848 Proprie
2513 4780 2732 4849 quidem
2782 4779 3034 4841 κοινωνὸς
3085 4778 3193 4830 τῶν
3239 4778 3464 4832 ὠδίνων.

1893 4848 2114 4919 Fratres
2151 4851 2398 4915 geminos
2436 4848 2743 4919 significat,
2774 4850 2864 4917 qui
2902 4849 3094 4903 eodem
3132 4858 3295 4919 partu
3336 4864 3469 4903 sunt

1895 4920 2052 4973 editi.
2098 4918 2275 4973 Potest
2325 4918 2503 4973 tamen
2553 4920 2770 4974 extendi
2810 4919 2971 4972 etiam
3012 4920 3076 4971 ad
3121 4918 3315 4973 fratres
3354 4932 3465 4972 non

1895 4992 2141 5059 geminos
2164 5029 2177 5053 ,
2206 4990 2296 5058 qui
2325 5005 2390 5043 ex
2418 4989 2607 5044 eodem
2646 4999 2800 5042 utero
2832 4996 2962 5043 sunt
2995 4988 3147 5042 editi.

2482 5099 2546 5153 In
2584 5111 2736 5168 caput
2779 5099 2882 5154 IX.

1969 5190 2097 5247 PAG.
2142 5192 2228 5247 8.1.
2277 5193 2350 5246 Τὰ
2401 5194 2548 5245 κατὰ
2603 5193 2721 5247 τῶν
2768 5193 3030 5260 ἀρίστων
3092 5194 3465 5260 παρανόμως.

1900 5261 2054 5315 Hunc
2096 5265 2275 5317 locum
2316 5266 2529 5317 restitui
2572 5280 2634 5317 ex
2680 5264 3055 5328 manuscripto
3094 5264 3283 5316 codice
3324 5261 3469 5316 Hen-

1898 5334 1995 5386 rici
2032 5332 2219 5386 Savilii
2244 5376 2258 5397 ,
2312 5333 2366 5386 in
2406 5348 2516 5398 quo
2557 5334 2754 5401 legitur
2788 5332 2867 5401 si,
2915 5333 3056 5384 κατὰ
3092 5332 3212 5401 ντῶν
3263 5332 3466 5385 ἀστῶν.

1896 5400 2145 5471 Optime,
2184 5418 2303 5457 meo
2336 5404 2556 5471 quidem
2590 5400 2817 5469 judicio.
2854 5400 2967 5454 Vox
3004 5400 3242 5472 ἀρίστων
3274 5417 3339 5455 ex
3374 5417 3468 5473 qu-

1898 5474 2110 5541 periore
2156 5473 2314 5525 liuea-
2340 5488 2625 5540 perperam
2676 5472 2904 5540 repetita
2947 5480 3031 5525 est
3058 5511 3072 5533 ,
3114 5485 3212 5525 nec
3245 5472 3467 5525 sensum

1900 5543 2067 5595 ullum
2118 5542 2297 5596 habet.
2355 5542 2411 5595 In
2464 5544 2635 5596 altero
2682 5543 2871 5595 codice
2926 5543 3076 5611 regio
3128 5556 3193 5611 es
3230 5558 3340 5611 qu_o
3376 5556 3471 5611 Vit--

1901 5613 2105 5683 riantes
2138 5612 2399 5667 lectiones
2431 5611 2743 5683 Stephanus
2776 5605 3108 5681 exscripsit,
3130 5605 3342 5674 τῶν-εἷς
3362 5610 3470 5663 τῶν

1901 5681 2099 5751 legitur
2130 5693 2408 5747 corrupte.

1976 5750 2107 5806 Pas.
2150 5751 2239 5805 85.
2286 5751 2431 5817 Τοὺς
2459 5752 2841 5819 παρανόμους
2871 5749 3159 5815 δικαστὰς
3199 5748 3470 5819 ἔσεσθαι.

1908 5820 2062 5875 llunc
2095 5822 2274 5875 locum
2302 5817 2585 5877 emendavi
2616 5817 2847 5877 ex’mss.
2881 5821 3167 5876 codicibus
3200 5817 3390 5874 Savilii
3419 5832 3470 5876 et
