4216 6456
214 412 355 480 1.553

203 530 677 603 conscripserunt.
710 531 997 603 Qumﬁcﬁum
1046 542 1235 603 postea
1271 535 1588 589 retulissent
1619 533 1683 586 ad
1716 550 1804 603 sy-

204 601 437 666 nodum,
478 617 545 654 ex
581 602 797 654 illorum
832 602 937 655 [ide
967 603 1152 655 statim
1183 601 1478 658 damnatus
1529 613 1613 658 est
1641 601 1808 656 Atha-

205 671 419 725 nasius.
478 669 645 724 Recte
692 686 823 738 ergo
878 672 929 724 hi
987 673 1230 740 quinque
1286 674 1386 726 soli
1446 673 1803 727 Athanasium

202 742 504 796 damnasse
530 741 813 801 dicuntur,
856 756 981 794 cum
1034 758 1099 796 ex
1138 757 1328 796 eorum
1371 742 1505 797 falsa
1544 744 1806 797 relatione

204 810 504 863 damnatus
545 810 708 863 fuerit
762 811 1113 865 Athanasius.

281 878 409 931 Τῶν
462 878 994 949 συμπλευσάντων
1025 880 1205 946 αὐτῷ.
1243 882 1352 936 Vox
1384 881 1545 946 αὑτῷ
1571 882 1722 936 deest
1748 882 1803 936 in

202 950 396 1003 codice
415 949 612 1004 Leonis
642 950 846 1007 Allatii.
868 960 921 1003 et
941 952 1154 1005 videtur
1182 954 1405 1006 omnino
1425 953 1799 1018 expungenda.

206 1018 400 1091 Neque
435 1023 579 1074 enim
606 1023 660 1073 hi
707 1036 950 1091 qumque
981 1023 1222 1091 episcopi
1260 1040 1363 1075 una
1402 1040 1526 1073 cum
1559 1024 1800 1074 Athana-

204 1089 287 1141 sio
314 1094 643 1155 navigarunt
691 1093 744 1144 in
808 1090 1133 1149 Mareotem:
1167 1089 1276 1144 imo
1328 1094 1575 1159 queritur
1603 1093 1803 1159 passim

205 1160 573 1220 Athanasius.
615 1161 762 1229 quod
817 1163 1049 1227 qua-stin
1090 1163 1179 1214 illa
1223 1164 1277 1215 in
1314 1162 1553 1215 Mareote
1615 1162 1805 1216 habita

203 1230 276 1279 sit
341 1231 463 1297 ipso
530 1232 777 1284 absente.
838 1233 892 1285 In
936 1247 1037 1285 IIIS.
1091 1232 1282 1287 codice
1332 1232 1549 1285 llenrici
1616 1231 1804 1285 Savilii

206 1301 481 1372 totushrc
514 1300 668 1372 locus
706 1306 779 1372 ita
816 1302 1012 1370 legitur
1042 1303 1203 1354 πέντε
1231 1304 1378 1371 μόλοι
1414 1302 1807 1372 ὲπικριθέντων

208 1369 560 1435 συμπλεῦσαι
593 1370 760 1438 αὐτῷ.

289 1441 425 1492 Ἀπὸ
446 1442 671 1493 τούτων
687 1439 803 1493 τῶν
839 1441 1077 1495 chroma
1094 1440 1323 1494 ἱέντων.
1356 1440 1675 1494 Joachimus
1700 1440 1806 1494 Ca-

205 1511 482 1562 merarius
516 1512 662 1562 hunc
724 1512 901 1563 locmu
936 1512 1005 1561 ita
1058 1513 1219 1563 vertit
1252 1529 1265 1564 :
1298 1510 1373 1563 Ab
1429 1511 1570 1564 hisce
1628 1513 1805 1563 missis

204 1580 365 1645 hujus
400 1582 474 1633 rei
504 1596 688 1641 causa,
720 1580 952 1634 Serdica
986 1582 1244 1650 stt/Tragic
1276 1581 1495 1634 collecm
1523 1591 1664 1635 sunt.
1690 1580 1806 1634 Sir-

208 1650 455 1703 mundus
481 1664 610 1702 vero
644 1651 717 1702 ita
750 1652 1005 1719 exposuit
1035 1670 1046 1703 :
1084 1653 1157 1704 At:
1187 1652 1328 1705 hisce
1356 1652 1494 1717 apud
1522 1652 1801 1703 Serdicam

207 1720 307 1770 hac
340 1720 403 1772 de
450 1735 504 1773 re
537 1722 800 1773 sententia
833 1721 1231 1786 exquirebatur.
1265 1721 1806 1787 Christophorsouus

205 1800 391 1841 autem
430 1792 509 1843 sic
546 1791 940 1855 interpretatus
979 1799 1063 1843 est
1102 1809 1114 1843 :
1153 1791 1195 1842 Α
1233 1791 1419 1859 quibus
1458 1790 1525 1845 ad
1552 1807 1668 1843 eam
1694 1807 1807 1844 rem

204 1861 406 1924 missis,
451 1862 502 1912 in
533 1862 754 1913 concilio
790 1859 1096 1915 Sardicensi
1136 1862 1397 1915 sententia
1445 1862 1507 1915 de
1552 1864 1651 1913 hac
1685 1878 1807 1915 can-

206 1932 474 1982 truversia
509 1929 624 1982 lata
650 1941 751 1983 est.
784 1932 914 1995 Quae
943 1932 1163 1999 quidem
1194 1932 1572 2000 interpretatio
1592 1932 1806 1987 duabus

206 2000 337 2052 aliis
373 2001 530 2067 longe
566 2002 945 2068 anteponenda
972 2008 1077 2053 est.
1118 2000 1223 2055 Sed
1255 2003 1379 2069 quis
1420 2016 1527 2055 non
1554 2002 1805 2065 miretur,

204 2079 320 2122 tres
383 2071 530 2123 viros
563 2070 914 2124 doctissimos
952 2086 1058 2123 non
1106 2072 1559 2126 animadvertisse
1620 2073 1806 2124 vitium

210 2139 379 2205 hujus
432 2142 557 2205 loci,
598 2158 699 2195 nec
727 2141 927 2195 vidisse
962 2156 1058 2211 pro
1087 2142 1194 2194 ἀπὸ
1218 2142 1429 2194 ταύτων
1455 2142 1805 2196 scribendum

209 2226 339 2281 esse
367 2211 509 2263 κατὰ
547 2212 773 2264 τούτων.
837 2212 891 2263 Id
924 2220 1011 2281 est
1057 2220 1251 2264 contra
1295 2214 1393 2265 hos
1435 2213 1681 2280 quinque
1712 2211 1805 2281 qui

208 2280 364 2352 missi
392 2282 615 2334 fuerant
648 2296 675 2334 a
712 2282 921 2352 synodo
974 2280 1101 2352 Tyri
1139 2282 1193 2352 in
1233 2280 1549 2346 Mareotem,
1592 2293 1807 2336 senten-

205 2349 282 2422 tia
338 2350 445 2403 lata
509 2360 595 2422 est
645 2353 700 2404 in
744 2349 959 2422 'synodo
1016 2349 1351 2405 Serdicensi.
1404 2353 1543 2405 Nihil
1600 2356 1807 2406 certius

206 2419 311 2493 hac
338 2420 736 2493 emendatione,
778 2419 939 2491 quam
971 2422 1255 2475 conﬁrmat
1286 2424 1513 2492 epistola
1548 2423 1806 2493 synodica

206 2488 459 2561 ejusdem
521 2493 738 2546 concilii
768 2488 869 2557 ;'iu
911 2508 1017 2561 qua
1064 2500 1247 2546 tamen
1308 2488 1454 2546 nulla
1492 2494 1548 2547 tit
1580 2488 1806 2546 'nientio

209 2559 381 2633 Maris
411 2560 875 2633 Chalcedonensis
903 2559 1168 2633 episcopi,
1200 2563 1346 2633 quod
1381 2566 1514 2619 satis
1543 2563 1734 2617 miror.

312 2631 382 2703 Οζ
429 2632 496 2683 ἐν
535 2631 610 2699 τῇ
668 2634 909 2697 συνόδῳ
940 2631 1194 2697 λβιὸλιά.
1251 2632 1507 2703 Intelligit
1560 2634 1805 2688 libellum

239 2701 606 2758 atisfactionis
643 2720 803 2772 quem
830 2705 1088 2758 l‘rsacius
1126 2713 1181 2756 et
1207 2703 1403 2758 Valens
1438 2701 1603 2757 ‘Julio
1656 2705 1811 2758 ohtu-

208 2773 416 2833 lerunt.
476 2784 698 2829 orantes
730 2783 790 2827 ut
829 2776 883 2828 in
916 2776 1358 2827 communionem
1410 2776 1805 2843 reciperentur.

209 2844 354 2897 Cave
381 2852 561 2897 autem
605 2846 878 2914 intelligas
918 2845 1165 2914 libellum
1220 2846 1364 2897 lnmc
1405 2846 1646 2898 ohlatum
1677 2859 1805 2899 esse

210 2914 266 2966 in
306 2914 517 2982 synodo
545 2913 875 2981 Serdicerisi.
906 2913 1133 2969 Oblatus
1163 2923 1247 2968 est
1283 2915 1428 2968 enim
1453 2916 1638 2969 Romae
1663 2914 1808 2969 Julio

215 2998 395 3050 papae.
431 2994 491 3037 ut
526 2986 683 3039 docet
714 2987 1048 3056 Athanasius
1076 2987 1139 3056 in,
1172 2986 1416 3039 secundo
1466 2987 1806 3056 Apologetico

212 3062 406 3107 contra
446 3056 699 3120 Arianos,
745 3055 983 3108 llilarius
1010 3056 1061 3108 in
1104 3055 1446 3123 Fraginentis
1476 3066 1526 3109 et
1553 3056 1809 3110 Socrates

209 3123 775 3195 atqueSozomenns.
814 3127 1036 3178 biennio
1064 3134 1183 3192 post
1220 3126 1488 3195 synodum
1521 3126 1809 3181 Serdicen-

212 3208 355 3267 sein.
394 3193 555 3267 idest
586 3211 729 3250 anno
770 3195 1129 3267 Cliristi75t9.
1158 3193 1339 3260 Quare
1370 3196 1561 3267 synodi
1588 3198 1810 3252 nomine

211 3263 676 3336 hicintelligeuda
708 3274 791 3321 est
821 3266 1061 3336 synodus
1098 3262 1361 3319 llomana.

291 3334 362 3387 Ἦ
394 3334 524 3400 τοῖς(
561 3336 679 3389 νῦν
701 3334 924 3389 τούτων
958 3336 1579 3403 καταψηφισαμένοις.
1623 3337 1809 3391 Serdi-

215 3418 415 3474 censes
445 3405 632 3460 Patres
656 3408 928 3474 intelligit,
953 3420 982 3457 a
1003 3406 1205 3473 quibus
1251 3403 1511 3460 Uisacius
1532 3420 1583 3462 et
1609 3407 1812 3463 Valens

213 3489 279 3527 ac
310 3472 630 3531 Theodorus
700 3472 915 3529 fuerant
971 3474 1344 3534 condemnati.
1422 3485 1481 3529 ut
1540 3478 1805 3533 discimus

214 3561 281 3617 ex
334 3546 579 3617 epistola
640 3547 902 3617 synodica
963 3544 1182 3617 concilii
1242 3544 1607 3603 Serdicensis.
1668 3550 1811 3603 Sane

214 3616 350 3668 illud
394 3614 691 3670 notandum
716 3624 823 3675 est.
865 3631 940 3687 es
977 3614 1219 3687 quinque
1243 3619 1518 3685 episcopis
1546 3634 1685 3687 quos
1713 3634 1809 3672 su-

216 3700 324 3759 pra
376 3687 822 3759 conmiemoravit
857 3684 1131 3759 Liberius,
1160 3692 1273 3759 tres
1297 3684 1506 3759 tantum
1527 3684 1648 3743 illos
1672 3705 1809 3759 quos

215 3755 350 3814 diai.
380 3756 434 3807 in
496 3755 805 3811 Sertlicensi
864 3753 1099 3808 concilio
1163 3754 1335 3809 fuisse
1387 3753 1703 3812 damnatos:
1740 3759 1810 3813 De

218 3825 506 3891 'l’heoguio
537 3834 718 3880 autem
748 3837 804 3897 et
845 3826 982 3878 Mari
1044 3826 1184 3897 nihil
1212 3827 1417 3879 dicitur
1456 3828 1509 3879 in
1573 3829 1809 3897 epistola

219 3897 489 3963 synodica
530 3914 541 3949 :
583 3898 707 3949 ideo
737 3896 967 3949 fortasse
1025 3896 1169 3960 quiod
1205 3898 1387 3949 ininus
1423 3898 1568 3951 noxii
1616 3896 1812 3952 essent

216 3980 385 4031 quam
417 3967 610 4035 reliqui
640 3976 789 4031 tres;
820 3972 873 4019 et
900 3965 1026 4033 quia
1058 3963 1374 4035 Theognius
1403 3967 1514 4035 jam
1571 3984 1637 4023 ex
1670 3970 1810 4023 vivis

217 4046 554 4089 excesserat.

346 4108 875 4177 Συλλογισάμενος
911 4104 1033 4177 τὸν.
1072 4105 1357 4168 βασιλέα.
1424 4104 1544 4160 Jam
1603 4108 1809 4175 pridem

216 4174 368 4229 hunc
407 4173 583 4230 locum
618 4173 702 4231 sic
733 4173 1130 4233 emendandum
1176 4190 1298 4245 esse
1330 4173 1687 4245 conjeceram.
1726 4179 1811 4239 Ὠς

216 4245 751 4315 συλαγωγησάμενος
800 4246 888 4299 τὸν
932 4245 1175 4315 βασιλέα.
1237 4244 1597 4314 Νθψιθίεηίιιι
1629 4247 1812 4301 Grmce

220 4316 331 4387 dici
359 4314 523 4382 posse
550 4319 807 4371 existimo
838 4314 1247 4387 συλλογίζεσθαι
1278 4332 1397 4369 τινα
1426 4334 1526 4387 pro
1548 4333 1811 4387 superare

218 4386 461 4453 aliquem
503 4387 867 4455 disputando;
908 4386 1396 4456 ωλᾲαγωγιῖνᾼνθτο
1424 4386 1631 4456 (ιριὶηιιέ
1671 4388 1812 4441 dici-

219 4467 331 4527 tur.
361 4456 451 4508 Sic
482 4454 625 4509 enim
665 4456 945 4527 apostolus
993 4454 1193 4527 Paulus
1231 4454 1367 4527 dixit
1392 4454 1519 4527 :Mﬁ
1552 4474 1634 4520 τις
1670 4458 1812 4527 ὑμᾶς

221 4526 627 4595 συλαγωγήση·
695 4525 776 4579 Ne
806 4526 939 4595 quis
975 4542 1061 4577 vos
1116 4524 1372 4595 decipiat.
1412 4524 1566 4581 Ferri
1630 4524 1809 4581 tamen

224 4605 401 4663 potest
440 4592 656 4663 vulgata
700 4592 880 4651 lectio.
920 4592 1009 4647 Sic
1037 4594 1181 4648 enim
1220 4598 1461 4663 loquitur
1492 4596 1808 4653 Theodore-

220 4674 312 4719 tus
354 4666 407 4717 in
453 4666 744 4729 Philotheo,
780 4682 902 4737 cap.
944 4669 977 4718 8
1009 4683 1020 4718 :
1054 4663 1144 4733 Τῷ
1167 4666 1264 4735 τῆς
1301 4666 1596 4734 ἀπολογίας
1621 4669 1811 4737 δικαίῳ

221 4735 616 4786 συλλογισοείε.

221 4736 616 4802 συλλογισοείς.

294 4805 716 4878 Καταΰικάζεις
742 4806 1090 4878 ἄνθρωςτον.
1110 4802 1282 4878 Magis
1316 4806 1499 4874 placet
1527 4809 1809 4878 scriptura

223 4876 438 4929 codicis
476 4878 735 4946 Allatiani
795 4874 1200 4946 καταδικάζετε.
1241 4875 1412 4929 Paulo
1449 4886 1573 4946 post
1621 4874 1685 4933 ex
1712 4895 1810 4933 eo-

222 4949 346 4999 dem
372 4944 564 4999 codice
592 4947 871 5001 emendavi
898 4944 1270 5015 προχωρῆσαι,
1306 4947 1395 5000 ubi
1414 4944 1569 5002 antea
1593 4948 1809 5015 legeba-

225 5026 313 5068 tur
367 5018 730 5085 προχειρισαι.
787 5016 959 5083 Quam
1018 5016 1458 5071 emendationem
1523 5020 1809 5074 conﬁrmat

226 5088 368 5139 alter
392 5102 455 5138 ex
497 5088 779 5143 codicibus
824 5087 1006 5155 regiis.

316 5155 428 5208 Kal
460 5158 493 5208 ό
519 5154 1005 5224 anastomotica-oc
1044 5154 1263 5211 αὐτῶν.
1302 5157 1656 5214 Camerarius
1686 5176 1807 5215 vcr-

224 5225 292 5278 tit
324 5237 371 5278 et
403 5225 699 5293 defensores
726 5245 925 5281 eorum.
958 5228 1013 5280 Id
1043 5236 1144 5289 est.
1200 5235 1307 5281 tam
1342 5231 1418 5284 rei
1455 5244 1617 5297 quam
1648 5246 1809 5285 accu-

226 5302 473 5348 satorum
509 5302 719 5363 patroni
756 5312 818 5350 ac
858 5298 1269 5365 sull’ragatores.

291 5365 699 5440 Εἰσερέροντος
717 5367 793 5432 τῷ
826 5368 1124 5433 ἀνθρώπῳ.
1138 5366 1193 5419 In
1213 5372 1590 5440 manuscripto
1617 5371 1808 5425 codice

226 5433 449 5511 llenrjci
519 5437 729 5511 Savilii.
773 5451 826 5511 et
862 5440 915 5511 in
942 5440 1183 5493 editione
1241 5433 1530 5497 Basiliensi
1587 5444 1805 5511 legitur,

223 5505 497 5579 εἰσφέρῳν
525 5506 772 5579 πρὸς-κτὸν
794 5508 891 5561 ἄνθ
901 5525 1100 5579 ρωπον.

296 5576 456 5649 Κατᾲ
482 5578 868 5649 {laver-rion
888 5576 1101 5635 Mallem
1120 5583 1363 5638 scribere
1393 5582 1532 5635 κατὰ
1556 5583 1806 5649 Μαγνεν-

220 5662 249 5696 τ
260 5646 339 5696 Ξου
369 5648 464 5697 καὶ
496 5646 756 5700 Σιλϐανοῦ

295 5715 674 5795 ξςιραχθῆνοι
697 5718 1053 5795 ᾷρκιμασθῇ.
1082 5724 1136 5777 ln
1170 5724 1360 5779 codice
1394 5726 1591 5780 Leonis
1622 5723 1802 5777 Allatii

223 5787 487 5868 scribitur
520 5787 1062 5868 ταραχθῆναι-ριώᾴ
1106 5797 1273 5868 magis
1299 5798 1491 5868 placet.

322 5858 396 5911 Ἢ
445 5856 763 5930 ἐννσῆάέιιζ
799 5856 990 5920 Melius
1034 5866 1087 5919 in
1146 5856 1333 5921 codice
1368 5867 1565 5925 Leonis
1618 5870 1801 5924 Allatii

485 6016 521 6061 9

1215 418 1297 478 IN
1333 417 1716 478 TllEODOlt.
1759 417 1964 475 lllS’l‘.
2001 419 2202 478 ECL‘L.
2238 418 2490 477 LIB.I[.

3366 410 3501 477 1556

1924 535 2191 587 scribitur
2218 536 2491 604 ἔννὸησαι,
2528 534 2621 602 qui
2661 544 2744 588 est
2790 530 3030 589 aoristus
3079 535 3279 601 passivi
3331 535 3501 601 impe-

1914 607 2098 675 rativi.
2137 607 2193 658 lu
2234 606 2424 660 eodem
2462 604 2649 659 codice
2682 605 2900 675 legitur,
2935 605 3031 658 καὶ
3091 606 3139 656 sl
3167 603 3344 673 βούλει
3372 604 3499 656 ὑπι-

1910 674 2148 741 γρὰψας,
2183 684 2288 729 etc.

1980 748 2171 797 "Et"!!!
2183 747 2430 809 ιιοσίους
2446 746 2853 810 ὁλοκοτίνοιος.
2872 744 2929 797 1η
2952 746 3190 799 editione
3211 742 3499 797 Basiliensi

1908 814 2102 880 legitur
2149 816 2537 873 ὁλοκοττίνους.
2570 815 2625 867 In
2650 816 2839 870 codice
2870 816 3067 869 Leoni..-
3129 817 3332 876 Allatii,
3370 830 3503 864 πεν-

1905 885 2130 937 τακόσια
2157 886 2450 945 ὁλοκὸτινα,
2495 885 2640 951 quod
2694 901 2887 939 nomen
2934 884 3252 939 Gra‘cumne
3282 886 3370 939 sit.
3431 896 3499 935 an

1908 953 2224 1017 barharum.
2274 960 2435 1022 plane
2472 960 2693 1025 ignoro.
2737 955 2923 1021 Neque
2979 971 3123 1009 enim
3163 954 3289 1006 alibi
3320 956 3501 1025 legere

1908 1025 2150 1078 memini.
2188 1026 2473 1080 Assentior
2500 1023 2704 1081 “tamen
2770 1026 3074 1093 Epiphanio
3141 1025 3255 1091 qui,
3293 1023 3500 1077 solidos

1907 1095 2260 1157 vertit."0‘mc
2290 1097 2435 1150 enim
2488 1100 2633 1165 quod
2685 1092 2929 1166 praeeidll
2964 1100 3021 1166 in
3064 1096 3229 1163 hujus
3254 1092 3500 1166 itioniinis

1908 1166 2330 1230 compositione,
2358 1164 2594 1220 solidum
2628 1164 2924 1229 signiﬁcat.
2955 1164 3195 1219 Jacohus
3245 1165 3501 1216 Sirmun-

1910 1231 2016 1307 dus
2043 1249 2141 1301 pro
2175 1236 2509 1301 ὁλοκοτίνους
2534 1238 2707 1307 edidit
2742 1237 3052 1307 xpualvouc,
3096 1234 3242 1304 quod
3297 1230 3501 1307 nescio

1908 1304 2187 1357 undenam
2222 1306 2486 1361 hauserit.
2547 1304 2751 1362 Vocem,
2781 1304 3095 1359 ’ὀλοκότινω
3134 1304 3309 1371 reperi
3372 1312 3497 1357 tan-

1907 1373 2029 1445 dem
2062 1375 2205 1441 apud
2234 1374 2617 1445 Theophanem
2650 1379 2702 1429 in
2727 1380 2897 1443 gestis
2922 1376 3122 1428 Leonis
3145 1375 3339 1433 Isauri.
3370 1388 3496 1443 pag.

1908 1443 2032 1516 545.
2049 1443 2511 1513 Διετάξαμενλτοϊς
2530 1446 2828 1516 διοικηταῖς
2844 1449 2934 1498 καὶ
2956 1445 3279 1516 ἀπαιτοῦσιν
3306 1446 3385 1505 εἰς
3408 1460 3500 1496 κα-

1908 1512 2205 1585 νόνα-κατὰ
2232 1512 2524 1569 omnem
2550 1516 2610 1569 τὸ
2646 1512 2991 1585 μιλιαρέσιον.
3014 1514 3343 1568 Anastasius
3372 1529 3495 1567 ver-

1908 1583 2007 1634 tit:
2037 1582 2135 1635 Per
2158 1586 2391 1652 singulos
2430 1602 2619 1639 aureos
2648 1582 2935 1639 numinum
2970 1595 3271 1653 argenteum
3310 1600 3496 1637 miunt.

1980 1654 2173 1706 Γενοῦ
2205 1657 2575 1720 Χριστιανός.
2606 1656 2876 1710 Eusebius
2902 1656 3229 1723 praepositus
3257 1654 3498 1708 cubiculi

1909 1731 2024 1774 erat
2049 1726 2305 1787 Arianus,
2337 1734 2395 1777 ut
2434 1728 2619 1779 cuncti
2678 1727 2895 1780 Sciunt.
2927 1725 3199 1779 Catholici
3233 1739 3368 1776 vero
3426 1724 3499 1776 A—

1910 1793 2095 1847 rianos
2124 1810 2232 1848 non
2255 1794 2529 1848 habebant
2560 1810 2661 1861 pro
2688 1795 2813 1850 Ch?
2854 1796 3039 1849 tianis.
3067 1804 3124 1847 ut
3148 1796 3309 1847 docet
3332 1795 3499 1847 Atha-

1910 1866 2101 1933 nasius
2149 1880 2202 1917 tn
2236 1868 2468 1933 epistola
2506 1865 2572 1918 ad
2622 1865 2912 1919 Solit-rios
2955 1881 3056 1933 pag
3128 1864 3253 1921 89.9.
3292 1863 3388 1917 831
3445 1874 3499 1918 et

1909 1932 2033 2006 _836.
2056 1931 2223 2006 _ldem
2274 1931 2438 1989 ‘docet
2467 1933 2832 2005 Hieronymus
2866 1938 2918 1988 in
2951 1931 3172 2006 dialogo
3230 1934 3499 1993 adversus

1908 2002 2292 2059 Luciferianos
2323 2006 2378 2059 in
2406 2002 2687 2076 principio
2708 2006 2932 2075 dialogi.

2475 2117 2541 2173 In
2568 2131 2721 2188 caput
2755 2118 2951 2173 XVII.

1984 2210 2109 2265 Τῶν
2135 2211 2204 2265 ἐν
2247 2212 2404 2266 τέλει
2444 2212 2540 2265 καὶ
2570 2212 2923 2280 ἀξιώμασιν.
2962 2212 3153 2268 Melius
3190 2210 3246 2266 in
3308 2210 3498 2266 codice

1912 2280 2094 2334 Allatii
2129 2298 2193 2334 ac.
2255 2280 2442 2337 Savilii
2477 2293 2531 2336 et
2587 2284 2641 2337 in
2681 2284 2923 2336 editione
2948 2282 3237 2338 Basiliensi
3301 2284 3498 2351 legitur

1907 2351 2421 2419 καὶάξιωματικῶν.
2451 2352 2586 2406 Sunt
2616 2363 2795 2407 autem
2840 2352 3195 2421 ἁξιωματικοὶ
3221 2353 3495 2416 honorati,

1910 2430 1971 2475 ut
2002 2424 2184 2476 notavi
2216 2424 2283 2477 ad
2320 2424 2415 2479 lib.
2454 2424 2523 2477 M
2550 2423 2823 2477 Ammiani
2853 2422 3174 2479 Marcellini.

2470 2535 2539 2591 In
2566 2546 2721 2606 caput
2751 2535 2914 2593 XIX.

1978 2626 2105 2683 Pas.
2135 2627 2224 2699 97.
2264 2629 2370 2699 Ἕκ
2398 2646 2463 2683 τε
2489 2628 2621 2697 τῆς.
2653 2628 2846 2699 Exstat
2892 2630 3006 2699 htec
3063 2628 3294 2698 epistola
3331 2642 3496 2699 syno-

1907 2697 2028 2752 dica
2062 2698 2203 2766 apud
2255 2698 2535 2754 Socratem
2571 2702 2627 2753 in
2672 2700 2768 2753 lib.
2799 2698 2861 2753 ll.
2911 2697 3186 2766 Historia,
3223 2697 3374 2768 cap.'
3401 2697 3492 2760 37,

1908 2768 2003 2839 ubi
2034 2771 2156 2823 vide
2182 2771 2226 2823 si
2261 2773 2440 2838 placet
2469 2786 2591 2839 qure
2627 2770 2831 2839 notavi.

1980 2838 2108 2893 Pac.
2141 2839 2226 2894 98.
2259 2838 2520 2893 ’Ἄτοπον
2558 2838 2944 2907 ὲνομῖσημεν.
2974 2839 3211 2894 Verbum
3236 2838 3493 2908 ὲνομῑςα-

1912 2924 2010 2977 μεν
2036 2911 2190 2964 deest
2220 2911 2273 2965 in
2308 2911 2495 2965 codice
2512 2905 2712 2965 Leonis
2735 2905 2916 2963 Allatii
2944 2920 2999 2965 et
3032 2912 3085 2964 in
3120 2905 3360 2965 editione
3394 2905 3498 2960 lla-

1908 2980 2138 3051 siliensi,
2176 2996 2274 3033 nec
2320 2982 2552 3037 habetur
2571 2980 3092 3051 apudAthanasinm
3117 2989 3167 3036 et
3189 2981 3493 3041 Socratem,

1911 3059 1969 3103 ut
1996 3050 2109 3105 illic
2132 3051 2339 3105 notavi.

2510 3143 2576 3198 In
2608 3152 2767 3213 caput
2794 3142 2921 3197 XX.

1979 3236 2237 3300 PAGJOO.
2256 3238 2440 3292 Ἀλλὰ
2462 3237 2588 3305 μὴν
2615 3236 2812 3291 ἐκεῖνο
2834 3237 2863 3291 ὃ
2883 3231 3499 3307 ἀπηγγέλμεθαποιιιδ

1912 3306 1997 3377 hic
2021 3308 2171 3361 locus
2201 3310 2353 3377 longe
2371 3308 2529 3377 aliter
2555 3309 2753 3375 legitur
2776 3309 2916 3374 apud
2934 3306 3210 3362 Socratem
3236 3310 3288 3361 in
3313 3310 3387 3363 lib
3429 3309 3493 3372 ll,

1913 3376 2186 3436 Ilistorim.
2218 3376 2336 3445 cap.
2369 3378 2457 3432 57.
2501 3376 2604 3430 Sed
2634 3387 2686 3430 et
2744 3380 3011 3432 universa:
3040 3380 3286 3447 epistolae
3330 3380 3499 3431 inter-

1912 3448 2144 3515 pretatio
2168 3450 2395 3500 multum
2427 3448 2700 3516 discrepat
2730 3448 2798 3501 ab
2827 3449 2929 3502 hac
2956 3451 3211 3503 versione
3242 3448 3493 3501 Theodo-

1910 3518 2030 3571 t‘cti.
2062 3517 2306 3572 Socratis
2342 3519 2645 3587 versionem
2687 3517 2741 3571 in
2775 3519 3047 3587 excerptis
3083 3534 3177 3573 seu
3234 3519 3495 3572 collecta-

1913 3588 2028 3641 neis
2094 3589 2211 3641 suis
2286 3589 2469 3656 posuit
2556 3586 2877 3641 Theodorus
2944 3586 3166 3647 lector.
3220 3602 3287 3640 eo
3348 3590 3496 3656 quod

1912 3657 2210 3725 elegantior
2266 3654 2412 3712 esset
2446 3672 2540 3726 ac,
2569 3658 2782 3726 planior
2826 3658 2995 3712 altera
3037 3659 3124 3711 illa
3167 3654 3495 3712 Theodereti

1914 3724 2183 3780 versione.
2215 3728 2483 3782 Cancrum
2522 3724 2768 3781 socratis
2819 3728 3201 3796 interpretatio
3266 3728 3499 3780 habetur

1911 3800 2071 3849 etiam
2107 3796 2246 3863 apud
2279 3797 2635 3851 Athanasium
2687 3796 2751 3850 ad
2785 3798 2988 3852 ealcem
3021 3797 3143 3851 libri
3179 3797 3251 3850 De
3276 3797 3494 3865 synodis

1912 3868 2142 3938 Arimini
2171 3877 2221 3919 et
2252 3865 2669 3938 Seleuciw.i_Pro
2702 3868 2866 3923 verbo
2902 3866 3299 3938 ἀπηγγέλμεθα
3321 3868 3495 3921 codex

1915 3936 2102 3990 Savilii
2134 3937 2294 3990 habet
2327 3936 2735 4007 ὲπηγγέλμεοα.

2429 4027 2495 4082 lu
2518 4038 2675 4099 caput
2734 4028 2929 4083 XXII.

1983 4120 2111 4174 Pac.
2150 4119 2271 4173 102.
2311 4120 2620 4188 Ἀδελφοῖς
2672 4121 2795 4185 τοῖς
2846 4121 2917 4173 ἐν
2970 4119 3285 4188 ’1.Μυρικῷ
3324 4124 3495 4175 καθε-

1914 4190 2161 4243 στῶσιν.
2183 4190 2305 4243 Ha>c
2333 4191 2562 4260 epistola
2594 4191 2805 4245 Damasi
2830 4205 3001 4260 papae.
3028 4206 3203 4260 nuper
3231 4193 3373 4247 edita
3409 4202 3495 4246 est

1915 4260 1967 4311 in
2001 4261 2322 4313 collectione
2355 4259 2595 4313 Romana
2648 4259 2806 4315 Lucae
2844 4259 3133 4324 llolstenii’,
3179 4277 3302 4330 pag.
3340 4262 3441 4315 165
3477 4282 3490 4316 :

1914 4330 2008 4381 sed
2044 4331 2236 4384 titulus
2269 4330 2517 4399 epistola:
2547 4332 2706 4383 aliter
2736 4330 2805 4383 ibi
2837 4331 3324 4399 concipitnrquani
3351 4334 3491 4399 apud

1917 4399 2345 4460 Theodoretum.
2381 4400 2483 4454 hoc
2534 4400 2742 4453 scilicet
2777 4401 2939 4453 modo
2973 4419 2984 4452 :
3020 4400 3305 4460 Damasus.
3343 4400 3494 4454 Vale-

1916 4470 2119 4529 rianus.
2170 4468 2470 4522 Vitalianus
2506 4478 2555 4521 et
2579 4471 2757 4523 caeteri
2789 4471 2881 4538 qui
2914 4469 2983 4522 ad
3023 4470 3337 4523 audiendam
3361 4488 3492 4524 cnu-

1913 4555 2029 4591 sam
2065 4540 2333 4603 Auxentii,
2355 4540 2815 4607 exponendamque
2848 4540 3026 4605 ﬁdem.
3066 4540 3119 4592 in
3159 4541 3284 4594 urbe
3320 4539 3491 4595 Roma

1913 4620 2278 4662 convenerunt.
2316 4610 2571 4677 episcopis
2603 4610 2877 4664 catholicis
2928 4626 3020 4676 per
3066 4609 3330 4663 Orientem
3368 4627 3493 4664 cou-

1913 4679 2116 4733 stitutis
2146 4681 2199 4731 in
2222 4679 2443 4731 Domino
2492 4680 2739 4733 salutem.
2786 4682 2894 4746 ligo
2948 4680 2999 4733 in
3031 4681 3490 4734 Adnotationibns

1914 4750 1980 4801 ad
2016 4750 2109 4801 lib.
2152 4748 2185 4802 6
2217 4747 2464 4811 Sozom.,
2517 4764 2637 4819 cap.
2689 4750 2780 4815 25,
2826 4749 2939 4817 jam
2977 4752 3186 4812 monui,
3245 4766 3487 4805 errorem

1912 4833 2034 4872 esse
2076 4819 2128 4871 in
2164 4819 2489 4872 collectione
2518 4818 2787 4881 Romana.
2845 4821 2933 4873 ubi
2972 4820 3088 4873 hare
3120 4820 3347 4888 epistola
3386 4819 3489 4872 Da-

1913 4890 2048 4942 masi
2076 4888 2278 4955 scripta
2309 4903 2432 4959 esse
2454 4888 2660 4942 dicitur
2682 4890 2746 4943 ad
2766 4892 3052 4958 episcopos
3077 4905 3173 4959 per
3210 4889 3486 4945 Orientem

1913 4959 2271 5012 constitutos.
2297 4957 2555 5013 Consulet
2593 4961 2754 5026 igitur
2785 4957 3363 5014 lector’adnotationes
3392 4976 3488 5012 no-

1913 5039 2078 5091 stras,
2117 5043 2183 5081 ne
2215 5028 2303 5081 hic
2343 5037 2590 5098 repetere
2616 5044 2885 5100 cogamur
2910 5046 2972 5085 ea
3003 5044 3124 5100 quae
3155 5031 3265 5085 illic
3294 5031 3487 5084 obser-

1911 5114 2177 5150 V8VIIIIIIS.

1988 5170 2106 5233 Τὴν
2132 5169 2307 5235 ἁγίαν
2357 5168 2567 5221 πίστιν
2617 5168 2802 5237 ὑμῶν.
2834 5168 2886 5221 In
2920 5184 3023 5224 ms.
3048 5170 3235 5224 codice
3270 5170 3485 5225 Henrici

1914 5239 2097 5311 Savihi
2128 5248 2199 5311 et,
2230 5240 2281 5291 in
2318 5239 2559 5311 editione
2590 5239 2875 5311 Basiliensi
2902 5240 3097 5307 legitur
3131 5241 3307 5311 ἡμῶν,
3342 5257 3483 5310 quo-

1913 5310 2074 5362 modo
2130 5310 2293 5361 etiam
2325 5310 2592 5363 scribitur
2630 5313 2773 5377 apud
2813 5309 3181 5364 Sozomenum
3216 5329 3267 5364 III
3304 5309 3397 5365 liti.
3430 5311 3484 5373 6.

1910 5394 2028 5448 cap.
2058 5378 2147 5431 ‘23.
2183 5379 2293 5431 Nec
2330 5380 2487 5432 aliter
2518 5380 2642 5443 legit
2694 5379 3031 5449 Epiphanius
3090 5380 3483 5447 Scholasticus,

1913 5458 1970 5503 ut
2000 5466 2061 5500 ex
2099 5449 2349 5501 versione
2376 5450 2493 5517 ejus
2516 5462 2760 5517 apparet.

2020 5520 2246 5585 Ταύτην
2279 5518 2431 5586 ὑμᾶς
2470 5523 2762 5588 κατέχειν.
2796 5518 2852 5573 In
2891 5520 3079 5575 codice
3113 5519 3309 5573 Leonis
3336 5520 3484 5573 Alla-

1910 5590 1968 5643 tii
2002 5599 2054 5643 et
2084 5590 2223 5657 apud
2247 5589 2608 5642 S-izomenum
2632 5592 2787 5644 deest
2813 5592 3131 5645 vocabulum
3154 5591 3320 5658 ὑμᾶς,
3339 5592 3484 5658 quod

1910 5670 2091 5713 tamen
2139 5660 2508 5714 necessarium
2568 5662 2785 5715 videtur
2839 5663 2882 5714 si
2930 5663 2982 5714 in
3014 5661 3194 5728 priore
3233 5662 3480 5714 meinbro

1911 5731 2203 5795 legerimus
2232 5730 2331 5799 τὴν
2357 5730 2515 5796 ἁγίαν
2538 5731 2718 5783 πίστιν
2744 5729 2917 5799 ἡμῶν.
2944 5731 3101 5785 Certe
3150 5729 3483 5799 Epiphanius

1907 5800 2296 5863 Scholasticus,
2338 5802 2429 5869 qui
2468 5801 2645 5869 priore
2674 5802 2791 5855 loco
2849 5802 3029 5853 πίστιν
3079 5801 3231 5870 ἡμῶν
3260 5803 3481 5872 legerat,

1910 5872 2053 5940 ὑμᾶς
2076 5872 2159 5926 hic
2196 5872 2341 5942 legit.
