4216 6456
698 395 833 456 1555

766 503 899 558 PAO.
930 503 1055 557 105.
1105 502 1575 573 Κατακεκρξσθαι
1602 505 2059 573 προγέγραπται.
2094 508 2274 561 (Iudex

697 576 894 646 Savilii
925 582 981 646 ct
1019 573 1339 646 Basilici-sis
1370 571 1538 625 editio
1570 573 1773 646 habent
1798 571 2279 646 ξτὲροσγέγραπται.

699 643 993 714 lntelligit_
1025 650 1207 714 autem
1245 642 1512 695 Damasus
1579 642 1912 697 Auxentium
1969 642 2080 714 jam
2123 656 2283 701 antea

698 717 769 767 ob
805 712 1053 766 haeresim
1090 712 1561 781 Arianantsa‘pius
1601 714 1917 767 damnatum
1952 712 2142 778 fuisse,

772 786 877 836 Καὶ
911 784 966 835 οἱ
1000 781 1068 834 ἐκ
1098 782 1208 846 τῆς
1249 782 1541 850 Ῥωμαίων
1573 783 1909 850 ἁγιωτάτης
1936 786 2280 841 ἐπίσκοποι.

696 856 831 906 'i‘ota
868 854 980 906 haec
1045 853 1301 921 pericope
1333 855 1487 906 deest
1521 855 1573 906 in
1618 854 1806 907 codice
1844 855 2119 908 Saviliano
2149 865 2204 909 et
2231 859 2283 910 in

697 925 939 976 editione
968 923 1283 983 Basiliensi,
1313 939 1415 976 nec,
1457 924 1688 976 habetur
1740 927 1882 992 apud
1918 925 2282 980 Sozomenum

700 1009 801 1048 nec
853 992 998 1061 apud
1049 992 1414 1060 Epiphanium
1459 993 1879 1049 Scholasticum.
1915 995 1968 1048 In
2037 995 2284 1050 Romana

696 1074 879 1118 ta-ncu
934 1064 1259 1117 collemione
1314 1066 1566 1129 leguntur
1615 1064 1730 1117 haec
1810 1066 2285 1132 verba:1iIaiores

700 1136 868 1187 nostri
902 1148 1139 1187 cccxvm
1189 1134 1440 1200 episcopi,
1491 1143 1645 1197 atque
1688 1150 1753 1187 ea:
1802 1145 1954 1199 parte
2000 1140 2082 1189 sic
2139 1137 2282 1198 lego,

700 1204 1029 1257 sanctissimi
1087 1204 1317 1270 episcopi
1341 1203 1488 1256 urbis
1540 1203 1719 1258 Roma:
1750 1204 1962 1266 directi,
1996 1206 2137 1273 apud
2184 1205 2287 1258 Νἱι

698 1292 864 1327 (mam
896 1276 1133 1343 conjecto
1167 1274 1412 1335 concilio,
1446 1274 1593 1343 ihunc
1617 1291 1825 1327 murum
1858 1276 2109 1330 adversm
2134 1292 2288 1329 arma

698 1344 967 1398 diabolica
1000 1342 1348 1397 struxerunt.
1412 1342 1528 1397 Non
1585 1345 1750 1413 igitur
1809 1347 1929 1399 sine
1952 1362 2118 1399 causa
2176 1346 2290 1399 lucc

698 1417 867 1469 verba
911 1414 1198 1484 retinenda
1222 1430 1344 1469 esse
1373 1414 1587 1468 censui.
1614 1415 1851 1468 'l'antum
1885 1431 1981 1484 pro
2008 1430 2139 1469 voce
2164 1415 2289 1466 ὲπί-

701 1502 918 1544 σκοποι.
979 1501 1041 1538 ex
1112 1483 1442 1547 Sozomeno,
1506 1484 1810 1551 Epiphanio
1871 1483 1933 1537 ac
2002 1484 2289 1539 Theodoro

699 1556 923 1613 lectore,
948 1554 1233 1608 emendavi
1284 1554 1573 1607 ἐπίλεκτοι.
1610 1555 1665 1606 lu
1702 1570 1809 1622 quo
1854 1554 2131 1610 studiosos
2202 1556 2288 1608 le-

699 1635 883 1679 ctores
906 1625 1036 1677 mihi
1064 1640 1392 1679 assensuros
1420 1640 1543 1678 esse
1575 1626 1811 1678 conﬁdo.
1842 1625 1955 1679 Non
1977 1627 2122 1679 enim
2176 1626 2293 1693 epi-

699 1696 851 1763 scOpi
884 1710 912 1747 a
947 1695 1073 1749 sede
1113 1694 1357 1747 Romana
1388 1696 1453 1746 ad
1485 1696 1776 1749 concilium
1808 1695 2084 1749 Nicaenum
2138 1696 2291 1751 missi

704 1778 854 1838 sunt;
909 1766 1001 1819 scd
1040 1765 1345 1835 presbyteri
1374 1765 1497 1819 Vito
1526 1773 1580 1820 et
1620 1766 1964 1821 Vincentius.

1255 1877 1319 1931 In
1346 1888 1501 1947 caput
1529 1876 1763 1932 XXIII.

773 1973 901 2026 PAG.
925 1972 1041 2026 104.
1060 1973 1163 2026 Καὶ
1181 1972 1261 2037 ὡς
1281 1970 1547 2040 δράματα
1564 1972 1649 2041 μὴ
1670 1973 1890 2040 ἔχοντα
1914 1974 2115 2040 ἰσχύν.
2137 1971 2295 2027 Jaco-

701 2043 807 2096 hus
856 2044 1189 2098 Sirmundus
1244 2042 1535 2112 δράγματα
1571 2044 1884 2097 emendavit
1938 2059 2002 2098 ex
2052 2042 2295 2112 Epistola

701 2114 988 2168 Athanasii
1029 2115 1094 2168 ad
1131 2112 1314 2167 Afros.
1354 2114 1461 2167 Sed
1530 2114 1829 2167 videndum
1861 2129 1929 2168 ne
1961 2114 2295 2169 Athanasius

705 2185 891 2250 potius
920 2185 1297 2238 emendandus
1332 2185 1405 2238 sit
1436 2198 1501 2237 ex
1532 2183 1897 2239 Theodoreto.
1929 2182 2115 2253 Neque
2148 2184 2293 2237 enim

702 2255 952 2323 intelligo
1010 2255 1289 2321 quomodo
1345 2253 1675 2307 Arianorum
1733 2254 1928 2323 synodi
1985 2253 2293 2321 comparari

706 2315 920 2381 nossin't
955 2315 1253 2389 manipulis
1282 2325 1389 2378 vim
1423 2339 1529 2378 nou
1560 2315 1887 2379 habentibus
1930 2340 1944 2376 :
1975 2315 2132 2394 quasi
2178 2338 2294 2394 ma-

704 2395 877 2463 nipuli
941 2394 1048 2448 vim
1110 2394 1311 2448 habere
1367 2394 1604 2464 possint.
1659 2394 1849 2459 Itaque
1899 2393 2075 2463 magis
2119 2393 2295 2463 probo

707 2464 1042 2531 scripturam
1093 2465 1345 2518 codicum
1378 2474 1713 2519 nostrorum.
1743 2464 1914 2519 Recte
1963 2467 2109 2519 enim
2141 2464 2297 2517 Aria-

707 2551 902 2588 norum
937 2534 1186 2589 lormulre
1217 2542 1606 2606 comparantur
1637 2536 1837 2589 fabulis
1866 2551 1976 2606 seu?
1996 2536 2291 2606 ﬁgmentis.

706 2606 863 2674 Apud
904 2606 1263 2659 Athanasium
1324 2605 1522 2672 legitur
1550 2606 1603 2658 in
1659 2606 1923 2675 singulari
1950 2605 2050 2668 ὡς
2080 2605 2300 2675 δράγμᾳ.

712 2676 866 2743 ἰςχὺν
916 2676 1015 2727 οὐκ
1044 2676 1189 2744 ἕχον.
1221 2676 1313 2729 Sic
1342 2677 1506 2729 etiam
1545 2677 1598 2729 in
1638 2674 1825 2732 codice
1863 2676 2060 2731 Leonis
2116 2674 2300 2728 Allatii

706 2746 981 2817 setjbitur
1004 2747 1080 2808 ὼς
1106 2746 1289 2817 δρᾶμᾳ
1342 2745 1415 2816 μὴ
1444 2745 1564 2817 ἕχον
1588 2746 1758 2815 ἰσχύν.

778 2815 1050 2872 PAGJOS.
1089 2813 1192 2870 Kal
1215 2813 1325 2881 τὰς
1343 2813 1470 2884 ’πὰρ
1489 2813 1755 2872 ἐκείνων.
1775 2816 1831 2871 In
1860 2816 1991 2871 edit.
2018 2814 2154 2869 Rob.
2179 2813 2301 2868 Ste-

709 2888 875 2955 phani
909 2902 1032 2956 pag.
1067 2886 1192 2943 104.
1219 2896 1274 2940 et
1307 2889 1359 2940 in
1378 2887 1545 2940 Basil.
1574 2888 1775 2955 legitur
1805 2888 1896 2941 καὶ
1913 2887 1982 2940 τὰ
1998 2888 2126 2956 παρ’
2163 2884 2300 2938 ἐκει-

707 2972 835 3012 νων.
862 2955 1026 3010 Primi
1044 2956 1391 3013 Geuevenses
1412 2957 1731 3027 typographi
1748 2958 1846 3021 τὰς
1860 2955 2085 3010 emenda
2096 2964 2219 3009 runt
2234 2970 2301 3008 ex

708 3027 993 3080 Athanasii
1021 3026 1252 3097 epistola
1282 3028 1347 3081 ad
1380 3026 1565 3082 Afros.
1587 3028 1768 3082 Altera
1818 3038 1994 3081 tamen
2026 3029 2301 3097 scriptura

709 3097 929 3150 tolerari
969 3107 1166 3166 potest.
1195 3096 1481 3153 Praecessit
1522 3098 1689 3156 enim,
1720 3098 1790 3149 τὰ
1812 3096 1868 3149 δὲ
1898 3097 1956 3149 ὲν
1997 3098 2063 3166 τῇ
2104 3096 2294 3165 Θρᾴκῃ

710 3167 1047 3237 πραχθέντα.
1075 3176 1183 3221 etc.
1218 3166 1391 3222 Paulo
1421 3177 1562 3237 post,
1598 3168 1690 3222 ubi
1741 3168 2020 3233 legebatur
2050 3167 2144 3220 καὶ
2168 3168 2299 3237 ὁμο-

709 3236 1062 3307 λογήσαντες,
1090 3239 1371 3308 emendavi
1399 3236 1777 3308 ὡμολόγησαν,
1798 3245 1856 3291 ut
1876 3237 2076 3308 legitur
2105 3239 2157 3290 in
2185 3236 2302 3291 edi-

717 3310 868 3362 tione
898 3307 1214 3374 Basilicnsi,
1249 3317 1302 3362 et
1338 3307 1480 3379 apud
1514 3307 1897 3362 Athanasium.

1250 3420 1315 3476 In
1347 3422 1517 3489 Caput
1539 3420 1752 3475 XXIV.

785 3514 914 3568 PAG.
974 3514 1095 3568 106.
1154 3514 1495 3583 Αὐτουργός
1538 3515 1873 3583 γενόμενος
1916 3512 2025 3578 τῆς
2054 3513 2300 3580 τόλμης.

714 3583 889 3653 Magis
918 3586 1099 3653 placet
1126 3582 1406 3654 scriptura
1437 3582 1601 3652 quam
1654 3585 1706 3637 in
1742 3582 1911 3654 variis
1965 3583 2301 3654 lectionibus

716 3655 787 3709 ad
814 3652 1029 3709 calcem
1065 3652 1327 3709 editionis
1353 3670 1467 3708 suae
1499 3654 1751 3708 exhibuit
1774 3652 2046 3707 Robertus
2073 3652 2308 3721 Stepha-

718 3741 826 3779 nus
853 3740 921 3779 ex
963 3726 1136 3779 altero
1166 3723 1358 3779 codice
1389 3724 1540 3795 regio
1568 3725 1666 3791 τῆς
1694 3726 1890 3795 τομῆς.
1919 3722 2177 3795 Intelligit
2208 3738 2309 3795 au-

713 3805 823 3850 tem
848 3795 1229 3851 'l‘heodoretus
1248 3792 1513 3849 cauoueiu
1553 3795 1791 3862 primum
1816 3793 2046 3849 Concilii
2078 3792 2304 3861 Nicmni,

714 3868 808 3934 qui
839 3876 923 3921 est
961 3868 1028 3921 de
1059 3866 1145 3919 his
1185 3866 1278 3934 qui
1312 3880 1370 3919 se
1402 3864 1780 3918 absciderunt.

789 3936 1238 4004 Κεκωλυμένος.
1265 3935 1319 3988 In
1356 3935 1488 3989 edit.
1522 3934 1687 3989 Basil.
1723 3949 1985 3988 excusum
2010 3940 2096 3988 est
2132 3950 2309 3987 κεκω-

713 4006 958 4074 λυμένως
993 4007 1400 4074 adverbialiter,
1435 4004 1580 4074 quod
1615 4006 1787 4071 magis
1818 4009 2013 4074 placet.

785 4072 904 4143 Τὴν
925 4075 1043 4146 μὲν
1070 4077 1141 4129 δι’
1164 4072 1236 4133 οὗ
1276 4072 1581 4143 πρόθεσιν.
1615 4072 1930 4146 Joachimns
1963 4073 2311 4129 Camerarius

718 4150 774 4203 in
809 4144 1064 4216 margine
1095 4148 1365 4201 versionis
1393 4164 1504 4200 sum
1525 4148 1793 4216 lectorem
1820 4144 2129 4216 admonuit,
2172 4147 2312 4216 seri-

718 4211 963 4286 lienduni
988 4232 1111 4271 esse
1146 4217 1233 4269 διὰ
1266 4234 1373 4271 non
1403 4218 1467 4270 δι’
1493 4211 1578 4281 οὗ,
1619 4230 1779 4286 quem
1821 4225 2043 4286 secutus
2070 4213 2311 4286 Iacobus

730 4283 1063 4345 Sirmundus
1116 4289 1167 4340 in
1239 4289 1481 4341 editione
1531 4283 1760 4341 suaibta
1804 4284 2045 4338 excudit.
2110 4283 2308 4339 Verum

721 4370 949 4427 uterque
983 4358 1093 4411 i'alli
1139 4358 1287 4427 mihi
1323 4358 1561 4427 videtur.
1619 4355 1890 4427 Pularunt
1921 4354 2067 4408 enim
2103 4356 2311 4424 gloriﬁ-

719 4426 997 4483 ratio’uem
1032 4443 1127 4482 seu
1159 4426 1468 4495 δοξολογίαν
1500 4427 1636 4481 nihil
1669 4426 1815 4479 aliud
1845 4440 1967 4479 esse
2000 4439 2162 4493 quam
2189 4441 2312 4479 ver-

721 4515 842 4554 sum
896 4500 1049 4551 illum
1085 4497 1178 4565 qui
1220 4496 1287 4550 ad
1338 4498 1567 4565 calcem,
1602 4496 1937 4562 psalmorum
1981 4495 2141 4563 vulgo
2187 4496 2310 4550 cani

721 4570 915 4621 solet:
976 4564 1163 4621 Gloria
1216 4567 1368 4620 Patri
1420 4576 1470 4620 et
1526 4564 1691 4627 Filio,
1722 4575 1827 4618 etc.
1884 4565 1940 4617 In
1976 4580 2083 4633 qua
2140 4566 2306 4619 etiam

722 4640 985 4707 opinione
1023 4636 1199 4691 fuisse
1250 4639 1465 4691 videtur
1496 4636 1833 4707 Epiphanius
1874 4634 2263 4707 Scholasticus
2295 4653 2307 4688 :

724 4705 847 4762 cum
901 4717 1084 4762 tamen
1134 4707 1409 4775 δοξολογία
1461 4705 1794 4777 generaliter
1853 4705 2071 4759 dicatur
2131 4708 2313 4777 omnis

724 4780 1052 4843 gloriﬁcatio
1093 4794 1214 4847 quze
1270 4787 1378 4831 tam
1416 4776 1481 4832 iu
1507 4780 1629 4847 line,
1652 4778 2019 4844 psalmorum,
2047 4792 2210 4842 quam
2244 4776 2312 4829 ad

724 4853 930 4903 calcem
976 4846 1283 4904 orationum
1322 4855 1377 4902 et
1441 4846 1789 4900 homiliarum
1826 4848 1950 4899 addi
2007 4848 2216 4900 solebat
2280 4862 2310 4899 a

724 4920 1094 4978 Christianis.
1143 4917 1607 4988 quemadmodum
1656 4915 1927 4988 discimus
1976 4932 2038 4970 ex
2105 4916 2309 4988 Basilio

726 4989 918 5059 Magno
948 4992 1001 5042 iu
1041 4987 1180 5043 libro
1213 4989 1280 5051 ll,
1318 4989 1384 5041 de
1424 4987 1633 5055 Spiritu
1665 4996 1880 5059 sancto.
1912 4987 2081 5039 l’orro
2119 4988 2171 5059 in
2213 4987 2313 5041 [ine

727 5054 1035 5113 orationum
1080 5069 1133 5113 et
1161 5054 1479 5114 sermonum
1498 5058 1561 5109 ad
1589 5057 1866 5125 populum,
1891 5059 2101 5125 antiqui
2126 5054 2315 5111 Patres

731 5132 843 5184 fere
869 5131 1128 5185 dicebant
1158 5146 1170 5182 :
1201 5129 1276 5183 Δι’
1311 5125 1396 5192 οὗ,
1427 5126 1533 5181 Per
1569 5143 1719 5195 quem
1757 5128 2115 5194 Omnipotcnti
2149 5127 2316 5180 honor

726 5210 775 5253 et
821 5201 1017 5269 gloria,
1080 5208 1210 5263 etc.,
1261 5205 1319 5252 ut
1348 5199 1533 5252 videre
1565 5207 1671 5269 est,
1700 5204 1813 5269 tum
1865 5198 2008 5269 apud
2044 5197 2309 5269 Basilium

732 5273 786 5324 in
823 5266 975 5325 dicto
1004 5271 1149 5333 loco,
1185 5269 1375 5323 tumin
1407 5266 1689 5335 opusculis
1718 5266 1936 5321 Eusebii
1986 5267 2256 5335 Pamphili
2284 5283 2314 5321 a

729 5339 936 5396 Jacobo
988 5339 1287 5395 Sirmundo
1343 5334 1475 5393 olim
1510 5338 1695 5392 editis.
1722 5334 1855 5392 Vide
1889 5334 2313 5408 l’hilostorgium

734 5411 789 5464 in
822 5412 916 5463 lib.
948 5410 1041 5472 lll,
1076 5412 1302 5478 cap.13.

802 5482 964 5536 Κατὰ
986 5479 1105 5533 τῶν
1120 5479 1228 5547 τῆς
1251 5480 1637 5545 Ἐκκλ-ησίας.
1658 5482 1752 5533 Am
1764 5479 1969 5549 plector
1987 5480 2315 5548 scripturam

732 5553 942 5607 codicis
985 5550 1268 5610 Allatiaui,
1321 5552 1375 5603 in
1424 5566 1534 5617 quo
1580 5552 1777 5619 legitur
1825 5566 1836 5599 :
1876 5550 2033 5603 Κατὰ
2072 5550 2180 5602 τῶν
2216 5550 2315 5617 τῆς

733 5622 993 5693 ἀληθείας
1052 5620 1394 5693 ἐτε-χνάσοιτοΔ
1437 5622 1775 5690 συνηγόρων.
1823 5621 1999 5693 Atque
2058 5621 2130 5673 ita
2188 5619 2317 5693 legit

737 5690 1077 5762 Epiphanius
1128 5690 1533 5762 scholasticus,
1592 5700 1654 5744 nt
1681 5707 1818 5762 _ex_
1864 5691 2316 5762 interpretatione

736 5759 857 5834 ejus
887 5768 1134 5834 appa_r_et.
1155 5760 1259 5834 Sic
1284 5763 1447 5834 etiam
1471 5759 1911 5834 editlit‘iacobus
1930 5759 2277 5815 Sirmondus.

812 5830 1092 5891 [’AG.107.
1153 5832 1247 5883 Ἐκ
1294 5830 1583 5902 διαδοχῆς
1625 5830 1809 5903 ᾅδειν.
1876 5830 1946 5891 Dc
1997 5834 2099 5890 hoc
2163 5846 2312 5888 more

1959 395 2035 455 Η.
2076 394 2375 455 VALESll
2410 394 2626 453 NLTzE

3833 394 3975 457 1556

2391 507 2795 631 futiphonatjiét
2835 506 3123 577 psallendi,
3158 505 3281 561 vide
3311 521 3433 577 quas
3468 509 3649 562 notavi
3684 507 3752 562 ad
3769 505 3979 563 Sacra-

2414 592 2521 631 em.
2546 592 2672 631 oaa.
2791 616 2804 629 .

2390 584 2521 636 tem,
2546 592 2672 644 pag.
2715 584 2804 631 78.

2466 593 2965 709 ibiggéamezm
2989 644 3271 713 ἐραστάς.
3309 645 3607 700 Monachos
3645 644 3865 700 videtur
3887 646 3978 700 in-

2389 717 2654 785 telligere.
2732 716 2937 769 Horum
3006 717 3152 770 enim
3198 715 3603 769 ntultitudinem
3665 717 3975 770 Antiochia:

2389 787 2606 855 collegit
2661 785 2989 851 Flavianus,
3046 794 3107 839 ut
3177 786 3371 840 scribit
3425 785 3828 856 Philostorgius
3915 787 3971 840 in

2390 858 2486 909 lib.
2522 872 2606 917 ιιι,
2638 872 2757 923 cap.
2794 858 2881 911 l5.
3000 905 3004 908 .

2442 927 2572 980 ’Καὶ
2636 928 2779 992 τοὺς
2822 925 3216 993 συνεργάτας.
3264 925 3689 982 Emendavimus
3740 943 3977 994 συνερα-

2390 998 2521 1059 στάς
2577 1013 2643 1051 ex
2682 998 3076 1064 manuscriptis
3129 997 3411 1049 codicibus
3450 997 3642 1049 Savilii
3676 1004 3729 1051 et
3761 997 3971 1051 Allatii.

2389 1066 2719 1121 Sirmundus
2757 1076 2941 1120 tamen
2974 1066 3212 1135 ἐραστὰς
3236 1066 3428 1125 edidit.
3458 1067 3546 1119 cui
3593 1066 3774 1119 favere
3814 1066 3975 1120 vide-

2389 1145 2480 1188 tur
2512 1137 2800 1206 Epiphanii
2832 1138 3030 1189 versio.
3067 1136 3174 1190 Sed
3230 1146 3416 1206 nostra
3442 1136 3778 1206 emendatio_
3814 1136 3978 1204 longe

2389 1203 2635 1274 prastat:
2664 1207 2782 1260 Non
2835 1208 2982 1260 enim
3031 1214 3306 1261 amatores
3339 1205 3583 1259 Flaviani
3636 1217 3685 1258 et
3752 1203 3977 1259 Diodori

2391 1277 2481 1330 hic
2544 1277 2949 1346 intelliguntur,
3005 1277 3100 1330 sed
3151 1276 3183 1327 ii
3212 1276 3303 1343 qui
3334 1291 3440 1329 una
3470 1290 3593 1328 cum
3624 1275 3750 1335 illis,
3785 1290 3971 1346 rerum

2389 1347 2701 1402 divinarum
2730 1344 2947 1400 'amore
2993 1347 3313 1414 ﬂagrabant.
3365 1346 3467 1412 Qui
3516 1360 3637 1398 cum
3705 1355 3864 1398 antea
3910 1344 3977 1411 a_d

2392 1416 2659 1471 Basilicas
2694 1425 2998 1485 martyrum
3053 1425 3378 1484 pernoctare
3426 1416 3570 1469 soliti
3607 1423 3793 1469 essent
3823 1425 3980 1467 extra

2392 1486 2610 1548 urbem,
2660 1496 2711 1539 et
2786 1487 2899 1539 illic
2953 1487 3192 1549 psalmos
3238 1501 3460 1547 canere,
3503 1495 3693 1554 postea
3752 1486 3977 1539 hortatu

2395 1554 2632 1623 Leontii,
2661 1556 2715 1610 in
2740 1556 2993 1612 ecclesiis
3024 1557 3163 1610 intra
3194 1556 3382 1609 urbem
3416 1555 3471 1609 id
3510 1563 3760 1624 egerunt.

2932 1647 2993 1701 In
3027 1655 3186 1717 caput
3229 1645 3440 1702 XXVI.

2464 1736 2595 1795 PAG.
2629 1739 2750 1795 HO.
2797 1741 2935 1808 Περὶ
2970 1742 3294 1805 πρωτείων.
3326 1741 3467 1795 lluic
3506 1741 3846 1795 contentioni
3877 1756 3980 1792 oe-

2396 1811 2674 1866 casionem
2710 1812 3019 1880 praebuerat
3080 1827 3256 1865 canon
3308 1812 3574 1876 septimus
3605 1812 3822 1864 concilii
3883 1811 3981 1864 Ni-

2397 1880 2554 1951 caeni,
2585 1882 2678 1951 qui
2705 1882 2963 1951 episcopo
2999 1881 3501 1951 llierosnlymorum
3527 1923 3540 1939 ,
3575 1897 3697 1934 eum
3752 1881 3983 1935 honoris

2401 1950 2630 2018 gradum
2655 1950 2814 2021 quem
2848 1954 2917 2005 ab
2951 1951 3159 2007 ultimis
3181 1950 3518 2021 temporibus
3541 1951 3828 2015 habuerat,
3856 1951 3985 2018 jus-

2402 2031 2556 2075 serat
2589 2023 2929 2081 conservari.
2962 2023 3110 2076 salva
3150 2032 3329 2075 tamen
3373 2021 3697 2076 Caesariensi
3724 2022 3985 2090 episcopo

2399 2094 2803 2162 metrOpolitani
2838 2093 3127 2162 dignitate.
3163 2092 3285 2158 Quo
3346 2100 3528 2145 tamen
3564 2106 3773 2145 canone
3794 2093 3983 2146 omnis

2398 2161 2645 2227 potestas
2683 2178 2747 2215 ac
2772 2161 3090 2230 iurisdictio
3119 2170 3337 2217 servata
3362 2169 3480 2215 erat
3508 2162 3767 2230 episcopo
3789 2161 3945 2216 Caesa
3963 2190 3981 2200 -

2396 2232 2569 2286 riensi
2630 2254 2643 2287 :
2702 2231 3200 2303 Hierosolymorum
3282 2242 3461 2303 autem
3528 2231 3798 2303 episcopo
3842 2233 3984 2285 nihil

2400 2313 2598 2370 praeter
2633 2305 2896 2357 honorem
2950 2300 3014 2357 ac
3062 2302 3425 2358 reverentiam
3472 2300 3739 2355 tributum
3778 2300 3980 2357 fuerat.

2480 2373 2608 2439 Τοῖς
2637 2373 2963 2437 κοινωνοῖς.
3000 2373 3163 2429 Recte
3184 2372 3421 2427 Jacobus
3436 2370 3763 2425 Sirmundus
3787 2387 3982 2425 emen-

2400 2444 2550 2501 davit
2566 2447 2678 2504 τοῖς
2700 2442 3386 2510 x0tvoic,qttetnadntodtun
3427 2441 3687 2497 scribitur
3718 2443 3770 2494 in
3790 2442 3987 2496 codice

2401 2515 2603 2569 Leonis
2633 2515 2837 2577 Allatii,
2868 2524 2921 2568 et
2951 2515 3003 2566 in
3042 2516 3212 2566 altern
3235 2512 3428 2566 codice
3459 2511 3652 2582 Regio,
3684 2512 3850 2582 cujus
3886 2528 3984 2565 va-

2402 2590 2609 2642 riantes
2646 2585 2908 2638 lectiones
2938 2584 3106 2637 edidit
3136 2583 3468 2650 Stephanus.

2481 2659 2544 2708 ’0
2572 2656 2865 2723 Κύριλλος
2915 2654 3022 2707 τοῦ
3077 2652 3424 2721 συνεδρίου.
3480 2652 3539 2707 In
3603 2652 3985 2721 manuscripto

2400 2728 2589 2780 codice
2642 2725 2860 2779 Heuriei
2891 2724 3077 2778 Savilii
3108 2725 3222 2779 hzec
3261 2724 3563 2787 adduntur,
3605 2725 3697 2776 καὶ
3724 2723 3835 2776 τῶν
3863 2724 3985 2792 βου-

2399 2796 2707 2865 λευμάτων.
2764 2795 2896 2859 Quae
2955 2794 3082 2849 licet
3139 2795 3194 2849 in
3242 2794 3483 2865 reliquis
3534 2794 3822 2848 codicibus
3870 2808 3983 2865 non

2400 2862 2672 2935 legantur,
2717 2865 2889 2936 proba
2948 2874 3132 2920 tamen
3182 2863 3313 2918 mihi
3378 2862 3656 2934 videntur,
3700 2879 3803 2920 nec
3856 2864 3988 2933 reji-

2400 2938 2613 2993 cienda.

2925 3004 2989 3059 In
3019 3015 3174 3073 caput
3202 3003 3452 3060 XXVII.

2477 3096 2891 3164 Κωνστάντιος
2920 3098 3029 3167 γὰρ
3070 3095 3189 3167 ἀπὸ
3214 3095 3320 3163 τῆς
3340 3096 3621 3166 ἑσπέρας.
3649 3097 3728 3151 Ab
3750 3096 3839 3150 his
3870 3111 3993 3167 vero

2402 3170 2487 3225 bis
2518 3169 2771 3223 inchoavi
2806 3166 2969 3237 caput
3001 3167 3093 3229 2‘7,
3134 3166 3488 3221 Basiliensem
3525 3178 3579 3221 et
3611 3168 3835 3220 ltoherti
3861 3166 3989 3219 Ste-

2403 3240 2565 3310 phani
2628 3239 2921 3310 editionem
2973 3245 3213 3310 secutus.
3245 3239 3305 3310 in
3357 3238 3445 3292 his
3476 3239 3620 3290 enim
3649 3237 3992 3310 editionibus

2403 3307 2571 3378 caput
2594 3310 2686 3373 ‘27,
2720 3308 2912 3376 incipit
2942 3307 3009 3378 ab
3038 3307 3124 3361 his
3149 3308 3350 3371 verbis,
3384 3315 3515 3360 nota
3554 3308 3821 3361 nu'merali
3852 3308 3989 3359 insi-

2404 3376 2637 3450 gnitum,
2656 3380 2747 3450 qui
2776 3380 2828 3431 in
2860 3376 3144 3450 Basilieusi
3163 3378 3379 3450 quidem
3394 3379 3633 3450 editione
3649 3386 3994 3450 przenotatur

2406 3446 2759 3519 capitulm—in
2812 3448 3049 3501 editione
3113 3462 3249 3519 vero
3307 3446 3570 3519 Stephani
3621 3447 3867 3519 ascripta
3905 3456 3993 3500 est

2407 3518 2668 3574 adlatus.
2701 3518 2884 3586 Ipsum
2910 3526 3088 3572 autem
3131 3518 3349 3570 titulum
3375 3518 3573 3586 capitis
3610 3518 3701 3585 qui
3737 3519 3991 3571 secundo

2407 3591 2547 3645 libro
2576 3588 2830 3659 pra‘ﬁxus
2867 3597 2950 3659 est
2975 3589 3027 3641 in
3064 3588 3254 3659 codice
3280 3588 3666 3656 capitulorum,
3696 3589 3993 3659 emendavi

2405 3677 2471 3715 ex
2494 3657 2832 3729 conjectura.
2888 3657 3129 3712 Priorem
3163 3657 3316 3729 enim
3354 3667 3585 3729 partem,
3612 3673 3733 3726 quae
3764 3666 3889 3729 erat
3910 3657 3995 3729 de

2407 3726 2618 3802 synodo
2676 3728 2994 3802 Seleucena,
3052 3726 3365 3802 conj_eci_i_u
3398 3728 3613 3802 titulum
3654 3728 3854 3802 capitis
3887 3728 3994 3802 >26,

2410 3796 2464 3854 in
2510 3814 2620 3868 quo
2683 3799 2862 3866 agitur
2904 3799 2972 3851 de
3020 3800 3230 3867 synodo
3275 3796 3511 3851 Nicmna.
3565 3796 3722 3861 Quod
3764 3798 3993 3866 quidem

2410 3880 2558 3925 recte
2591 3879 2645 3923 et
2670 3885 2795 3923 cum
2825 3868 3035 3935 judicio
3057 3884 3085 3923 a
3116 3868 3272 3922 nobis
3303 3868 3504 3921 factum
3531 3883 3675 3926 esse.
3713 3884 3900 3932 nemo,
3936 3878 3995 3922 ut

2410 3943 2629 4013 opinor,
2646 3940 2896 4013 negabit.
2937 3938 2992 3992 ld
3023 3939 3168 4013 enim
3198 3939 3424 4013 res_ipsa
3444 3938 3794 4013 postulabat.

2428 4007 2464 4063 -’
2482 4010 2609 4064 ΡΑο.
2639 4010 2759 4062 115.
2804 4009 2925 4076 Τὴν
2951 4007 3055 4061 τοῦ
3079 4008 3242 4061 θείου
3261 4008 3686 4075 βαπτίσματος
3713 4011 3993 4073 λειτουρ-

2410 4083 2566 4151 γίαν.
2594 4082 2751 4133 Hunc
2782 4079 2962 4133 locum
3013 4077 3119 4151 de_
3134 4078 3408 4151 baptismi
3438 4079 3996 4151 sacramento‘intel-

2413 4146 2663 4205 lexerunt
2700 4151 3049 4218 interpretes.
3080 4148 3193 4216 Ego
3220 4162 3350 4201 vero
3379 4147 3446 4201 de
3492 4146 3627 4218 [esto
3658 4146 4000 4218 Epiphanio.

2410 4238 2528 4275 rum
2553 4222 2642 4275 die
2674 4215 2861 4272 malini
2892 4219 3215 4286 intelligere,
3242 4233 3349 4287 quo
3379 4217 3633 4271 Christus
3664 4217 3716 4269 iu
3744 4215 3995 4273 Jordane

2409 4303 2487 4345 est
2522 4291 2850 4358 baptizatus.
2906 4290 3065 4358 Hunc
3110 4289 3255 4341 enim
3287 4287 3429 4342 diem
3471 4289 3997 4358 praecipuorhonore

2410 4356 2668 4415 colebant
2719 4356 3232 4427 Hierosolymitani,
3285 4373 3353 4411 eo
3422 4356 3567 4427 quod
3628 4357 3770 4424 apud
3841 4359 3997 4425 ipsos

2411 4431 2667 4485 Christus
2690 4432 2895 4484 tinctus
2919 4426 3130 4483 fuiSSI-t.
3159 4427 3341 4495 quue
3360 4426 3447 4482 die
3474 4426 3998 4492 infantesbaptizari

2413 4502 2555 4570 apud
2589 4502 2712 4553 illos
2766 4500 3034 4570 solebant,
3082 4506 3142 4550 ut
3204 4498 3382 4570 legere.
3417 4497 3653 4570 metniui
3694 4497 3748 4570 in
3781 4496 3997 4567 Typico

2414 4565 2734 4625 monasterii
2792 4570 2964 4623 sancti
3005 4568 3181 4631 Salue,
3237 4565 3331 4623 tibi
3362 4568 3527 4620 etiam
3570 4565 3807 4620 ullirium
3832 4565 3998 4623 illius

2411 4642 2518 4693 diei
2553 4640 2811 4695 refertur.
2850 4638 3171 4708 Λειτουργίαι
3194 4638 3475 4706 igiturhoe
3500 4637 3740 4708 loco._vel
3767 4638 3998 4691 missam

2414 4712 2561 4766 illius
2594 4710 2699 4764 diei
2724 4709 3016 4779 significat,
3034 4705 3118 4763 vel
3148 4705 3317 4761 totum
3341 4708 3597 4779 oliiciuln.
3624 4705 3717 4779 Sic
3739 4708 3998 4779 λειτοορ-

2414 4782 2539 4848 γίαν
2564 4777 2798 4850 usurpat
2852 4779 3232 4850 'l‘heodoretus
3259 4794 3422 4850 supra
3450 4777 3503 4831 in
3537 4791 3657 4846 cap.
3690 4778 3783 4843 24,
3826 4778 3999 4845 hujus

2415 4851 2562 4914 libri,
2608 4849 2729 4921 pag.
2791 4850 2911 4903 l07.
2949 4849 3121 4921 Porro
3142 4865 3205 4903 ex
3258 4849 3361 4902 hoc
3396 4849 3524 4921 loco
3554 4857 3800 4921 apparet,
3825 4864 3997 4921 quam

2412 4915 2625 4975 vetusta
2650 4915 2719 4973 sit
2733 4920 3075 4973 consuetudo
3094 4933 3374 4973 sacrarum
3390 4918 3622 4972 vestium
3647 4917 3700 4969 in
3722 4915 3994 4971 Ecclesia.

2485 4991 2615 5045 PAG.
2665 4988 2788 5043 112.
2843 4990 3136 5057 Γεὼργιος
3177 4988 3245 5042 δὲ
3289 4992 3321 5041 ὁ
3359 4987 3475 5057 τῆς
3532 4986 3996 5053 Ἀλεξανδρέων.

2414 5059 2559 5114 Idem
2591 5056 3402 5129 deAetiotestaturGregorius
3436 5056 3721 5129 Nyssenus
3750 5057 3823 5129 _in
3858 5058 3999 5129 tibi

2413 5130 2618 5183 Contra
2641 5128 2986 5194 Eunomitim,
3016 5130 3104 5183 ubi
3144 5126 3280 5182 Aeiii
3320 5126 3495 5180 vitam
3525 5126 3790 5181 describit
3825 5143 3839 5176 :
3874 5126 4003 5179 Ἐπὶ

2413 5200 2627 5263 τούτοις
2654 5198 2747 5253 τοῦ
2799 5200 3035 5267 μεγάλου
3074 5197 3389 5253 Ἀθανασξου
3422 5196 3670 5267 βασιλμκῇ
3700 5195 4003 5267 δυνᾳοκτείᾳ

2413 5273 2512 5338 τῆς
2562 5265 2955 5339 Ἀλεξανδρέων
2980 5267 3329 5339 ίἘκκλῃσέας
3372 5266 3775 5339 μετατεθέντος,
3794 5265 4002 5339 recup;

2414 5334 2534 5407 γίου
2567 5341 2623 5393 δὲ
2674 5334 2767 5393 τοῦ
2820 5334 3282 5408 ”Ι“αρὸασθηνίτου
3341 5334 3431 5389 τὸν
3473 5339 3677 5389 ἐκεῖνον
3722 5334 3850 5388 λαὸν
3885 5336 4003 5388 δια-

2416 5410 2682 5473 σπῶντος,
2717 5409 2877 5462 πάλιν
2921 5407 3300 5477 Ἀλεξανδρεὺς
3329 5409 3357 5460 ὁ
3399 5407 3621 5467 Ἀέτιος,
3649 5414 3754 5477 etc.

2487 5473 3215 5534 Κωνσταντινουπολιτώἰρ
3277 5478 3640 5541 Ἐκκλησιάς
3694 5473 4001 5540 εὐδόξως.

2415 5549 2470 5604 ld
2544 5552 2745 5604 factum
2800 5560 2885 5605 est
2934 5549 3262 5603 Constantio
3300 5547 3440 5613 Aug.
3478 5563 3508 5599 ι
3547 5555 3601 5597 et
3636 5544 3855 5598 Jttliauo
3881 5546 4001 5598 Ca:-

2416 5637 2539 5676 sare
2572 5636 2821 5681 IIICOSS.,
2863 5635 3008 5673 anno
3067 5618 3271 5672 Christi
3330 5617 3466 5676 560,
3524 5615 3613 5669 die
3668 5614 3735 5668 27
3788 5616 4005 5670 mensis

2413 5690 2685 5750 Januarii,
2750 5689 3113 5760 praesentibus
3165 5687 3436 5760 cpisc_opis
3461 5686 3559 5760 Δ79.
3590 5704 3603 5739 :
3638 5684 3812 5760 λίπῃ-ἰ,-
3838 5689 4005 5760 _Aca-

2417 5764 2512 5826 tio,
2547 5754 2800 5830 Georgio,
2836 5754 3266 5823 Serra,Urauio,
3292 5754 3621 5820 Theodosio,
3641 5754 4008 5830 _l-lu_s_ebio._et

2425 5824 2636 5890 caeteris
2690 5824 2923 5898 quorum
2972 5830 3194 5887 nomina
3234 5836 3586 5886 recensentur
3641 5828 3695 5883 in
3728 5824 4004 5881 Chronico

3695 5976 3735 6025 9
