4216 6456
189 394 332 463 1.565

186 512 329 565 enim
346 508 603 574 baptisati
616 508 914 569 κακκάβια.
931 506 1063 561 Nam
1079 506 1410 576 τελεωθῆναι
1428 516 1512 563 est
1528 506 1774 576 baptiza-

192 585 259 647 ri,
294 589 355 633 ut
373 581 557 633 monui
582 580 634 633 in
654 578 1118 634 Adnotationibus
1145 576 1487 638 Eusebiauis,
1512 577 1773 646 pag.253.

274 648 537 714 Ἀδόλως
558 648 991 717 γινωσκομένη.
1017 647 1251 700 Primam
1283 662 1470 701 vocem
1501 648 1777 702 Geneven-

188 737 277 775 ses
312 716 633 788 typographi
670 716 990 783 adjecerunt
1019 733 1085 788 es
1130 716 1615 786 Christophorsoni
1653 732 1774 769 ver-

188 787 351 844 sione
383 799 437 841 et
464 805 530 844 ex
563 792 702 843 libro
725 788 1032 842 Athanasii.
1075 787 1129 841 In
1170 790 1386 841 cunctis
1424 798 1627 841 tamen
1680 802 1776 839 no.

190 863 323 915 stris
350 862 754 929 exetnplaribus
821 874 928 913 non
994 858 1259 921 habetur,
1290 874 1391 913 nec
1422 861 1478 911 in
1526 858 1775 912 versione

192 930 483 1000 Epiplianii
511 929 860 985 Scholastici.

267 999 435 1066 Τινὲς
473 1001 588 1068 μὲν
624 1001 819 1066 αὐτὴν
853 999 968 1066 τὴν
1016 998 1084 1050 ἐι·
1132 999 1369 1063 Nata/qi.
1432 998 1489 1051 ln
1540 999 1775 1066 vulgatis

196 1072 484 1127 Athanasii
517 1072 851 1124 editionibns
890 1071 974 1121 hic
1001 1068 1154 1121 locus
1195 1070 1351 1121 aliter
1386 1068 1583 1134 legitur
1626 1087 1638 1121 :
1678 1070 1771 1123 sed

191 1159 258 1197 ex
300 1139 649 1195 Theodoreto
677 1139 1051 1194 emendandus
1084 1147 1187 1193 est.
1228 1137 1344 1191 Duo
1383 1140 1527 1191 enim
1572 1154 1773 1205 genera

193 1215 526 1266 Arianorum
585 1213 674 1264 hic
733 1210 1049 1278 perstringit
1108 1209 1477 1269 Athanasius,
1538 1224 1771 1278 quorum

195 1283 291 1334 alii
332 1297 518 1335 vocem
565 1277 850 1349 ὁμοούσιον
913 1282 1131 1348 penitus
1185 1279 1529 1346 rejiciebaut,
1574 1277 1771 1331 Filium

196 1353 290 1405 Dei
327 1368 391 1405 ex
426 1352 596 1405 nihilo
626 1361 870 1404 creatum
908 1358 1263 1415 asserentes;
1300 1350 1391 1401 alii
1426 1364 1552 1403 vero
1578 1350 1776 1401 adurit-

193 1424 385 1475 tebant
427 1422 640 1480 quidem
683 1422 743 1474 τὸ
791 1420 1099 1489 ὁμσοούσιον.
1139 1420 1231 1472 sed
1279 1434 1562 1489 perperam
1607 1420 1775 1470 inter-

195 1495 574 1560 pretabantur,
637 1506 739 1545 nec
797 1487 1062 1559 Spiritum
1120 1499 1371 1560 sanctum
1432 1487 1775 1560 Deum_esse

193 1557 492 1615 credebant
549 1580 564 1616 :
626 1557 933 1628 cuiusmodi
986 1568 1144 1613 erant
1191 1558 1590 1613 Macedoniam.
1626 1557 1769 1611 Ideni

192 1640 434 1686 testatur
458 1631 755 1702 Gregorius
786 1630 1163 1684 Nazianzenus
1189 1631 1241 1682 in
1266 1628 1767 1702 orationelunebri

193 1703 261 1755 de
321 1699 589 1757 laudibus
626 1702 933 1761 Athanasii,
998 1702 1231 1769 loquens
1288 1699 1357 1754 de
1410 1699 1592 1753 libello
1647 1700 1769 1753 lidei

192 1788 357 1843 quem
390 1775 609 1837 scripsit
646 1774 711 1824 ad
747 1772 1031 1843 Iovianum
1066 1772 1202 1843 Aug.

265 1842 398 1896 Ps0.
456 1843 575 1897 154.
626 1841 771 1896 Ὑπὸ
836 1842 1200 1909 τριακοσίων
1260 1840 1405 1894 δέκα
1461 1839 1559 1891 καὶ
1620 1840 1773 1892 ὀκτὼ

192 1914 563 1967 ἐπισκόπων.
602 1915 658 1966 1η
688 1913 923 1981 vulgatis
968 1911 1304 1966 editionibus
1332 1910 1618 1963 Athanasii
1671 1926 1772 1962 nu-

196 2000 385 2037 merus
428 1985 811 2051 episcoporum
865 1997 971 2034 non
1018 1982 1267 2035 habetur.
1314 1981 1473 2034 Certe
1507 1994 1770 2032 numerus

193 2054 286 2107 ille
329 2063 694 2108 trecentorum
746 2054 931 2106 decem
986 2060 1041 2105 et
1096 2059 1223 2105 octo
1259 2052 1640 2119 episcopomm
1677 2051 1768 2118 qui

191 2122 387 2178 Niczeze
432 2124 484 2177 in
547 2140 712 2177 unum
772 2132 1165 2184 convenerunt,
1220 2122 1347 2176 licet
1405 2123 1474 2175 ab
1523 2122 1770 2188 antiquis

190 2193 451 2248 Patribus
506 2195 738 2249 traditus
792 2193 1132 2261 reperiatur,
1204 2192 1346 2262 apud
1406 2191 1766 2262 Athanasium

190 2273 401 2329 tamen,
440 2264 485 2319 si
533 2266 669 2319 bene
704 2264 945 2323 memini,
984 2276 1253 2332 nusquam
1302 2264 1511 2332 integer
1534 2261 1765 2332 legitur.

191 2333 330 2387 Nam
363 2336 416 2387 in
447 2336 675 2402 epistola
701 2335 766 2386 ad
800 2329 1119 2396 Solitarios,
1138 2347 1256 2402 pag.
1292 2329 1506 2391 854fait
1533 2329 1767 2385 Nicaam

190 2404 517 2461 convenisse
540 2406 826 2475 episcOpos
858 2405 977 2473 plus
1001 2405 1182 2457 minus
1208 2412 1505 2459 trecentos.

783 2518 849 2574 In
883 2530 1042 2591 caput
1076 2518 1185 2573 IV.

266 2614 399 2669 PAG.
431 2614 552 2668 155.
600 2614 1000 2668 Ἐσεὸαίωσεν.
1041 2613 1284 2669 Pessime
1313 2613 1768 2684 Christoyhorso-

191 2700 301 2739 aus
364 2686 508 2739 hunc
562 2686 743 2738 locum
808 2686 1197 2754 interpretatus
1251 2692 1335 2739 est
1393 2684 1494 2737 hoc
1549 2687 1707 2739 modo
1751 2705 1764 2740 :

191 2756 362 2824 (ἰοσηὶ
387 2757 435 2808 io
476 2755 815 2823 imperatoris
850 2772 1008 2822 quam
1037 2754 1101 2808 de
1135 2754 1290 2809 rebus
1320 2755 1511 2808 divinis
1555 2756 1771 2811 imbibe-

191 2836 300 2878 rat.
327 2826 487 2893 Atqui
514 2842 620 2878 non
646 2827 748 2879 hoc
768 2825 904 2878 dicit
933 2824 1340 2889 Theodoretus;
1364 2824 1457 2879 sed
1481 2824 1767 2880 Iovianum

193 2900 437 2964 acceptis
470 2897 752 2949 Athanasii
796 2896 1011 2957 litteris,
1059 2895 1228 2965 legem
1297 2897 1490 2950 tulisse
1538 2912 1644 2964 qua
1675 2894 1768 2949 Ni-

190 2982 347 3020 czena
389 2966 520 3019 fides
548 2965 995 3019 confirmabatur.
1039 2966 1094 3019 Si
1149 2965 1273 3029 quis
1320 2974 1501 3019 tamen
1544 2981 1765 3021 sensum

187 3037 675 3106 Christophorsoni
729 3036 881 3102 sequi
936 3035 1211 3106 maluerit.
1268 3050 1378 3089 non
1434 3052 1766 3106 magnopere

190 3104 511 3176 repugnabo
547 3127 560 3160 :
597 3107 896 3175 praesertim
920 3120 1043 3159 cum
1078 3104 1339 3160 Iovianus
1366 3104 1568 3160 nullam
1596 3104 1765 3169 legem

188 3179 386 3231 tulerit
433 3177 499 3230 de
559 3177 854 3247 religione,
908 3176 1002 3231 sed
1058 3178 1353 3246 unicuique
1401 3177 1616 3231 colendi
1667 3193 1765 3247 pro

188 3248 426 3302 arbitrio
453 3263 554 3316 suo
582 3246 822 3301 numinis
855 3247 1075 3301 liberam
1109 3248 1390 3316 reliquerit
1424 3246 1761 3314 facultatem,

190 3326 251 3372 ut
287 3318 447 3371 docet
476 3310 812 3372 Theniistius
842 3318 894 3370 in
924 3318 1173 3371 oratione
1198 3310 1261 3369 all
1290 3316 1599 3372 Iovianum.

263 3389 372 3443 Kal
424 3390 613 3456 νόμον
664 3387 869 3454 ἕτερον
913 3386 1158 3455 ἔγραψε.
1214 3386 1339 3442 "ch
1386 3394 1471 3442 est
1523 3388 1765 3442 secunda

187 3455 517 3512 constitutio
538 3455 752 3511 Ioviani
777 3473 873 3525 pro
900 3458 1189 3511 Ecclesiis.
1226 3457 1407 3510 Prima
1445 3459 1590 3512 enim
1640 3460 1763 3526 ejus

188 3530 515 3584 constitutio
546 3528 721 3582 fuerat
749 3528 815 3581 de
849 3530 1120 3596 episcopis
1161 3528 1228 3580 ab
1249 3529 1446 3581 exsilio
1498 3543 1765 3582 revocan-

188 3599 296 3662 dis.
345 3610 400 3655 et
434 3599 487 3651 in
538 3600 697 3653 sedes
749 3613 879 3653 snas
930 3598 1307 3665 restituendis,
1358 3606 1417 3651 ut
1464 3599 1665 3669 legitur
1711 3601 1765 3653 in

186 3686 309 3740 cap.
349 3670 384 3723 2
413 3670 574 3738 hujus
611 3668 754 3723 libri.

265 3737 337 3793 Τὸ
369 3737 765 3807 τριτημόριον.
798 3737 898 3791 Hic
930 3737 1085 3793 locus
1113 3752 1279 3806 prava
1322 3738 1767 3807 interpunctione

186 3810 534 3865 deformatus
552 3817 654 3863 est.
678 3808 768 3862 Sic
792 3809 955 3878 igitur
978 3826 1101 3864 eum
1125 3809 1569 3879 distinguendum
1593 3818 1725 3878 puto
1752 3830 1765 3863 :

186 3882 299 3943 Τὰς
358 3881 652 3949 εἰσφορὰς.
707 3879 807 3947 τῆς
861 3881 1268 3932 Κωνσταντίνου
1340 3881 1646 3944 συντάξεως
1707 3881 1768 3932 τὸ

186 3950 567 4021 τριτημόριον,
598 3957 730 4011 etc.,
760 3965 923 4019 quam
967 3950 1375 4004 distinctionem
1413 3952 1531 4021 ipse
1565 3950 1767 4005 contir-

187 4020 305 4076 niat
332 4021 706 4075 Theodoretus
741 4021 794 4074 in
830 4020 925 4073 lib.
960 4036 999 4085 ι,
1032 4035 1150 4089 cap.
1183 4036 1241 4078 ιι.

793 4130 859 4186 1η
904 4144 1059 4201 caput
1109 4132 1171 4187 γ.

257 4227 395 4282 Ps6.
434 4225 551 4280 l56.
596 4226 925 4288 Αὺξεντίου
954 4227 1085 4294 γάρ.
1129 4226 1341 4279 Nullum
1382 4225 1474 4279 hic
1514 4225 1766 4280 ordinem

186 4308 500 4367 temporum
560 4304 741 4351 servat
791 4294 1189 4367 Themloretns,
1248 4311 1381 4367 nam,
1432 4310 1555 4349 cum
1609 4312 1696 4351 res
1739 4312 1770 4350 a

188 4366 584 4422 Valentiniano
623 4367 761 4435 Aug.
786 4368 840 4419 in
866 4366 1106 4421 Ecclesia
1140 4375 1325 4437 gestas
1354 4366 1538 4421 dicere
1580 4382 1768 4437 aggre-

186 4441 394 4501 diatur,
456 4438 547 4506 qui
606 4452 833 4505 regnare
885 4437 1054 4505 cmpit
1121 4436 1268 4489 anno
1334 4438 1531 4489 natalis
1583 4436 1769 4490 Domi-

188 4510 302 4564 uici
336 4509 462 4572 364,
508 4508 575 4561 ab
621 4507 874 4560 Anxentii
919 4518 1094 4561 morte
1127 4518 1178 4560 et
1217 4507 1494 4559 Ambrosii
1543 4508 1769 4560 ordina-

188 4582 347 4633 tione
375 4594 469 4633 eas
503 4577 736 4638 orditur,
772 4593 891 4645 qute
925 4576 1064 4630 facta
1099 4586 1181 4631 est
1229 4592 1374 4630 anno
1409 4576 1612 4631 Christi
1664 4576 1771 4630 574

187 4652 381 4704 decem
440 4649 600 4702 annis
650 4648 876 4718 integris
930 4657 1051 4717 post
1087 4647 1373 4701 exordium
1424 4647 1768 4716 principatus

192 4719 583 4774 Valentiniani.

272 4789 592 4858 Ἠμετέρης
659 4788 1078 4855 ὐποκλΐνωμεν
1140 4786 1430 4856 κεφαλάς.
1505 4785 1770 4842 Solebant

188 4861 324 4916 olim
369 4859 655 4913 christiani
700 4860 1117 4912 oceurrentilms
1147 4860 1420 4927 episcopis
1453 4870 1614 4927 caput
1641 4858 1769 4911 snh~

190 4932 439 4990 mittere,
471 4936 529 4982 nt
559 4931 626 4981 ab
667 4930 733 4983 iis
757 4928 1192 4981 benedictionem
1232 4930 1563 4995 acciperent.
1600 4927 1771 4994 Cujus

190 5001 368 5055 moris
397 5000 564 5052 multa
591 5010 889 5067 supersunt
914 4999 1140 5067 vestigia
1182 5000 1233 5051 in
1287 5006 1535 5052 veterum
1591 4998 1769 5052 libris.

191 5071 384 5124 Primo
414 5070 559 5121 enim
592 5066 832 5121 “iratius
878 5069 931 5121 in
972 5066 1113 5121 libro
1144 5078 1336 5122 contra
1382 5066 1768 5122 Constantium

191 5144 266 5195 ita
330 5140 524 5194 scribit
582 5157 595 5193 :
656 5138 850 5193 Oscula
905 5139 1197 5192 sacerdotes
1252 5139 1472 5206 excipis,
1550 5156 1651 5207 quo
1723 5148 1771 5191 et

189 5211 444 5267 Christus
471 5218 547 5263 est
583 5209 826 5276 proditus
852 5223 869 5260 :
900 5219 1054 5275 caput
1099 5210 1445 5262 benedictioni
1477 5209 1769 5266 submittis.

187 5291 248 5334 ut
281 5279 439 5349 ﬁdem
472 5279 661 5332 calces.
698 5276 942 5333 Convivia
973 5278 1231 5346 dignaris,
1263 5295 1326 5332 ex
1356 5296 1455 5345 qua
1499 5277 1673 5332 ludas
1704 5276 1773 5331 ad

184 5351 548 5420 proditionem
576 5366 815 5419 egressus
854 5359 951 5402 est.
986 5349 1208 5403 Censum
1251 5352 1500 5420 capitum_
1518 5351 1770 5411 remittis,

187 5418 345 5491 quem
378 5418 620 5475 Christus
657 5437 717 5472 ne
739 5420 992 5491 seandalo
1023 5431 1175 5478 esset,
1210 5420 1449 5491 exsolvit.
1478 5418 1776 5491 Philostor-

189 5489 319 5561 gius
354 5491 407 5543 in
444 5491 681 5544 Historia
707 5490 1066 5543 ecclesiastica
1102 5491 1294 5544 scribit
1324 5489 1614 5542 Leontium
1655 5489 1771 5561 ’ξι-ἰ-

193 5558 389 5631 poleos
411 5562 728 5628 episcopum
759 5577 878 5611 cum
914 5561 1107 5631 reliqui
1142 5576 1331 5614 omnes
1374 5561 1618 5631 episcopi
1662 5558 1774 5611 Eu-

194 5629 407 5687 sebiam
443 5633 760 5696 Augustam,
788 5646 1012 5684 uxorem
1052 5630 1398 5699 imperatoris
1436 5629 1768 5692 Constantii,

194 5703 446 5762 adirent,
502 5715 733 5769 eamque
788 5716 852 5755 ex
908 5716 1057 5754 more
1115 5701 1444 5767 adorarent,
1490 5715 1771 5768 nunquam

196 5772 401 5828 adduci
451 5772 692 5839 potuisse
739 5781 797 5824 ut
838 5785 956 5823 eam
1013 5770 1295 5834 inviseret,
1337 5771 1441 5824 nisi
1486 5785 1547 5824 ea
1582 5771 1773 5824 condi-

197 5844 354 5898 tione
378 5850 435 5895 ιιι
464 5840 703 5909 Augusta
738 5840 971 5896 venienti
1015 5841 1116 5909 ipsi
1151 5848 1486 5913 assurgeret,
1517 5852 1565 5896 et
1607 5852 1769 5913 caput

1177 397 1258 458 ΙΝ
1288 396 1670 457 TEHODOR.
1701 395 1882 456 HIST
1945 397 2147 459 ECCL.
2180 400 2326 459 LIB.
2354 401 2446 461 IV.

3323 397 3450 465 1566

1879 508 2245 570 submitteret,
2272 510 2557 578 postulans
2581 518 2638 565 ut
2662 511 3097 567 benediceretur.
3118 510 3295 567 Verba
3326 510 3443 566 Phi-

1879 578 2314 651 lostorgiirelert
2348 580 2549 635 Suidas
2587 582 2641 635 in
2675 580 2920 651 Leontio.
2956 581 3145 636 Simile
3176 591 3258 651 est
3298 581 3443 651 quod

1879 648 2070 723 scribit
2092 648 2309 723 Magnis
2337 651 2610 723 diaconus
2641 652 2693 703 in
2728 650 2846 704 Vita
2869 651 3157 723 Porphyrii
3182 648 3456 723 Cazénsis

1875 720 2139 788 episcopi,
2195 719 2492 774 Endoxiam
2530 725 2831 789 Angustam
2891 719 3025 791 ipsis
3057 719 3133 777 'in
3180 721 3446 775 Palatium

1876 791 2221 861 venientibus
2247 805 2351 843 non
2386 796 2552 846 semel
2583 793 2912 849 occurrisse.
2953 803 3007 845 et
3032 793 3268 861 priorem
3301 794 3451 861 ipsos

1877 860 2170 923 salutasse,
2205 869 2371 928 atque
2417 868 2475 912 nt
2504 863 2755 915 sederent
2794 860 3048 929 jussisse,
3095 869 3151 913 et
3188 860 3451 916 inclinato

1875 930 2053 997 capite
2093 932 2401 999 postulasse
2436 939 2496 984 ut
2524 932 2928 987 benedicerent.
2956 931 3100 985 Idem
3134 947 3352 1000 quoque
3381 933 3448 986 de

1875 1001 2062 1052 eadem
2122 1002 2364 1068 Angusta
2420 1010 2654 1055 testatur
2714 1002 3056 1056 Sozomenus
3098 1002 3151 1055 in
3198 1001 3290 1054 lib.
3326 1015 3447 1065 vm,

1876 1085 1997 1137 cap.
2052 1071 2139 1133 15,
2190 1074 2280 1125 ubi
2331 1073 2397 1125 de
2448 1073 2741 1125 Ammonio
2790 1073 3033 1137 loquitur
3078 1083 3130 1124 ct
3186 1070 3449 1125 fratribus

1876 1141 2161 1194 monachis
2226 1143 2317 1209 qui
2378 1140 2550 1209 Longi
2608 1140 2945 1195 dicebantur.
3016 1141 3327 1203 Palladius,
3391 1143 3446 1195 in

1876 1209 2095 1283 dialogo
2143 1210 2210 1283 de
2257 1212 2375 1263 Vita
2425 1210 2655 1265 Ioannis
2701 1211 3077 1283 Cbrysostomi
3133 1214 3222 1266 ubi
3268 1210 3336 1283 de
3381 1226 3448 1265 eo

1877 1278 2118 1350 loquitur
2151 1282 2203 1332 in
2244 1283 2495 1335 exsilium
2533 1278 2933 1349 proficiscente,
2967 1284 3043 1336 ait
3076 1283 3224 1335 illum
3260 1279 3446 1350 Olym~

1876 1348 2018 1415 piadi
2045 1358 2101 1404 et
2132 1350 2405 1405 Pentadiin
2434 1367 2496 1405 ac
2528 1348 2761 1406 Salvium
2790 1354 3017 1415 dixisse,
3053 1359 3112 1405 ut
3132 1348 3448 1418 quicunque

1876 1419 1994 1472 sine
2027 1422 2233 1474 ambitu
2268 1421 2562 1489 eligeretur
2591 1425 2903 1489 episeOpus,
2928 1425 2977 1477 ei
3010 1423 3188 1490 capita
3216 1422 3448 1475 subruit-

1880 1498 2057 1560 tcrent
2083 1492 2307 1558 perinde
2338 1506 2399 1544 ac
2425 1491 2549 1560 ipsi.
2579 1490 2741 1546 Nefas
2774 1493 2861 1546 hic
2893 1494 3131 1546 arbitror
3172 1491 3447 1559 praeterire

1875 1558 2141 1632 insignem
2174 1563 2348 1614 locum
2382 1558 2609 1615 Ioannis
2638 1561 3013 1632 Cbrysostomi
3037 1578 3103 1614 ex
3139 1558 3361 1615 homilia
3388 1560 3442 1621 3.

1875 1629 1940 1681 ad
1969 1630 2223 1696 pepnlum
2251 1633 2672 1693 Antiochenmn,
2701 1629 2792 1686 ubi
2823 1632 2889 1686 de
2913 1632 3170 1685 Flaviano
3189 1633 3461 1699 episc0po_

1877 1701 1969 1771 qui
2014 1701 2091 1771 ad
2152 1703 2470 1755 comitatum
2527 1703 2788 1771 principis
2847 1702 3123 1769 profectus
3175 1711 3313 1759 erat.
3368 1702 3445 1754 ita
3523 1727 3529 1733 -

1876 1769 2121 1835 loquitur
2158 1789 2171 1824 :
2212 1772 2428 1839 ’Ἄρχων
2459 1769 2577 1825 licet
2614 1769 2917 1835 καϊαὺτδς,
2949 1773 3044 1825 καὶ
3072 1772 3254 1841 ἄχρων
3303 1770 3447 1823 ὲκεί-

1875 1856 1963 1913 vou
1996 1841 2335 1911 σεμνότερος.
2364 1842 2477 1913 Καὶ
2503 1845 2611 1910 γὰρ
2636 1844 2806 1912 αὐτὴν
2829 1845 2929 1913 τὴν
2959 1841 3249 1912 βασιλικὴν
3276 1857 3446 1913 usua-

1875 1908 1974 1983 )_.i]v
2024 1912 2077 1983 oi
2129 1908 2266 1983 ἱερά)
2318 1912 2471 1981 νόμοι
2516 1908 2648 1975 at;
2698 1908 2897 1966 τοῦτοιὶ
2956 1908 3214 1983 ἐρέροντεξ
3260 1910 3447 1983 χεροὶν

1876 1980 2193 2052 ὑπέτιιιξέιν.⁷
2231 1981 2304 2035 De
2338 1980 2545 2052 eodem
2604 1997 2757 2036 more
2809 1980 3053 2052 loquitur
3093 1980 3289 2036 auctor
3324 1980 3448 2035 vita:

1875 2052 2048 2105 sancti
2074 2050 2346 2121 Fulgentii
2383 2070 2395 2105 :
2433 2053 2823 2107 Altercantibus
2864 2050 3105 2107 omnibus
3128 2053 3242 2121 quis
3272 2052 3445 2119 primo

1872 2121 2133 2193 salutaret
2157 2122 2538 2190 agnoscendus.
2568 2125 2684 2193 quis
2721 2122 3041 2178 benediceuti
3068 2132 3224 2188 caput
3248 2136 3445 2193 suppo-

1874 2202 2037 2245 neret.
2070 2191 2312 2260 Denique
2346 2191 2590 2247 incertus
2615 2203 2809 2247 auctor
2835 2194 3200 2259 Qumtionum
3246 2192 3444 2247 Veteris

1871 2274 1920 2314 et
1954 2260 2092 2333 Novi
2132 2262 2473 2327 Testameuti,
2504 2274 2695 2333 quaest.
2731 2265 2852 2319 109.
2897 2264 3080 2319 Nostri
3126 2271 3308 2317 autem
3348 2277 3446 2333 sa-

1872 2331 2124 2403 cerdotes
2166 2348 2333 2399 super
2374 2331 2578 2389 multos
2607 2334 2853 2403 quotidie
2903 2349 3097 2387 nomen
3146 2332 3447 2403 Dominiet

1870 2402 2038 2454 verba
2074 2404 2473 2458 benedictionis
2518 2402 2825 2472 imponunt.
2866 2404 2970 2457 Sed
3006 2403 3059 2457 in
3093 2405 3282 2473 paucis
3314 2402 3445 2456 elTe-

1872 2482 1994 2527 mus
2022 2480 2126 2527 est.
2164 2473 2259 2528 Est
2302 2474 2497 2529 iterum
2559 2474 2777 2543 quando
2825 2475 3078 2529 meliores
3120 2488 3179 2527 se
3221 2473 3445 2527 benedi-

1872 2551 2023 2596 cunt.
2058 2543 2320 2609 Quamvis
2344 2546 2489 2599 enim
2518 2546 2643 2615 quis
2673 2554 2898 2600 sanctus
2929 2546 3238 2615 sittcnrvat
3262 2552 3443 2615 tamen

1872 2623 2035 2681 caput
2065 2615 2131 2668 ad
2169 2612 2600 2670 benedictionem
2630 2615 2974 2671 sumendam.
3018 2613 3301 2669 Postremo
3337 2612 3446 2667 Ho—

1872 2689 2061 2739 norius
2114 2692 2168 2738 et
2218 2685 2635 2741 Valentinianus
2676 2687 2932 2753 Augusti,
2974 2685 3041 2740 de
3091 2685 3449 2739 accusatione

1869 2755 2134 2822 episcopi,
2180 2756 2481 2825 presbyteri
2524 2757 2606 2809 vel
2653 2757 2868 2810 diaconi
2909 2757 2980 2809 ita
3025 2756 3337 2810 rescribunt
3375 2753 3442 2808 ad

1870 2839 2059 2877 verum
2113 2825 2426 2895 praefectura
2469 2828 2760 2895 praetorio:
2793 2827 3058 2880 Audemus
3089 2827 3299 2894 quidem
3337 2839 3447 2877 ser-

1873 2910 2076 2966 monem
2107 2894 2280 2961 facere
2320 2894 2481 2949 solito
2501 2897 2618 2962 plus
2643 2898 2829 2950 timore
2865 2898 3027 2966 capti,
3061 2899 3126 2949 de
3168 2896 3368 2949 sanctis
3394 2904 3446 2949 et

1871 2965 2252 3018 uenerabilibus
2274 2966 2654 3030 sacerdotibus,
2688 2976 2739 3020 et
2768 2965 3011 3021 secundis
3052 2966 3443 3028 sacerdotibus,

1870 3035 1947 3088 vel
1979 3038 2140 3089 etiam
2169 3035 2363 3089 Levitis
2387 3052 2405 3098 ;
2427 3047 2476 3090 et
2501 3054 2588 3091 eos
2622 3054 2738 3090 cum
2770 3040 2913 3092 omni
2945 3039 3130 3091 timore
3170 3038 3444 3091 nominare

1868 3104 2055 3175 quibus
2082 3110 2251 3161 omnis
2279 3116 2421 3161 terra
2447 3118 2602 3175 caput
2625 3108 2871 3164 inclinat.

2421 3218 2485 3274 1η
2514 3231 2671 3288 caput
2709 3219 2879 3277 VIII.

1943 3312 2071 3367 Pas.
2115 3312 2236 3366 158.
2267 3313 2709 3384 Αὐτοκράτορες
2736 3313 3028 3384 μέγιστοι.
3074 3312 3441 3384 Baroniusﬂin

1872 3383 2168 3437 Annalibus
2209 3382 2579 3437 ecclesiasticis
2606 3381 2756 3438 hanc
2799 3381 3088 3451 epistolam
3112 3400 3220 3438 non
3263 3399 3292 3437 a
3343 3381 3445 3437 Va-

1869 3454 2170 3508 lentiniano
2202 3454 2549 3519 imperatore.
2589 3463 2646 3508 ut
2679 3456 2872 3510 scribit
2906 3454 3306 3517 Theodoretus,
3350 3453 3443 3508 sed

1869 3540 1897 3578 a
1948 3524 2716 3593 Valentepotius__scriptam
2766 3540 2890 3580 esse
2940 3526 3238 3588 existimat,
3301 3539 3447 3578 anno

1869 3594 2071 3649 Christi
2099 3591 2233 3651 365,7
2265 3608 2374 3661 quo
2404 3591 2820 3649 Valentinianus
2865 3603 2919 3650 et
2956 3594 3155 3649 Valens
3188 3595 3447 3650 consules

1875 3665 2045 3736 fuere.
2085 3662 2216 3729 Sed,
2251 3678 2383 3731 pace
2412 3664 2537 3736 ejus
2573 3664 2835 3723 dixerim.
2878 3666 3168 3736 dupliciter
3219 3665 3445 3730 fallitur,

1871 3742 1985 3788 tum
2025 3734 2079 3787 in
2105 3749 2266 3806 anno
2296 3749 2404 3801 quo
2434 3735 2639 3804 scripta
2680 3743 2764 3789 est
2813 3736 2925 3791 hac
2949 3734 3203 3806 epistola,
3229 3741 3345 3806 tum
3391 3736 3445 3806 in

1870 3821 1937 3859 eo
1973 3804 2118 3873 quod
2149 3803 2363 3857 Valenti
2398 3820 2516 3858 eam
2550 3803 2818 3875 assignat.
2853 3803 2997 3860 Nam
3028 3821 3153 3859 cum
3194 3805 3247 3858 in
3284 3804 3446 3858 titulo

1871 3877 1965 3943 qni
2003 3876 2247 3944 epistolae
2272 3877 2530 3944 pi-azlixus
2550 3884 2655 3939 est,
2695 3892 2802 3929 una
2830 3893 2953 3931 cum
2989 3875 3372 3930 Valentiniano
3392 3884 3447 3929 et

1873 3945 2101 3999 Valente
2139 3943 2439 3998 Gratianus
2476 3961 2698 4014 quoque
2742 3947 3022 4015 Angustus
3074 3955 3440 4012 nuucupetur,

1873 4017 2064 4086 procul
2096 4016 2261 4068 dubio
2287 4024 2413 4069 ante
2447 4032 2651 4070 annum
2686 4016 2887 4071 Christi
2922 4018 3043 4071 567.
3081 4017 3192 4069 haec
3214 4016 3445 4084 epistula

1874 4087 2041 4141 scribi
2090 4101 2197 4138 non
2249 4087 2446 4154 potuit.
2491 4086 2567 4140 Eo
2613 4087 2758 4140 enim
2803 4103 2948 4141 anno
2986 4087 3287 4142 Gratianus
3326 4088 3443 4139 Au-

1874 4164 2070 4222 gustus
2118 4166 2468 4224 nuncupatus
2514 4164 2620 4216 est,
2678 4168 2735 4210 ut
2778 4167 2998 4213 constat
3058 4174 3123 4212 es
3160 4157 3449 4209 Ammiano

1878 4226 2213 4287 Marcellino,
2250 4235 2304 4278 et
2335 4242 2399 4278 ex
2432 4225 2611 4280 Fastis
2640 4227 2813 4285 ldalii,
2858 4228 3123 4296 Lupicino
3154 4236 3206 4281 et
3247 4225 3449 4280 Iovino

1876 4312 2023 4351 coss.
2074 4297 2403 4364 Argumenta
2443 4312 2574 4350 vero
2614 4298 2818 4364 quibus
2862 4297 3132 4351 Baronius
3168 4298 3358 4351 nititur
3390 4306 3449 4349 ut

1876 4366 2089 4422 Valenti
2127 4382 2246 4436 cani
2277 4368 2563 4435 epistolam
2600 4369 2864 4436 assignet,
2901 4367 3290 4421 refutationem
3335 4380 3445 4420 non

1875 4448 2175 4491 merentur.
2224 4434 2465 4490 Primum
2516 4439 2658 4491 enim
2709 4434 2805 4496 ait.
2858 4436 3101 4493 Valentis
3146 4452 3342 4491 nomen
3391 4437 3444 4489 in

1877 4510 2035 4562 titulo
2070 4509 2233 4573 hujus
2275 4507 2520 4576 epistola!
2571 4508 2807 4576 praeponi
2841 4527 2853 4561 :
2888 4507 3035 4576 quod
3079 4516 3163 4562 est
3208 4506 3445 4561 falsissi-

1876 4594 2045 4639 tuum,
2097 4585 2156 4630 ut
2210 4593 2273 4628 ex
2315 4575 2673 4632 ’Tlieodoreto
2729 4575 2940 4636 nostro.
2988 4587 3040 4630 ct
3086 4593 3149 4632 ex
3198 4576 3448 4631 versione

1876 4648 2163 4719 Epiphanii
2203 4645 2527 4702 Scholastici
2550 4657 2805 4719 apparet.
2835 4648 3038 4702 Deinde
3078 4647 3224 4716 quod
3259 4647 3334 4700 ait
3355 4661 3446 4719 res

1875 4716 2091 4774 Asiana:
2143 4718 2450 4772 diteceseos
2507 4718 2642 4770 nihil
2695 4718 2763 4772 ad
2831 4718 3268 4772 Valentinianum
3320 4716 3450 4769 atti-

1878 4791 2085 4851 nuisse,
2130 4805 2305 4856 neque
2352 4788 2401 4841 id
2435 4803 2622 4841 verum
2653 4796 2756 4842 est.
2797 4788 3012 4842 Etenim
3054 4803 3120 4842 ex
3158 4788 3450 4840 Ammiano

1877 4860 2192 4913 Marcellino
2253 4858 2580 4917 didicimus.
2637 4857 3076 4913 Valentinianum
3142 4858 3449 4919 seniorem,

1877 4932 2001 4984 Ιὶιϊι
2048 4928 2257 4982 Valenti
2308 4928 2462 4981 fratri
2516 4928 2757 4983 Orientis
2801 4929 3103 4998 imperium
3141 4927 3447 4990 tribuisset,

1877 5010 2075 5053 cuncta
2102 5012 2276 5052 tamen
2317 5013 2415 5066 pro
2440 4999 2668 5052 arbitrio
2703 5014 2800 5053 suo
2826 4996 2949 5052 esse
2984 4996 3361 5061 moderatum;
3396 5003 3452 5050 et

1878 5070 2157 5123 Valentem
2214 5072 2387 5122 instar
2441 5070 2782 5136 apparitoris,
2836 5076 2895 5121 ut
2945 5067 3216 5120 Aintniani
3273 5067 3447 5119 nostri

1877 5142 2058 5195 verbis
2091 5152 2228 5200 utar,
2267 5139 2313 5191 ei
2351 5141 2680 5206 morigerum
2716 5154 2933 5206 semper
2964 5138 3157 5191 fuisse.
3206 5136 3450 5206 Denique

1876 5211 2022 5279 quod
2047 5208 2196 5263 addit
2223 5204 2519 5271 Baronius,
2558 5204 3002 5279 Valentinianum
3037 5216 3169 5279 tunc.
3198 5204 3371 5279 fuisse
3393 5206 3451 5259 in

1878 5275 2092 5344 Galliis,
2130 5294 2235 5333 non
2282 5288 2462 5332 autem
2512 5278 2564 5330 in
2610 5278 2843 5348 lllyrico,
2887 5278 3060 5348 fateer
3110 5277 3162 5329 id
3203 5275 3447 5348 quidem.

1876 5350 2062 5419 Neque
2102 5350 2246 5403 enim
2286 5345 2703 5402 Valentinianus
2749 5350 2954 5402 relictis
2994 5346 3283 5419 Galliisjn
3324 5345 3449 5419 lily-

1881 5415 2051 5475 ricum
2080 5420 2357 5488 profectus
2384 5427 2467 5474 est
2498 5420 2602 5472 nisi
2634 5434 2777 5472 anno
2805 5418 3005 5472 Christi
3034 5418 3159 5478 574,
3185 5415 3451 5488 Gratiano

1877 5502 1929 5545 et
1975 5485 2189 5559 eqtilio
2234 5504 2400 5552 coss.,
2441 5496 2498 5541 ut
2549 5489 2709 5543 docet
2753 5489 2894 5545 idem
2940 5488 3309 5559 Marcellinus.
3345 5485 3456 5538 Sed

1880 5557 2258 5625 nihibobstat,
2303 5559 2599 5628 quominus
2641 5561 2695 5612 in
2736 5559 2930 5612 Galliis
2972 5559 3209 5626 positus,
3247 5557 3453 5628 legatos

1876 5631 2198 5701 Illyriciame
2248 5624 2449 5701 synidi
2503 5630 2568 5682 ad
2620 5645 2679 5682 se
2710 5632 2936 5701 emissos
2976 5624 3253 5701 'audierit._
3280 5624 3453 5679 Porro

1880 5696 2043 5770 hu'jus
2080 5696 2324 5770 epistola:
2358 5698 2721 5753 Valentiniani
2757 5699 2822 5770 ad
2854 5699 3142 5770 episcopos
3167 5696 3309 5749 Asia:
3338 5711 3451 5770 me-

1879 5762 2043 5825 minit
2071 5762 2234 5825 etiam
2256 5768 2618 5841 Theophanes
2653 5770 2707 5825 in
2745 5762 3306 5838 Chremem—eamque
3335 5762 3451 5820 edi-

1886 5852 2026 5896 ctum
2056 5841 2308 5911 appellat.
