4216 6456
729 397 855 457 1571

727 507 899 567 situs,
936 513 987 559 ct
1021 507 1159 575 apud
1194 512 1440 561 nostrum
1472 506 1880 563 Tltcodorelum
1912 507 1966 561 in
1996 508 2152 565 libris
2176 513 2301 564 [Iw-

727 578 1011 629 reticarum
1049 578 1380 643 fabularum.

806 648 901 708 Ὠς
945 646 1233 713 πονηράν.
1272 649 1326 700 In
1379 647 1568 701 codice
1622 648 1809 701 Sarilii
1857 656 1909 700 et
1966 648 2020 701 in
2062 647 2305 703 editione

727 714 1236 788 Basiliensilrgitur
1261 718 1526 788 πονηρίαν
1583 719 1735 782 Quod
1768 719 1939 788 magis
1969 720 2161 787 probo.

795 786 903 856 Kai
943 786 1274 854 Ἀὃέλφιοςκ
1303 787 1374 841 De
1397 793 1497 840 hoc
1527 789 1792 855 Adelpbio
1832 786 2099 841 monacho
2127 788 2304 856 loqui-

724 860 814 933 tur
840 854 994 933 Nilus
1027 861 1077 908 in
1112 862 1249 909 libro
1274 859 1408 925 Περὶ
1437 854 1885 933 ιικτημωο-ύνης.
1908 861 1963 933 id
1994 868 2078 911 est
2110 861 2176 912 de
2202 854 2302 933 νο-

728 924 962 977 luntaria
1001 924 1541 995 paupertati-{liuius
1585 924 1785 987 locum,
1827 932 1952 993 quia
1989 938 2181 980 auctor
2212 931 2304 981 ille

724 998 964 1078 nondum
994 1000 1173 1081 editus
1200 1008 1302 1081 cst.
1340 999 1426 1081 hic
1465 1013 1734 1081 apponitur
1762 1014 1776 1081 ξ
1843 998 1981 1081 Ἀλλ’
2002 999 2300 1081 ὃραμίγτῇ

722 1064 829 1138 τῶν
852 1066 1435 1138 ᾁγξωνδιηνεκείςπερὶ
1482 1064 1542 1119 τὸ
1576 1068 1715 1119 θεῖον
1754 1068 1999 1138 ἀσχολίᾳ,
2038 1064 2156 1138 σοῖς
2195 1064 2302 1119 dub

737 1134 1010 1204 ’Λδελφίου
1034 1138 1124 1189 τοῦ
1158 1138 1253 1201 τῆς
1283 1134 1453 1205 μέσης
1485 1138 1591 1188 τῶν
1621 1134 1882 1205 ποταμῶν
1918 1134 2011 1190 καὶ
2051 1136 2301 1202 Ἀλεξάν-

724 1203 848 1272 δρου
887 1203 977 1258 τοῦ
1012 1208 1146 1277 πρὸς
1182 1203 1359 1273 ὀλίγον
1385 1203 1480 1276 τὴν
1504 1203 1930 1277 βασιλευομένην
1960 1206 2302 1259 Κωνσταντί-

723 1291 815 1346 νον
834 1277 984 1327 πόλιν
1015 1276 1347 1339 θολώσαντος
1379 1278 1574 1345 ἀργίας
1614 1276 1917 1346 ὰνοίγωμεν
1954 1277 2143 1346 Οὐραν.
2171 1294 2305 1346 προ-

723 1345 983 1413 κάλυμμα
1019 1349 1116 1413 τῆς
1147 1350 1270 1416 περὶ
1295 1348 1390 1415 τὴν
1420 1348 1680 1415 ἐργασίαν
1698 1345 1975 1415 ὀκντξρίας.
1998 1345 2059 1398 τὸ
2080 1345 2305 1399 διαπαν-

720 1417 809 1489 τὸς
839 1417 1015 1489 δοκεῖν
1040 1421 1467 1488 προσκαρτερεῖν
1496 1420 1559 1486 τῇ
1590 1422 1858 1489 προπιεχῇ
1892 1418 2298 1489 πεποιημένοις,

723 1488 815 1537 καὶ
837 1488 972 1547 νέοις
1012 1490 1164 1538 παισὶ
1206 1486 1298 1540 καὶ
1335 1486 1560 1554 ἀνδράσι
1594 1486 1895 1553 σφριγῶσιν
1920 1486 1999 1536 ἔτι
2040 1490 2178 1537 κατὰ
2204 1487 2302 1555 τὴν

726 1558 877 1624 ἰσχὺν
929 1558 1020 1609 τοῦ
1071 1557 1339 1626 σώματος,
1388 1560 1479 1608 καὶ
1535 1557 1736 1624 ταύτην
1784 1556 1995 1617 πολλοῖς
2031 1556 2302 1626 ὀφείλουσι

722 1627 1025 1678 καταλῦσαι
1060 1624 1208 1679 πόνοι
1234 1648 1263 1690 ·,
1298 1626 1692 1695 νομοθετήσασι
1727 1627 1785 1677 τὸ
1820 1626 1893 1695 μὴ
1932 1624 2258 1694 ἐργάζεσθαι
2286 1640 2299 1654 ⁸

721 1700 788 1766 τῇ
824 1698 1002 1749 ἀνέσει
1036 1699 1128 1748 καὶ
1168 1698 1234 1749 τὰ
1282 1698 1427 1766 πάθη
1462 1698 1645 1758 αὐτοῖς
1689 1698 2024 1766 ἐπεγείρασι,
2075 1697 2190 1766 και
2225 1695 2301 1765 τῷ

722 1764 967 1834 λογισμῷ
1015 1768 1391 1835 παρασχοῦσιν
1419 1764 1426 1766 ἡ
1456 1768 1675 1828 ἄδειαν,
1715 1770 1835 1827 ταῖς
1884 1764 2091 1817 τούτων
2146 1764 2301 1835 ὓλλαις

724 1832 1233 1905 ὲνευκίαίρεῖνίὲωξ
1257 1836 1322 1888 ἂν
1349 1840 1380 1905 ἡ
1410 1836 1639 1888 δοκοῦσα
1676 1836 1969 1903 προσευχὴ,
2016 1836 2115 1886 οὐκ
2168 1832 2302 1887 οὖσα

720 1905 775 1957 δὲ
811 1906 965 1958 τοῦτο
998 1908 1134 1975 ὅπερ
1157 1908 1391 1974 λέγεται,
1430 1908 1603 1975 πάντη
1638 1906 1923 1973 ἀπόληται.
1960 1906 2013 1956 id
2042 1916 2167 1975 est:
2196 1906 2301 1959 Sed

722 1975 837 2029 vide
864 1993 923 2028 ne
947 1974 1167 2029 assidua
1197 1992 1499 2028 sanctorum
1524 1974 1793 2028 hominum
1830 1980 1881 2028 in
1926 1976 2081 2029 rebus
2101 1974 2299 2029 divinis

725 2048 1086 2113 occupatione,
1144 2048 1419 2115 discipulis
1464 2047 1706 2113 Adelphii
1762 2045 2198 2111 Mcsopotameni,
2251 2056 2301 2099 et

723 2118 1016 2170 Alexandri
1071 2119 1216 2170 illius
1239 2120 1329 2186 qui
1350 2119 1868 2183 Constantinopolim
1894 2118 2031 2169 brevi
2051 2120 2297 2185 temporis

724 2190 897 2253 spatio
922 2188 1246 2251 perturbavit
1270 2229 1282 2247 ,
1317 2188 1537 2239 desidiae
1577 2188 1804 2255 januam
1842 2188 2165 2255 aperiamus.
2198 2186 2301 2250 Qui

722 2274 875 2311 suam
902 2259 970 2308 ad
998 2274 1126 2325 opus
1163 2258 1463 2325 faciendum
1496 2258 1769 2326 pigritiam
1806 2274 1866 2309 eo
1908 2260 2197 2310 relantento
2225 2268 2300 2309 te-

722 2329 932 2397 gebant,
989 2330 1144 2395 quasi
1195 2339 1441 2395 perpetuo
1496 2329 1725 2380 orationi
1785 2328 2162 2380 incumberent.
2229 2327 2297 2379 It't

723 2398 1139 2451 adolescentibus
1171 2415 1233 2451 ac
1260 2400 1385 2451 viris
1420 2398 1601 2451 robore
1632 2399 1867 2464 Corporis
1905 2398 2081 2450 adhuc
2123 2399 2300 2466 vigen-

724 2468 888 2522 tibus.
938 2478 985 2521 et
1025 2471 1115 2537 qui
1149 2472 1377 2539 vigorem
1410 2470 1562 2521 illum
1609 2469 1774 2520 multo
1814 2468 1993 2539 labore
2036 2477 2300 2522 conterere

723 2554 852 2605 opus
889 2539 1163 2601 habebant,
1187 2538 1560 2606 priccipiebant
1590 2555 1653 2591 ne
1691 2555 1820 2605 opus
1857 2538 2126 2606 furerent:
2154 2539 2299 2591 desi-

722 2610 811 2661 dia
842 2610 1262 2677 perturbationes
1292 2611 1456 2663 animi
1487 2627 1537 2662 in
1565 2612 1639 2662 eis
1663 2611 1989 2671 excitantes;
2017 2618 2065 2661 et
2092 2612 2299 2678 cogita-

723 2681 856 2731 tioni
881 2681 1100 2731 liberam
1130 2681 1464 2733 concedentes
1489 2681 1821 2746 {acu/tatem.
1856 2690 1909 2731 ut
1941 2682 1991 2731 in
2014 2682 2298 2746 perturba-

725 2753 931 2801 tionum
986 2750 1200 2802 illarum
1256 2750 1479 2802 materia
1526 2751 1898 2809 obiectaretur,
1957 2750 2300 2817 quoadusque

722 2820 1044 2889 imaginaria
1070 2821 1284 2872 illornnt
1316 2822 1574 2887 precatio,
1600 2819 1687 2873 sed
1719 2836 1837 2889 qua:
1864 2835 2043 2873 revera
2062 2821 2295 2887 precatio

721 2906 824 2942 non
853 2900 949 2945 est.
981 2892 1184 2952 penitus
1223 2892 1482 2943 interiret.

807 2960 1277 3025 Ἃποκρύπτουσι
1306 2961 1465 3024 τούς.
1511 2958 1664 3011 llunc
1704 2959 1880 3012 locum
1929 2959 2209 3013 emendavi
2236 2975 2301 3013 cx

722 3028 938 3082 duobus
969 3046 1100 3084 mss.
1125 3031 1429 3091 codicibus,
1472 3030 1746 3081 Savitiauo
1774 3030 1984 3082 scilicet
2026 3044 2091 3083 ac
2128 3031 2297 3098 regio,

721 3099 777 3153 in
803 3099 1003 3167 quibus
1038 3102 1294 3169 scribitur
1327 3101 1784 3169 ἀποκηρύττουσι.
1812 3099 1984 3169 Quam
2014 3099 2301 3152 lectionem

722 3173 1008 3222 coolirmat
1055 3173 1168 3239 ipse
1207 3168 1585 3224 'l‘lieodoretus
1618 3170 1667 3221 in
1713 3171 1806 3222 lib.
1839 3186 1888 3221 iv
1920 3168 2306 3222 Hwt'eticarum

722 3240 1053 3305 fabularum,
1088 3257 1208 3305 (ξιιμ.
1261 3241 1344 3301 ll,
1379 3240 1446 3291 de
1504 3239 1844 3292 Messaliaois
1877 3242 1946 3291 ita
2002 3240 2250 3293 scribens
2284 3255 2298 3291 :

733 3309 1250 3375 Ἀναοεματίζουσιν
1273 3309 1517 3371 εὐπετῶς
1547 3310 1671 3370 τοὺς
1704 3309 1908 3360 τούτων
1936 3324 1987 3359 τι
2020 3308 2299 3375 λέγοντας.

804 3378 993 3445 Ἐφ’-τῇ
1026 3378 1197 3447 ψυχῇ
1236 3377 1641 3446 περιφέρουσι.
1676 3380 1856 3431 Codex
1898 3378 2086 3430 Savilii
2112 3389 2157 3432 et
2199 3377 2303 3431 Ba-

722 3448 964 3502 silicusis
990 3446 1157 3503 editio
1192 3461 1452 3517 scriptum
1479 3450 1677 3501 habent
1717 3450 1773 3499 ἐν
1796 3450 1913 3509 ταῖς
1939 3446 2156 3516 ψυχαῖς.

794 3520 1064 3585 Λητόΐος.
1100 3520 1155 3572 In
1194 3516 1517 3575 ιιιεζρυόίοθ
1543 3519 1730 3570 Savilii
1764 3526 1814 3571 ct
1841 3519 1893 3570 in
1925 3519 2162 3570 editione
2197 3516 2303 3570 Ba-

722 3589 935 3643 silieosi
962 3591 1207 3657 Λητώῖος
1235 3590 1515 3650 scribitur,
1540 3589 1743 3642 rectius
1776 3591 1828 3641 ni
1868 3589 2043 3641 fallor.
2078 3586 2305 3642 Exstant

724 3658 788 3711 ad
830 3658 978 3711 illurn
1013 3659 1485 3727 aliqnotcpistola:
1515 3658 1698 3711 Basilii
1741 3659 1945 3726 magni.

807 3729 1199 3796 Ἂμφιλόχιος.
1238 3727 1335 3780 llic
1367 3729 1635 3851 sxnodum
1675 3728 1864 3795 viginti
1913 3728 2156 3807 quinque
2188 3728 2306 3796 epi-

807 3814 1014 3851 lDUl’llln
1072 3802 1337 3851 adversus
1426 3798 1760 3851 lessalianos
1800 3799 2015 3851 collegit
2062 3814 2117 3851 tn
2172 3802 2306 3851 urbe

724 3813 1014 3867 scirporum
1072 3802 1337 3852 adversus
1400 3798 1760 3852 Messalianos
1800 3799 2015 3867 collegit
2062 3800 2117 3851 in
2172 3802 2307 3852 urbe

728 3868 877 3930 Sida,
919 3870 986 3922 de
1013 3884 1118 3938 qua
1162 3868 1388 3922 Pliotius
1430 3870 1483 3922 in
1517 3868 1796 3931 Bibliotlt.,
1830 3882 1952 3937 cap.
1997 3867 2085 3935 52,
2134 3871 2306 3921 multa

725 3940 888 3993 liabet
920 3939 1061 3992 scitu
1096 3940 1279 4007 digna.

797 4008 926 4063 Ps6.
956 4010 1075 4062 164.
1120 4005 1221 4061 Ἐν
1247 4006 1477 4073 Ἐδέσῃ.
1510 4005 1831 4060 Basiliensis
1850 4005 2016 4059 editio
2040 4007 2304 4076 scriptum

727 4080 887 4132 liabet
914 4079 1159 4149 Ἐδέσσῃ,
1178 4079 1346 4149 Porro
1379 4079 1491 4149 haec
1520 4081 1659 4129 iacta
1693 4088 1820 4149 sunt
1851 4087 2110 4145 regnante
2129 4076 2305 4130 Theo-

726 4149 900 4201 tiosio.
935 4148 1090 4201 Tune
1117 4147 1270 4201 enim
1306 4147 1598 4200 Flavianus
1618 4154 1680 4199 ad
1712 4148 2087 4215 episcopatum
2114 4148 2307 4201 Antio-

725 4219 947 4272 chensis
990 4217 1245 4272 Ecclesiae
1270 4229 1550 4287 promotus
1574 4228 1658 4269 est
1692 4235 1703 4269 :
1732 4219 1833 4269 sub
1873 4217 2033 4285 cujus
2073 4216 2309 4270 admini-

728 4291 992 4341 stratione
1013 4298 1128 4340 erat
1167 4288 1365 4342 Edessa
1408 4295 1462 4341 et
1495 4302 1685 4340 omnes
1720 4287 1959 4355 Orientis
1990 4288 2304 4355 provinciae.

727 4359 831 4411 Pro
853 4361 959 4414 nde
985 4356 1390 4416 Tlieodorctus,
1426 4358 1717 4410 occasione
1747 4354 2190 4411 Messalia’uorum
2221 4372 2308 4411 ar-

727 4438 901 4495 repta,
926 4430 1170 4482 ordinem
1205 4438 1511 4496 temporum
1542 4429 1857 4480 antevertit.
2000 4466 2005 4473 .

801 4497 1053 4566 Ἔλεγξέ
1081 4515 1154 4550 σε
1188 4498 1254 4549 τὸ
1286 4498 1403 4549 σὺν
1425 4497 1638 4562 στόμα.
1684 4497 1738 4548 ιιι
1773 4496 1944 4549 altero
1988 4496 2176 4551 codice
2219 4514 2307 4552 re—

727 4568 835 4635 gio,
871 4573 1029 4635 cujus
1055 4571 1331 4620 variantes
1364 4569 1624 4619 lectiones
1680 4568 1745 4618 ad
1796 4567 1998 4619 calcem
2046 4568 2306 4623 editionis

726 4653 838 4691 Siue
875 4640 1184 4705 Stephanus
1206 4637 1444 4699 excudit,
1477 4637 1735 4689 scribitur
1771 4636 2006 4701 ἐλέγξαι,
2032 4648 2085 4690 et
2112 4641 2303 4707 paulo-

727 4719 848 4776 post
876 4710 1127 4761 similiter
1156 4708 1670 4777 καταμαρτυρήσας,
1705 4709 1979 4774 quomodo
2001 4709 2163 4760 etiam
2192 4708 2310 4761 edi-

726 4780 805 4831 dit
834 4778 1069 4833 Jacobtts
1103 4778 1454 4831 διι·ιιιιιιι.ιυς.

1290 4867 1354 4921 In
1405 4877 1562 4935 caput
1599 4866 1738 4922 XII.

796 4960 925 5014 Ps0.
958 4960 1076 5014 165.
1101 4960 1393 5027 Στρατιάν
1417 4977 1480 5012 τε
1513 4959 2050 5027 συναθροῑσαικαί.
2084 4958 2308 5017 Rectius

727 5033 780 5086 iu
817 5032 1007 5085 codice
1040 5031 1228 5083 Saviln
1261 5042 1315 5085 et
1347 5032 1399 5083 in
1433 5033 1674 5084 editione
1716 5030 2003 5085 Basiliensi
2040 5032 2125 5083 bic
2156 5031 2310 5086 locus

726 5103 983 5157 scribitur
1010 5102 1112 5172 μοι*
1143 5102 1326 5162 modo,
1353 5102 1612 5170 στρατιὰν
1643 5102 2017 5172 σνναθροήσας
2047 5100 2308 5172 στρατεῦ-

729 5191 841 5237 σαι,
868 5184 972 5226 etc.
1008 5170 1081 5224 De
1110 5172 1209 5224 hac.
1240 5169 1584 5240 expeditione
1623 5169 1865 5227 Valentis
1903 5169 2171 5226 adversus
2202 5169 2311 5224 Go-

729 5246 853 5297 tbos
878 5244 1103 5295 consule
1141 5243 1485 5294 Animi-auum
1522 5241 1917 5296 Marcellinum.

802 5314 884 5362 Οὐ
922 5312 1298 5376 δορυάλιυτος
1322 5314 1534 5378 μόνον.
1572 5312 1766 5365 Vocem
1804 5312 1963 5381 μόνον
1996 5320 2047 5365 et
2074 5310 2308 5378 conjun-

727 5384 963 5439 ctioncm
998 5398 1114 5448 quae
1156 5386 1407 5450 sequitur
1448 5384 1715 5452 expunxi,
1747 5390 1969 5436 secutus
2009 5385 2308 5434 auctorita-

725 5460 836 5507 tem
890 5454 1096 5506 codicis
1141 5452 1403 5506 Saviliani
1452 5463 1503 5506 et
1568 5454 1882 5506 Basilieusis
1931 5453 2208 5506 editionis.
2252 5452 2305 5505 lu

726 5529 924 5592 quibus
970 5532 1115 5575 totus
1151 5524 1241 5576 bic
1286 5525 1440 5577 locus
1489 5523 1561 5574 ita
1615 5524 1918 5577 scribitur:
1957 5524 2064 5575 Καὶ
2086 5524 2308 5588 γέγονεν

726 5596 786 5645 οὐ
813 5594 1145 5661 δορυάλωτος
1166 5610 1179 5624 ⁸
1213 5592 1326 5645 ἀλλ’
1351 5593 1534 5663 ἀπάτῃ
1554 5592 1662 5644 τῶν
1694 5592 2012 5660 γυναικείων
2047 5593 2308 5661 ῥημάτων

730 5666 991 5732 ὑπήκοος.

1275 5730 1338 5786 1η
1374 5742 1531 5799 caput
1565 5730 1740 5785 XIII.

796 5826 927 5882 Pas.
969 5828 1088 5884 l66.
1116 5826 1542 5889 Στρατιωτικύν
1565 5825 2006 5893 ἀμπεχόμενος.
2050 5821 2165 5878 Duo
2203 5837 2302 5875 no-

2042 397 2431 457 HNALESII
2471 398 2689 458 NOTAE

3860 399 3958 463 157

2411 510 2575 563 tanda
2605 511 2820 581 suntin
2867 511 2967 564 hac
3006 512 3356 576 narratione,
3405 512 3486 564 vel
3514 512 3693 581 potius
3718 512 3843 565 tria.
3872 510 3990 564 Ριὶ-

2410 595 2579 642 mum,
2620 580 2765 648 quod
2794 582 3085 650 episcopus
3125 583 3287 635 sumit
3314 580 3556 635 habitum
3589 582 3901 644 mi3itarem,
3940 584 3991 636 id

2404 658 2496 722 est
2517 651 2856 722 chlamydem
2884 660 2937 704 et
2969 652 3215 710 balteum.
3254 651 3474 713 Deinde,
3500 653 3642 717 quod
3672 653 3866 705 tiaram
3900 668 3985 705 ca.

2408 720 2500 787 piti
2536 720 2784 789 imponit.
2810 722 2884 773 Ex
2912 737 3021 787 quo
3050 733 3296 789 apparet,
3329 723 3615 790 episcopos
3648 736 3713 774 eo
3744 729 3994 790 tempore.

2407 790 2600 840 tiaram
2654 806 2760 842 non
2813 802 3076 855 gestassn.
3135 792 3271 842 Nam
3308 792 3353 844 si
3405 806 3524 845 eam
3583 802 3801 861 gestare
3848 792 3987 846 Soliti

2403 866 2587 913 essent
2616 862 2876 927 episcopi.
2906 876 3013 913 non
3048 863 3095 911 ill
3134 873 3186 913 ut
3229 877 3429 914 novum
3462 873 3624 929 atque
3669 863 3992 913 inusitatum

2403 939 2620 982 notaret
2645 933 2695 982 iu
2728 930 2960 983 Eusebio
2984 931 3380 984 Tbeodoretus.
3413 930 3626 983 Tiaratu
3658 932 3825 999 igitur
3843 948 3995 985 sunt-

2406 1002 2515 1067 psit
2546 1000 2838 1071 Eusebius,
2867 1016 3021 1071 more
3047 1004 3305 1071 Syrorum
3338 1016 3400 1053 ac
3434 1006 3749 1071 Persarum:
3777 1002 3871 1068 qui
3901 1019 3997 1051 ca-

2405 1078 2499 1137 put
2520 1070 2657 1122 tiara
2682 1074 2932 1139 tegebant
2962 1070 3226 1124 adversus
3251 1072 3386 1125 solis
3416 1071 3689 1123 ardorem.
3719 1070 3991 1136 Tertium;

2403 1141 2547 1207 quod
2589 1141 2675 1193 hic
2699 1142 2995 1192 notamlmu
3029 1143 3293 1203 occurrit,
3329 1152 3415 1193 est
3444 1140 3718 1193 ordinatio
3752 1157 3858 1193 non
3902 1155 3999 1193 so-

2406 1209 2514 1260 lum
2557 1212 2998 1279 presbyterorum
3035 1227 3099 1264 ac
3147 1212 3529 1273 diaconorutn,
3586 1225 3774 1263 verum
3830 1211 3996 1263 etiam

2403 1280 2809 1348 episcoporum.
2850 1282 2982 1344 Qum
3011 1284 3196 1333 omnia
3237 1295 3361 1332 cum
3404 1282 3513 1333 sint
3545 1280 3826 1333 contraria
3862 1279 3997 1347 legi-

2405 1348 2506 1401 lms
2533 1351 2945 1414 ecclesiasticis,
2980 1362 3130 1403 extra
3164 1350 3409 1403 ordinem
3441 1360 3589 1418 gesta
3622 1364 3751 1401 sunt
3781 1352 3849 1402 ab
3888 1348 3998 1400 Eu-

2404 1420 2556 1471 Sebio
2588 1418 2980 1484 Samosatensi,
3005 1422 3193 1474 divino
3229 1422 3422 1489 spiritu
3476 1421 3542 1471 ad
3594 1420 3705 1489 haec
3738 1435 3863 1472 eum
3895 1420 3997 1471 itu-

2404 1490 2653 1557 pellente,
2684 1490 3084 1542 utAriauorum
3113 1488 3282 1542 t'urori
3310 1491 3625 1543 obsisteret.
3663 1488 3992 1556 Huiusmodi

2403 1559 2658 1626 plurima,
2699 1571 2751 1613 et
2782 1570 2937 1622 tunc,
2971 1568 3023 1614 ct
3056 1561 3193 1613 alias
3226 1571 3374 1629 gesta
3421 1570 3549 1614 sunt
3575 1576 3603 1612 a
3642 1560 3995 1628 pra-stantis-

2403 1630 2557 1681 simis
2616 1631 2907 1698 episcopis.
2943 1629 3045 1695 Qui
3106 1632 3193 1682 ubi
3234 1628 3615 1683 Cbrisrianam
3672 1630 3993 1696 religionem

2403 1698 2701 1765 periclitari
2732 1701 3009 1759 videbant.
3038 1701 3435 1769 parvipendere
3472 1702 3723 1753 solebant
3772 1701 3996 1769 regulas

2401 1777 2455 1821 et
2487 1784 2726 1823 canones
2757 1769 3053 1834 Ecclesiae,
3107 1772 3400 1823 dummodo
3450 1770 3752 1823 Et'Cil'Sialll
3806 1770 3985 1837 ipsam

2404 1838 2608 1891 salvam
2640 1851 2800 1907 atque
2831 1842 3094 1907 integram
3116 1851 3527 1893 cooservarent.
3568 1840 3585 1892 Ι
3615 1853 3755 1906 aque
3795 1838 3857 1907 in_
3890 1843 3994 1891 tiu-

2399 1908 2640 1979 j_t_tsniodi
2674 1905 3092 1963 discriminibus
3140 1911 3352 1963 valebat
3382 1910 3497 1964 hate
3531 1905 3720 1979 regula
3756 1926 3770 1962 :
3826 1905 3995 1962 Salus

2407 1976 2658 2032 Ecclesiae
2682 1995 2925 2046 suprema
2957 1982 3040 2032 lea:
3071 1990 3205 2033 esto.

2974 2092 3040 2147 In
3067 2102 3224 2159 caput
3258 2092 3341 2147 XI
3358 2094 3418 2148 V.

2483 2186 2847 2259 Ἐσπερινὴν
2874 2188 3651 2259 lettovprt'arsEpipbanius
3706 2196 3759 2241 et
3794 2188 3993 2257 reliqui

2403 2255 2729 2329 interpretes
2764 2258 2830 2311 de
2870 2255 3183 2329 vespertino
3221 2255 3579 2311 ollicio'bunc
3617 2265 3793 2312 locum
3829 2255 3995 2312 intel-

2404 2327 2672 2398 lexerunt.
2710 2330 2821 2398 Ego
2851 2327 2981 2382 vero
3008 2331 3075 2385 de
3108 2331 3402 2383 missarum
3436 2331 3873 2391 vespertinartun
3900 2344 3994 2382 sa-

2401 2397 2610 2469 crilicio
2651 2397 2833 2451 malim
2890 2399 3218 2468 intelligere.
3272 2400 3485 2452 Etenim
3521 2398 3835 2469 λειτουργία
3880 2415 3992 2452 ιιοιι

2405 2467 2508 2521 nisi
2531 2468 2597 2521 de
2625 2470 2917 2522 missarum
2940 2467 3276 2523 solemnibus
3299 2474 3551 2537 usurpari
3581 2467 3735 2523 solet.
3761 2468 3995 2537 Vesper-

2404 2539 2530 2609 tiuie
2555 2547 2733 2591 autem
2765 2540 2945 2593 missa!
2973 2540 3172 2593 ﬁebant
3199 2541 3251 2593 in
3273 2539 3714 2609 quadragesima.
3740 2538 3845 2604 Qui
3874 2554 3994 2594 nios

2404 2608 2713 2663 diutissime
2763 2612 3063 2675 permansit
3097 2612 3151 2663 in
3191 2608 3454 2667 Ecclesia.
3496 2618 3553 2663 ut
3583 2611 3742 2665 docet
3769 2612 3997 2663 Amala-

2402 2679 2517 2731 rius
2554 2680 2611 2749 iu
2637 2680 2729 2732 lib.
2766 2679 2839 2731 De
2868 2679 3013 2733 Eccl.
3048 2681 3256 2749 oﬂiciis.
3290 2696 3412 2749 cap.
3446 2681 3497 2732 ‘7.

2472 2748 2616 2813 [Iap'
2641 2750 2866 2812 αὐτοὺς
2892 2750 3022 2819 γάρ.
3049 2751 3104 2803 lu
3145 2750 3335 2804 codice
3364 2748 3557 2802 Savilii
3585 2760 3639 2803 et
3663 2750 3717 2802 in
3749 2748 3997 2804 editione

2400 2816 2688 2890 Basiliensi
2713 2816 2921 2890 rectius
2946 2816 3205 2873 scribitur
3230 2819 3361 2890 παρ’
3380 2820 3529 2890 αὑτῴ
3548 2822 3655 2890 γὰρ
3677 2820 3771 2872 τοῦ
3798 2820 3997 2881 ἄστεος

2399 2886 2494 2958 τῷᾼ
2513 2888 2805 2958 περιϐόλῳ.

2470 2956 2601 3009 Plio.
2633 2956 2887 3012 167ζΚαὶ
2920 2960 3118 3026 πόῥρω
3152 2958 3456 3027 κειμένην.
3499 2960 3557 3012 1η
3589 2959 3829 3013 editione
3888 2958 3998 3011 Ba-

2402 3025 2609 3079 silieusi
2642 3038 2696 3080 et
2737 3030 2789 3081 in
2838 3044 2967 3081 mss.
2996 3025 3206 3082 codice
3243 3025 3451 3082 Savilii
3506 3029 3702 3095 legitur
3732 3031 3827 3081 καὶ
3861 3030 3999 3091 ἑκὰς

2402 3096 2857 3170 κειμένηνηιιιιοιι
2889 3100 3071 3152 verius
3108 3110 3257 3166 puto.
3289 3098 3425 3152 Nam
3455 3098 3835 3154 Theodoretus
3866 3115 3999 3170 poe-

2402 3166 2526 3221 ticis
2556 3166 2842 3222 vocabulis
2872 3170 2948 3222 uti
2987 3171 3147 3224 solet.

2970 3287 3038 3338 In
3091 3294 3251 3352 caput
3287 3284 3414 3339 XV.

2482 3374 2607 3427 Τῶν
2631 3378 2749 3441 τὴν
2776 3376 2959 3429 πόλιν
2986 3378 3338 3429 οἰκούντων.
3356 3375 3540 3429 Codex
3570 3376 3757 3431 Savilii
3803 3392 3995 3432 vocem

2404 3444 2684 3516 interserit
2708 3447 2810 3498 boc
2850 3447 3032 3509 modo,
3085 3446 3183 3516 τὴν
3222 3447 3377 3498 πόλιν
3418 3448 3634 3515 ἐκείνην
3672 3448 3993 3501 οἰκούντων.

2488 3515 2590 3567 Ἔν
2626 3516 2751 3581 τοῖς
2774 3516 2996 3579 adstare.
3030 3516 3121 3568 SH:
3142 3515 3387 3584 loquitur
3416 3520 3739 3571 Ammianus
3767 3519 3999 3570 Marcel-

2405 3583 2550 3637 linus
2585 3584 2637 3637 in
2685 3587 2778 3637 lib.
2855 3602 3024 3639 xxvut
3059 3601 3073 3638 :
3115 3583 3267 3639 Tales
3318 3587 3409 3637 ubi
3453 3588 3829 3640 comitantibus
3879 3588 3996 3640 sin-

2403 3656 2557 3722 gulos
2603 3657 2988 3725 quinquaginta
3028 3655 3290 3708 ministris
3328 3656 3498 3708 tholos
3540 3660 3841 3711 introierint
3875 3656 3994 3709 bolo

2405 3735 2775 3796 nraruin.etc.
2801 3737 2852 3779 et
2876 3727 3170 3778 anteillutn
3198 3725 3492 3782 Athenaeus
3522 3727 3573 3779 iu
3607 3728 3701 3780 lib.
3743 3745 3801 3789 it.
3830 3726 3998 3796 βαλα-

2406 3794 2564 3845 νείων
2599 3793 2784 3857 θόλους
2810 3796 3040 3848 dixerat.

2479 3861 2609 3916 Pac.
2650 3866 2772 3917 168.
2804 3863 2909 3917 Διὰ
2952 3863 3074 3917 τῶν
3120 3866 3227 3919 τοῦ
3254 3866 3397 3918 ὄνου
3441 3864 3644 3919 ποδῶν
3690 3865 3992 3931 διαϐῆναι.

2409 3932 2636 3988 “celius
2686 3936 2739 3988 in
2774 3950 2876 3988 nis.
2932 3936 3124 3989 codice
3150 3937 3336 3990 Sarilii
3380 3945 3433 3989 et
3477 3939 3528 3988 in
3564 3938 3803 3991 editione
3833 3937 3991 3991 Basi-

2410 4004 2578 4076 liensi
2608 4006 2804 4076 legitur
2832 4005 3241 4076 ὲκκυλισθῆναι.
3269 4006 3385 4057 Νοιι
3418 4006 3561 4059 enim
3594 4008 3874 4076 proprium
3908 4018 3994 4061 cst

2410 4073 2876 4143 pilaebtaiiativsw,
2907 4076 2999 4128 sed
3035 4075 3335 4128 κυλίεσθαι.

2480 4142 2608 4211 Πῦρ
2635 4143 3241 4216 ἀνάψαντεςηΡοεευι
3300 4144 3466 4198 scribi
3518 4145 3695 4216 πυρὰν
3727 4147 3990 4215 ἅψαντες,

2407 4216 2728 4288 etl'ortasse
2756 4220 2977 4288 rectius.
3012 4215 3453 4288 Sequitur_eniut
3491 4215 3713 4288 καὶτὴν
3748 4220 3991 4287 σφαῖραν

2408 4282 2497 4336 διὰ
2518 4284 2612 4356 τοῦ
2653 4284 2823 4354 πυρὸς
2850 4282 3253 4347 ἀκοντίσαντες.
3284 4286 3446 4356 Esset
3471 4295 3647 4356 autem
3668 4282 3989 4356 inelegans,

2409 4355 2638 4407 eandem
2685 4370 2872 4407 vocem
2909 4357 2962 4408 in
3015 4356 3203 4409 eadem
3256 4356 3397 4407 linea
3442 4354 3522 4408 bis
3554 4354 3994 4411 renetcrefb‘cio

2410 4424 2627 4493 quidem
2660 4423 2922 4478 Iacobum
2952 4424 3305 4495 Sirmundunt
3338 4424 3579 4478 edidisse
3612 4423 3700 4478 διὰ
3727 4428 3827 4495 τῆς
3860 4426 3995 4494 φλο-

2410 4495 2505 4562 γὸς
2533 4495 2935 4557 ἀκοντίσαντες.
2970 4494 3077 4548 Sed
3104 4497 3276 4547 nostri
3314 4494 3529 4547 codices
3560 4494 3881 4549 reclamant.

2488 4562 2603 4630 Τῆς
2631 4565 2932 4636 Εὐσεϐίουν
2978 4563 3593 4636 avn'erelacsMallem
3649 4567 3893 4620 scribere
3921 4570 3987 4636 τῇ

2412 4635 2703 4706 σνγγενεγία
2733 4635 3105 4704 κοσμούμενος
3128 4675 3141 4701 ,
3181 4644 3239 4688 ιιι
3275 4634 3472 4703 legisse
3499 4636 3711 4690 videtur
3747 4634 3993 4706 Eptpbal

2412 4704 2537 4758 nius
2568 4704 2958 4759 Sebotasucus.

2496 4774 2802 4839 Ὶωόιανός.
2829 4772 3067 4828 Iacobus
3101 4773 3431 4831 Sirmundus
3460 4775 3630 4830 edidit
3667 4773 3902 4837 Ἰωόῖνος
3926 4792 3989 4830 ex

2414 4844 2587 4897 altero
2645 4845 2835 4897 codice
2881 4846 3050 4913 regio,
3101 4848 3260 4913 cujus
3301 4850 3576 4901 variantes
3624 4846 3885 4899 lectiones
3924 4848 3989 4898 ad

2413 4916 2616 4984 calcem
2642 4914 2897 4968 editionis
2941 4930 3053 4969 sum
3098 4916 3369 4971 Robertus
3424 4916 3734 4984 Stephanus
3764 4917 3991 4983 adjecit.

2411 4983 2595 5036 Nostri
2627 4992 2809 5038 tamen
2863 4987 3082 5039 codices
3134 4994 3188 5039 et
3240 4983 3580 5056 Epiphanius
3616 4985 3993 5041 Scliotasticus

2413 5056 2684 5120 Vulgatam
2718 5056 3045 5123 scripturam
3086 5065 3329 5110 tuentur.

2476 5123 2606 5177 Plio.
2638 5124 2755 5177 169.
2792 5123 3001 5189 Δεξιᾶς
3023 5124 3354 5195 δεξαμένης
3379 5124 3694 5195 μυστήρια.
3724 5124 3993 5182 Iovianus

2411 5196 2701 5262 episcopus
2728 5195 2926 5263 Persae,
2960 5210 3082 5248 cum
3119 5200 3341 5251 Artanis
3376 5196 3693 5265 aliquandiu
3740 5212 3993 5249 commu-

2412 5268 2735 5318 uicaverat:
2788 5266 3189 5320 communionis
3255 5279 3434 5321 autem
3494 5270 3635 5319 inter
3695 5268 3994 5335 episcopos

2414 5335 2517 5405 lioc
2570 5344 2688 5387 erat
2733 5337 3063 5405 symbolum,
3117 5347 3174 5388 ut
3228 5338 3363 5390 alter
3390 5336 3457 5388 ab
3494 5337 3664 5390 altero
3715 5338 3994 5405 acciperet

2416 5404 2839 5461 Eucharistiaiu.
2867 5406 3040 5474 llujus
3067 5408 3140 5459 rei
3166 5405 3472 5474 exemplum
3496 5407 3739 5459 occurrit
3762 5408 3826 5458 ad
3844 5404 3995 5458 Ἐγει-

2411 5477 2588 5544 grium
2628 5477 2806 5545 in_lib.
2840 5491 2876 5536 ι,
2903 5492 3023 5545 cap.
3058 5477 3142 5530 l5.
3184 5482 3482 5530 Aversatur
3510 5492 3639 5545 ergo
3682 5477 3995 5530 Autioclirs

2410 5543 2656 5598 dextram
2674 5543 3046 5615 .loviani,qu:e
3070 5547 3138 5600 ab
3167 5548 3383 5600 Arianis
3405 5543 3781 5602 sacerdodbus
3808 5561 3922 5599 sae:
3939 5566 3997 5597 a-

2413 5626 2591 5669 nicuta
2625 5630 2961 5685 susceperat.

2978 5726 3043 5780 In
3080 5736 3238 5796 caput
3274 5726 3434 5781 XVI.

2486 5819 2643 5871 Φιλὼ
2674 5818 2741 5871 δὲ
2774 5819 2958 5883 τούτῳ
2991 5819 3199 5889 ὄνομα.
3231 5819 3321 5875 Sic
3360 5822 3555 5888 legitur
3582 5822 3636 5873 in
3667 5818 3875 5872 nostris
3896 5833 3992 5873 co-
