4216 6456
755 378 886 440 1587

749 502 938 547 masus
989 505 1000 541 :
1041 487 1202 542 Nobis
1250 488 1536 554 plurimum
1585 489 1855 552 tribuitis,
1914 499 1971 544 ut
2014 507 2211 546 sensus
2267 501 2321 546 et

748 558 1241 630 orationis_series
1298 557 1559 626 postulat.
1615 560 1736 628 lpse
1794 575 1920 613 vero
1973 562 2102 630 legit
2157 563 2319 628 vobis,

747 633 957 697 absque
992 628 1102 680 ullo
1142 642 1327 680 sensu.

824 699 955 752 ΡΑο.
1000 697 1122 750 215.
1171 697 1322 768 ’Ἡδη
1359 700 1467 764 γὰρ
1492 697 1656 760 ἅπαξ
1704 701 1910 751 τύπον.
1944 699 2218 768 lntelligit,
2266 710 2326 755 ut

749 773 963 837 opinor,
1019 767 1305 834 epistolam
1361 768 1624 834 scriptam
1677 768 1740 820 ad
1796 769 2080 823 Paulinum
2129 767 2324 824 Aulio-

748 843 1006 892 cliensem
1044 840 1381 906 episcopum,
1411 853 1531 906 qua:
1561 837 1649 892 hic
1679 838 1968 907 subjicitur
2003 856 2031 892 a
2068 839 2320 896 Theodo-

749 918 886 963 rete.

1340 1019 1405 1074 In
1437 1028 1594 1090 caput
1627 1020 1729 1074 XI.

820 1115 974 1181 Πρὸς
1017 1114 1322 1168 "au/livor
1365 1114 1708 1166 ἐπίσκοπον
1747 1115 1816 1184 ἐξ·
1860 1115 1930 1179 τῇ
1965 1117 2322 1184 Μακεδονίᾳ.

749 1185 1102 1239 Camerarius
1131 1196 1182 1236 et
1214 1184 1747 1246 Christoplmrsonus
1789 1183 2076 1236 Paulinum
2115 1183 2326 1252 episco-

751 1271 879 1324 pum
915 1253 1324 1308 Thessalonica:
1357 1256 1408 1305 in
1442 1253 1754 1306 Macedonia
1787 1255 2132 1320 interpretati
2176 1267 2322 1310 sunt.

750 1324 996 1390 Quorum
1031 1324 1540 1393 ititerpretatimietn
1593 1332 1818 1377 secutus
1863 1325 2148 1385 Duronius,
2198 1342 2325 1393 gra-

749 1395 891 1447 viter
928 1395 1278 1461 reprehendit
1309 1392 1736 1450 Theodoretum,
1772 1394 1916 1461 quod
1941 1392 2225 1446 Paulinum
2257 1412 2319 1450 ex

749 1464 1120 1517 Antiochense
1148 1463 1407 1530 episeopo
1446 1463 1635 1515 fecerit
1661 1461 2233 1526 Thessalonicensem,
2259 1480 2325 1518 eo

751 1534 983 1588 consilio
1035 1543 1090 1584 ut
1134 1531 1348 1586 Paulini
1402 1548 1525 1586 cum
1589 1533 1822 1584 Damaso
1875 1535 2322 1588 communionem

751 1603 1073 1656 occultaret.
1095 1601 1294 1654 Verum
1331 1618 1436 1655 non
1469 1603 1567 1654 hoc
1596 1602 1729 1655 dicit
1763 1601 2137 1657 Theodoretus
2176 1623 2186 1657 :
2223 1605 2317 1659 sed

750 1682 961 1724 tantum
991 1673 1073 1722 ait-
1105 1671 1391 1723 Damasum
1424 1686 1617 1740 papam
1657 1672 1874 1725 misisse
1915 1673 2321 1728 confessionem

753 1743 874 1794 ttdei
901 1743 963 1793 ad
991 1742 1296 1803 Paulinum,
1325 1739 1448 1792 cum
1475 1739 1736 1795 Paulinus
1758 1750 1902 1795 esset
1924 1742 2326 1798 Thessaloniij

752 1812 806 1864 in
839 1810 1177 1864 Macedonia.
1209 1809 1376 1863 Recte.
1414 1826 1545 1877 ergo
1569 1809 1802 1864 Jaeolms
1829 1811 2157 1867 Sirmundus
2180 1813 2325 1867 hunc

751 1882 932 1934 locum
979 1881 1049 1932 ita
1095 1881 1252 1932 vertit
1289 1900 1300 1932 :
1339 1879 1614 1947 Confessio
1659 1881 1782 1946 ﬁdei
1826 1882 2119 1944 catholicae,
2165 1899 2324 1941 quam

750 1951 1020 2003 Damasus
1072 1964 1210 2019 papa
1250 1953 1303 2003 in
1348 1949 1712 2003 Macedoniam
1753 1952 1895 2004 misit
1928 1951 1995 2004 ad
2033 1950 2324 2006 Paulinum

749 2022 1072 2088 episcopum,
1127 2036 1243 2072 cum
1298 2031 1428 2074 esset
1492 2019 1897 2074 Thessalonicae.
1948 2021 2168 2076 Viderat
2221 2024 2325 2078 hoc

753 2085 1021 2144 llarnnvius
1051 2092 1187 2158 ipse,
1213 2102 1266 2144 et
1287 2089 1690 2143 'l'heodoretum
1717 2092 1983 2160 immerito
2009 2106 2035 2141 τι
2063 2108 2120 2146 se
2142 2107 2326 2160 repre-

750 2162 982 2214 hensum
1016 2157 1138 2213 esse
1180 2168 1502 2224 agnoverat,
1531 2174 1654 2212 cum
1700 2157 1853 2212 error
1889 2161 1978 2212 ille
2015 2157 2325 2227 interpreti-

752 2234 857 2282 l-us
907 2233 1270 2291 assignandus
1321 2231 1414 2292 sit,
1464 2246 1572 2282 non
1616 2238 1796 2281 autem
1849 2229 2220 2294 Theodorcto,
2265 2240 2324 2284 ut

753 2309 982 2353 testatur
1015 2299 1284 2354 Duronius
1328 2301 1393 2351 ad
1439 2299 1795 2368 annun1378.
1837 2315 1957 2368 cap.
2001 2301 2091 2354 Η.
2136 2299 2326 2355 Exstat

752 2370 867 2422 luce
912 2369 1128 2423 Damasi
1172 2371 1403 2439 epistola
1449 2370 1502 2422 in
1551 2370 1714 2424 tomis
1758 2367 2123 2422 Conciliorum
2167 2378 2221 2424 et
2269 2372 2324 2425 in

753 2439 1047 2493 Annalibus
1083 2438 1324 2501 Bar-mii,
1356 2449 1407 2493 et
1437 2439 1732 2492 novissime
1765 2440 1816 2490 in
1844 2438 2178 2492 Collectioue
2214 2439 2324 2492 Ro-

755 2525 913 2562 mana
951 2510 1109 2566 Luem.
1142 2511 1428 2570 Ilolstenii,
1458 2524 1579 2560 cum
1607 2509 1705 2560 hoc
1735 2509 1895 2562 titulo
1925 2529 1937 2564 :
1966 2511 2324 2564 Dilectissimo

754 2581 915 2644 fratri
960 2581 1190 2635 Paulino
1226 2579 1512 2632 Damasus.
1555 2576 1752 2630 Verum
1796 2581 1896 2632 etsi
1932 2595 2037 2632 non
2080 2580 2326 2634 additum

756 2655 827 2702 sit
867 2666 1058 2704 nomen
1091 2652 1330 2704 civitatis
1368 2651 1529 2717 cujus
1561 2650 1850 2715 episcopus
1881 2659 1998 2702 erat
2038 2650 2324 2712 Paulinus,

756 2736 954 2773 nomen
989 2729 1171 2774 tamen
1206 2721 1401 2775 Vitatis
1439 2721 1597 2780 cuiius
1631 2719 1682 2768 in
1710 2734 1770 2770 ea
1826 2722 1881 2770 tit
1929 2722 2153 2786 mentio,
2190 2721 2326 2776 satis

754 2792 807 2843 in
835 2791 958 2842 lieat
992 2792 1416 2846 Autioeheus‘etn
1449 2789 1620 2841 fuisse
1662 2787 1971 2840 Paulinum.

832 2862 936 2923 ⁸·ος
972 2860 1209 2926 ἐγένετο
1257 2863 1326 2912 ἐν
1366 2858 1804 2925 Θεσσαλονίκῃ.
1838 2856 1890 2910 Id
1914 2868 1996 2912 est
2025 2877 2142 2913 cum
2179 2859 2326 2913 Pau-

756 2930 896 2982 linus
927 2943 1058 2983 esset
1093 2929 1504 2984 Tliessalonica'.
1543 2928 1633 2980 Sis:
1664 2927 1806 2980 enim
1850 2937 1998 2983 recte
2036 2931 2197 2984 vet-tit
2224 2929 2327 2982 Ba-

755 3001 948 3052 ronius
997 3016 1060 3053 ac
1111 3000 1465 3056 Sit-mundus.
1517 3006 1575 3048 ut
1621 3013 1784 3064 supra
1838 3000 2020 3051 notari
2069 3019 2080 3053 :
2132 3000 2328 3055 melius

757 3069 940 3138 itaque
978 3071 1267 3138 legeretur,
1309 3072 1398 3122 ὅτε.
1444 3067 1678 3136 ἐγένετο,
1713 3077 1836 3138 etc.
1887 3065 1990 3121 Sed
2035 3069 2328 3126 dillieultas

754 3137 865 3208 est,
905 3137 1251 3207 quandonam
1299 3139 1562 3192 Paulinus
1597 3137 1989 3208 Antiochensis
2032 3140 2328 3208 episcopus

755 3207 1203 3263 Thessalonicam
1243 3212 1472 3264 venerit.
1508 3207 1776 3260 Baronius
1807 3223 1952 3261 anno
1973 3207 2176 3264 Christi
2200 3209 2326 3272 382,

755 3288 990 3333 testatur
1027 3279 1316 3334 Paulinum
1363 3279 1587 3332 Romam
1628 3279 1990 3348 venissedttna
2035 3294 2160 3332 cum
2204 3279 2331 3348 Epi-

759 3350 962 3415 phanio
996 3359 1048 3403 et
1086 3351 1420 3419 Hieronymo
1450 3347 1819 3419 astynodum
1853 3346 2178 3419 Romanam,
2209 3346 2330 3418 qua:

756 3436 822 3472 eo
849 3436 992 3473 anno
1035 3417 1307 3484 celebrata
1353 3428 1457 3473 est.
1503 3417 1658 3488 Tune
1695 3418 1863 3487 igitur
1900 3417 2164 3488 Damasus
2192 3417 2329 3488 papa

757 3491 1072 3558 synodieam
1103 3491 1242 3543 hanc
1269 3489 1556 3557 epistolam
1593 3487 1657 3540 ad
1684 3501 1804 3558 eum
1840 3487 2011 3558 misit,
2041 3503 2164 3558 cum
2194 3487 2303 3545 Pau

755 3555 904 3613 linus
939 3559 1108 3613 Roma
1138 3555 1419 3625 digressus
1445 3573 1549 3610 una
1584 3571 1707 3609 cum
1747 3555 2006 3610 Ascholio
2036 3557 2127 3626 qui
2153 3559 2327 3614 eidem

757 3630 970 3696 synodo
990 3630 1334 3688 interfuerat,
1352 3627 1755 3682 Thessalonicae
1773 3627 2128 3681 substitisset.
2150 3628 2330 3693 Quare

759 3695 873 3753 litec
907 3701 1170 3769 synodica
1205 3700 1409 3769 scripta
1454 3708 1533 3752 est
1576 3712 1720 3769 anno
1760 3695 2124 3769 Cliristij382,
2168 3702 2328 3766 paulo

760 3778 880 3838 post
933 3766 1202 3839 synodum
1256 3766 1585 3839 finitimam.
1641 3766 2073 3839 Quodquidem
2125 3770 2330 3838 Optime

757 3836 1034 3892 consentit
1085 3856 1208 3893 eum
1254 3838 1614 3894 Theodorelo.
1675 3837 1766 3905 qui
1813 3836 1955 3889 hanc
2009 3836 2326 3907 synodicam

757 3906 925 3961 refert
963 3917 1082 3975 post
1110 3909 1376 3975 synodum
1413 3906 2102 3975 Constantinepolitanam.
2135 3925 2331 3976 super-

760 3979 891 4033 stite
922 3979 1100 4032 adhuc
1124 3980 1404 4033 Gratiano.
1443 3977 1552 4030 Nec
1587 3977 1893 4029 audiendus
1924 3988 2006 4030 est
2038 3976 2328 4042 Baronius,

759 4050 851 4116 qui
890 4051 1029 4103 hanc
1057 4050 1344 4110 epistolam
1377 4047 1592 4101 Damasi
1623 4045 1687 4099 ad
1722 4045 2034 4116 Paulinum,
2062 4048 2229 4104 refert
2263 4049 2330 4103 ad

761 4115 1030 4186 synodum
1078 4118 1378 4173 Romanam
1433 4134 1553 4187 qute
1597 4131 1742 4170 anno
1781 4115 1983 4171 Christi
2042 4118 2145 4172 575
2186 4120 2327 4174 cele-

759 4187 915 4241 brata
945 4199 1046 4242 est.

842 4254 1086 4322 Ἐπειδὴ
1108 4259 1258 4324 μετὰ
1289 4257 1402 4322 τὴν
1427 4256 1495 4307 ἐν
1521 4257 1730 4322 Νικιιίςι
1751 4257 2032 4310 σύνοδον.
2063 4256 2116 4309 Ιιι
2137 4257 2330 4312 Latino

759 4330 1059 4396 exetuplart
1109 4328 1270 4396 hujus
1319 4327 1562 4394 epistola:
1601 4326 1851 4396 qmedam
1903 4328 2180 4380 :ulduntur
2221 4345 2329 4383 non

760 4394 1192 4460 contemnenda,
1233 4414 1354 4465 qua-
1399 4396 1668 4464 interpres
1711 4394 1932 4449 Griecus
1979 4398 2183 4450 omisit.
2239 4399 2328 4452 Sic

760 4466 931 4530 igitur
955 4467 1114 4520 habet
1145 4467 1819 4534 authenticutnexemplar
1850 4466 2011 4531 hujus
2044 4468 2286 4534 cpistola:
2313 4488 2326 4523 :

759 4536 890 4590 Post
940 4539 1228 4589 concilium
1273 4539 1447 4604 itaque
1496 4532 1796 4597 Nica'num,
1838 4546 1886 4588 et
1934 4532 2162 4602 quod-in
2205 4541 2331 4591 urbe

763 4605 928 4658 Roma
964 4609 1243 4659 concilium
1291 4614 1661 4672 congregatum
1701 4615 1776 4656 cst
1817 4623 1847 4657 a
1894 4606 2168 4659 cut/colicis
2222 4609 2330 4674 epi-

761 4677 954 4742 scopis.
981 4677 1298 4729 addiderunt
1323 4692 1339 4728 :
1373 4696 1388 4725 ι
1418 4675 1489 4726 De
1521 4674 1721 4740 Spiritu
1745 4687 1978 4736 sancto,»
2006 4685 2109 4729 etc.
2132 4676 2261 4742 Qua-
2285 4678 2341 4731 si-

763 4747 998 4812 genuina
1027 4755 1176 4804 sunt.
1203 4753 1376 4813 neque
1398 4746 1540 4797 enim
1571 4745 1887 4812 suspicione
1917 4750 2062 4797 tnnni
2097 4757 2285 4801 carent
2315 4766 2329 4813 ;

762 4816 1084 4882 intelligitur
1119 4818 1363 4881 synodus
1396 4814 1660 4874 Boniana,
1695 4829 1857 4882 quam
1901 4814 2164 4870 Silvester
2201 4834 2334 4870 con-

762 4900 1019 5006 ﬁregasse
1048 4887 1250 4939 dicitur
1289 4885 1472 4938 Roma:
1512 4883 1576 4937 ad
1626 4886 2096 4938 contirmationmn
2139 4887 2332 4958 synodi

815 4971 1016 5006 meme.

815 4971 1016 5008 ιιιευιιιὲ.

838 5023 966 5079 PAO.
1000 5026 1126 5078 2H.
1167 5025 1308 5090 Τοὺς
1340 5021 1406 5076 δὲ
1434 5025 1550 5077 ἀ.τὺ
1589 5024 1932 5091 ἐκκλησιῶν
1976 5027 2062 5091 εἰς
2106 5025 2328 5094 ἐτέρας.

765 5096 912 5148 Idem
958 5106 1290 5163 praeceperat
1345 5094 1609 5148 Damasus
1664 5098 1718 5149 in
1775 5095 2005 5164 cpistola
2048 5099 2222 5163 prima
2267 5099 2332 5152 ad

764 5164 1079 5236 Aeliolium,
1133 5164 1479 5236 Eur-idicum,
1525 5163 1899 5236 severum’ct
1953 5167 2114 5225 alios,
2170 5183 2332 5236 quam

763 5234 935 5287 edidit
963 5233 1139 5289 Lucas
1174 5233 1488 5289 liolstenius
1523 5255 1531 5287 :
1569 5235 1710 5288 Illud
1750 5245 2005 5303 prmterea
2035 5233 2335 5290 commoneo

765 5305 1099 5357 dilectionem
1144 5316 1390 5368 vestram,
1437 5320 1498 5356 ne
1546 5307 1827 5372 patiamini
1872 5306 2099 5374 aliquem
2151 5316 2340 5360 contra

764 5383 966 5428 statuta
999 5374 1260 5444 majorum
1293 5389 1595 5428 nostrorum
1627 5378 1690 5429 de
1712 5377 1920 5429 civitate
1947 5376 2056 5428 alia
2079 5375 2146 5429 ad
2170 5377 2336 5436 aliam

770 5443 1064 5506 transduci,
1107 5455 1155 5497 et
1182 5447 1415 5499 deserere
1445 5445 1643 5510 plebem
1677 5445 1777 5497 sibi
1800 5447 2157 5506 (innatis-sam,
2186 5457 2235 5499 et
2267 5447 2335 5500 ad

769 5515 938 5566 alium
961 5514 1215 5583 populum
1247 5531 1335 5581 per
1366 5515 1701 5568 ambitionem
1741 5517 1988 5568 transire.
2026 5515 2171 5569 Tunc
2197 5519 2336 5569 enim

768 5587 1122 5640 contentiones
1150 5585 1416 5646 oriuntur,
1446 5597 1566 5638 tunc
1601 5587 1888 5638 schismata
1927 5588 2171 5654 αντη-ξυνα
2201 5587 2338 5639 occi-

768 5655 939 5720 piunt,
997 5672 1114 5708 cum
1166 5667 1214 5709 ct
1254 5654 1336 5708 illi
1375 5656 1463 5724 qui
1507 5657 1776 5709 amiserint
1831 5655 2180 5716 sacerdotem.
2223 5660 2338 5710 sine

769 5725 953 5778 dolore
983 5727 1149 5778 animi
1182 5741 1292 5778 esse
1332 5741 1434 5777 non
1470 5737 1725 5787 possunt;
1767 5737 1813 5779 et
1857 5726 1938 5778 illi
1984 5727 2072 5794 qui
2113 5727 2335 5779 alterius

773 5797 1002 5851 ciritatis
1055 5797 1348 5863 acceperint
1408 5797 1726 5865 episcopum,
1789 5798 1997 5850 etiamsi
2049 5797 2330 5866 gaudeant,

2005 389 2076 446 H.
2117 388 2417 450 V’ALESII
2476 391 2691 468 Non

3869 385 4006 451 1588

2431 498 2749 553 iuridiosum
2778 498 2879 552 sibi
2913 499 3211 566 intelligunt
3234 497 3368 566 fore,
3413 498 3508 550 sub
3539 499 3709 552 alieno
3751 514 3807 552 se
3854 517 4007 567 agere

2430 568 2722 638 sacerdote.
2753 569 2880 621 Ideo
2910 575 3090 620 autem
3121 568 3387 638 Damasus
3403 578 3538 638 ‘tum
3571 569 3622 621 in
3659 569 3896 638 epistola
3938 572 4006 626 ad

2431 637 2884 699 Aeliolium,‘tum
2925 638 2978 690 in
3017 635 3276 707 synodica
3305 638 3371 689 ad
3403 635 3714 694 Paulinum.
3750 639 3916 707 enixe.
3953 641 4007 694 id

2435 716 2600 770 vetat,
2646 709 2790 776 quod
2845 705 3158 774 hujusniodi
3204 709 3597 762 translationes
3650 707 3703 760 in
3756 705 4009 764 Orientis

2436 780 2706 846 prteeipue
2741 779 2990 844 partibus
3031 777 3395 831 invaluerant.

2508 848 2578 899 Εἴ
2597 838 2685 912 τις
2715 838 2799 914 μὴ
2833 847 2971 912 εἴπῃ
3007 847 3115 908 τὸν
3154 847 3260 900 τοῦ
3307 838 3457 899 Θεοῦ
3502 847 3696 914 Λόγον
3737 849 4013 902 παθόντα

2434 919 2638 983 σαρκί.
2680 917 2780 970 llic
2821 918 3313 970 anathematismus
3363 916 3517 969 deest
3561 919 3614 969 in
3667 916 4011 972 Collectione

2437 985 2679 1041 Romana
2718 987 2875 1040 Luca:
2909 987 3216 1051 Holslenii;
3260 1002 3360 1040 nec
3393 986 3625 1040 habetur
3665 988 3718 1040 in
3754 988 4012 1042 versione

2435 1053 2723 1123 Epiphanii
2760 1055 3108 1110 Scholastici.

2506 1124 2634 1180 Pso.
2668 1127 2799 1181 215.
2831 1125 2939 1180 Kal
2978 1125 3436 1194 ἐσταυρωμένον
3463 1126 3662 1193 σαρκί.
3699 1125 3821 1180 llaec
3845 1127 4010 1180 verba

2435 1211 2541 1248 non
2575 1198 2830 1260 leguntur
2873 1199 2925 1250 in
2967 1196 3208 1250 editione
3249 1196 3560 1250 Basiliensi.
3594 1195 3705 1250 Nec
3752 1197 4012 1251 videntur

2434 1265 2726 1319 admodum
2757 1266 3087 1320 neceSSaria.

2504 1337 2614 1388 Kal
2665 1337 2812 1389 Θεὸν
2856 1335 3005 1391 Θεοῦ
3036 1337 3248 1402 Λόγον.
3288 1335 3345 1388 In
3382 1334 3719 1389 Collectione
3756 1334 4010 1388 Romana

2435 1407 2643 1461 rectius
2690 1407 2889 1476 legitur
2923 1415 2972 1459 et
3013 1405 3178 1476 Deum
3217 1422 3412 1476 rerum.
3444 1405 3551 1458 Sed
3577 1405 3804 1461 Graecus
3836 1407 4011 1460 inter-

2437 1491 2561 1546 pres
2592 1474 2790 1544 legisse
2819 1476 3037 1546 videtur
3059 1485 3110 1529 et
3143 1474 3305 1546 Deum
3334 1474 3580 1528 Verbum.

2505 1546 2611 1598 Kal
2641 1543 2952 1613 πανταχοῦ
2974 1544 3106 1612 γῆς.
3148 1543 3430 1600 Postrema
3470 1561 3573 1598 vox
3608 1546 3758 1599 deest
3802 1546 3856 1598 in
3887 1559 4010 1597 ma-

2434 1616 2716 1682 nuscripto
2761 1618 2948 1668 codice
2982 1614 3191 1678 Savilii,
3234 1630 3336 1669 nec
3377 1615 3609 1668 habetur
3663 1615 3715 1667 in
3757 1616 4011 1669 versione

2434 1683 2722 1753 Epiphanii
2759 1685 3106 1744 Seholastici,
3142 1700 3242 1738 nec
3283 1685 3333 1736 in
3375 1683 3709 1738 Collectione
3739 1682 4008 1738 Romana.

2509 1754 2621 1808 Τοῦ
2657 1755 2791 1808 Υιοῦ
2815 1754 2919 1808 τοῦ
2943 1754 3375 1821 σαρκωθέντος.
3401 1753 3518 1806 Duo
3541 1763 3816 1820 postrema
3842 1767 4009 1807 voea-

2436 1825 2562 1878 bula
2623 1841 2727 1878 non
2773 1825 3046 1878 habentur
3090 1824 3144 1876 in
3198 1827 3453 1878 versione
3500 1823 3787 1892 Epiphanii
3837 1823 4012 1876 Scho-

2435 1894 2765 1956 lastiei,'nee.
2794 1897 2846 1948 in
2887 1895 3218 1948 Collemione
3248 1893 3492 1947 Romana
3533 1891 3687 1946 Luca:
3721 1891 4008 1946 ilolsteuii.

2507 1968 2608 2030 Εἰς
2641 1965 2732 2019 ἀεὶ
2767 1964 2972 2024 ζῶντα.
3011 1962 3068 2016 In
3104 1961 3300 2017 Latino
3329 1963 3626 2028 exemplari
3663 1977 3726 2016 ex
3757 1977 3868 2029 quo
3897 1964 4011 2015 haec

2435 2049 2698 2090 conversa
2751 2042 2898 2096 sunt,
2959 2033 3156 2102 legitur
3210 2033 3442 2102 (canales
3497 2049 3700 2099 semper
3761 2033 4005 2102 virentes.

2435 2104 2620 2172 Itaque
2643 2106 2693 2158 in
2737 2101 2925 2157 Crteco
2949 2101 3300 2158 scribendum
3326 2102 3544 2172 videtur
3571 2104 3659 2155 ἴσα
3683 2103 3787 2172 ast,
3805 2101 4004 2172 ζῶντα.

2435 2174 2511 2225 lla
2535 2170 2691 2229 certe
2732 2176 2783 2227 in
2821 2190 2922 2227 suo
2947 2172 3137 2226 codice
3173 2173 3298 2240 legit
3332 2171 3669 2241 Epiphanius
3703 2170 4008 2226 Scholasti-

2434 2260 2555 2303 cus.
2583 2253 2642 2298 ut
2674 2260 2737 2298 ex
2770 2246 3023 2298 versione
3055 2243 3171 2310 eius
3198 2252 3444 2310 apparet.

2505 2315 2710 2368 Πάντα
2743 2314 3024 2374 σώζοντα.
3057 2313 3110 2365 in
3143 2312 3341 2366 Latino
3380 2312 3675 2378 exemplari
3708 2311 3874 2379 hujus
3900 2312 4006 2381 epi-

2434 2385 2612 2447 stolze,
2649 2385 2802 2452 plura
2835 2385 3087 2449 leguntur
3117 2383 3221 2436 hoc
3253 2382 3416 2436 modo
3450 2399 3465 2437 :
3504 2381 3700 2436 Omnia
3729 2398 3848 2452 qua:
3887 2390 4009 2435 sunt

2433 2454 2712 2512 saluanda.
2744 2455 3027 2509 salrantcs.

2506 2525 2656 2577 Θεὸν
2677 2526 2782 2577 ἕνα
2797 2525 2869 2576 ἐν
2890 2526 3087 2590 τρισὶν
3103 2521 3541 2577 ίνςτοστὰσεσιν.
3562 2521 3697 2575 Tres
3724 2530 4008 2590 postrema

2431 2608 2597 2648 voces
2641 2595 2838 2648 desunt
2880 2596 2933 2648 in
2976 2593 3170 2647 Latino
3203 2592 3522 2662 exemplari,
3563 2599 3618 2645 et
3661 2593 3714 2645 in
3755 2593 4009 2646 versione

2435 2662 2724 2733 Epiphanii
2761 2664 3110 2717 St-ltolastici.

2519 2735 2704 2788 ’Λλλὰ
2730 2734 2834 2788 τοῦ
2855 2733 3002 2786 Θεοῦ
3024 2731 3193 2802 ἡμῶν
3215 2732 3617 2802 ἐνδείκνυτρι.
3644 2730 4010 2784 Scribendum

2436 2813 2542 2868 est,
2573 2806 2707 2873 ἡμῖν
2746 2820 2808 2855 ex
2858 2800 3196 2856 Collectione
3238 2803 3506 2857 ﬂuuiana.
3539 2800 3825 2873 Totusque
3860 2803 4011 2873 locus

2437 2873 2506 2926 ita
2549 2870 2946 2931 restituendus,
2988 2875 3122 2942 Οὐχὶ
3153 2875 3272 2942 τῶν,
3299 2874 3437 2927 Θεῶν
3473 2873 3684 2942 δνομα’
3734 2871 3872 2926 ἀλλὰ
3918 2870 4012 2923 τοῦ

2435 2943 2570 2996 Θεοῦ
2601 2945 2731 3014 ἡμῖν
2790 2940 3142 3004 ἐνδείκνυτᾶι.
3189 2940 3295 2998 etc.

2990 3054 3056 3110 In
3091 3065 3248 3126 caput
3284 3054 3456 3110 XIII.

2507 3149 2634 3203 PAG.
2675 3148 2800 3202 216.
2832 3149 3268 3217 Προσενεγκεῖν
3293 3147 3408 3216 τὴν
3436 3147 3767 3216 ἐξαπάτην.
3797 3148 4012 3204 Mallem

2437 3220 2679 3272 εει-ἰὶιρτρ
2705 3221 3079 3288 προενεγκεῖν.

2506 3287 2942 3356 Καθηγόμενος.
2970 3287 3332 3342 Scribendum
3351 3298 3436 3344 est
3452 3290 3776 3359 θηγόμενος,
3793 3291 3916 3344 dem
3926 3298 4012 3357 pta

2439 3359 2615 3429 prima
2670 3360 2896 3429 syllaba,
2950 3367 3008 3429 u_t
3060 3359 3257 3429 legitur
3297 3360 3352 3413 in
3405 3362 3784 3426 mamiscripto
3826 3362 4014 3413 codice

2439 3428 2659 3552 IIem-iri
2701 3427 2926 3482 ‘Savilii.
2983 3427 3058 3481 Ita
3111 3427 3332 3499 quoque
3382 3431 3555 3485 edidit
3609 3429 3856 3486 Iacobus
3903 3429 4013 3484 Sir-

2439 3515 2592 3552 munt
2615 3515 2698 3552 us.

2438 3515 2488 3553 Ill
2497 3515 2526 3553 ll
2537 3516 2566 3553 ιι
2575 3515 2606 3553 ιι
2615 3515 2698 3554 US.

3001 3610 3066 3665 In
3098 3619 3256 3680 caput
3299 3609 3345 3663 Χ
3363 3609 3460 3666 γι.

2510 3702 2642 3758 ΡΑο.
2675 3701 2801 3759 218.
2843 3701 3071 3756 Nemori
3115 3700 3183 3754 δὲ
3232 3705 3704 3770 κεχειροτόνητο.
3739 3704 4006 3758 Arcadius

2440 3773 2720 3843 Augustus
2767 3788 2803 3843 7a
2861 3770 3024 3843 Patre
3081 3773 3592 3843 renuntiatusest,
3647 3771 4017 3829 Meraubaude

2442 3841 2642 3897 iterum
2675 3851 2726 3896 et
2757 3842 3060 3896 Saturnino
3090 3857 3236 3895 coss.
3271 3851 3397 3894 octo
3425 3841 3646 3896 demum
3683 3852 3805 3910 post
3850 3848 4013 3899 annis

2442 3913 2787 3968 Theodosius
2814 3928 2878 3966 cx
2914 3912 3064 3965 Italia
3106 3910 3391 3979 digressus
3427 3912 3591 3966 rediit
3621 3911 4015 3968 Constantino-

2440 3985 2630 4053 polim,
2665 3983 2715 4035 in
2754 3999 2860 4051 qua
2902 3982 3036 4053 urbe
3073 3981 3493 4053 Amphilochius
3536 3981 3903 4037 Theodosium
3938 3987 4012 4037 ita

2443 4051 2719 4107 allocutus
2747 4061 2852 4107 est.
2893 4051 3012 4117 Quo
3058 4052 3279 4119 quidem
3334 4061 3574 4120 tempore
3612 4053 3885 4108 Arcadius
3912 4069 4012 4109 no-

2441 4124 2618 4179 vellus
2650 4125 2952 4190 imperator
2977 4121 3084 4174 dici
3118 4137 3229 4175 non
3257 4129 3455 4188 potest.

2517 4194 2712 4260 [νόμον
2742 4193 2922 4256 εὐθὺς
2951 4191 3200 4259 ἔγραψε.
3225 4191 3454 4245 Exstant
3486 4192 3669 4246 multa:
3698 4193 3845 4255 leges
3884 4193 4011 4261 imp.

2442 4263 2761 4328 Theodosii,
2791 4263 3058 4316 adversus
3091 4262 3380 4332 luereticos
3414 4264 3552 4327 latae,
3590 4278 3718 4332 quae
3763 4264 4017 4332 leguntur

2441 4338 2496 4388 in
2552 4335 2689 4388 libro
2742 4350 2827 4386 xv:
2869 4332 3090 4386 Codicis
3139 4330 3530 4386 Theodosiani.
3581 4331 3687 4386 Sed
3738 4330 3880 4386 inter
3922 4349 4016 4388 eas

2443 4405 2649 4458 nullam
2674 4405 2912 4471 reperio,
2937 4417 3057 4471 qua:
3081 4403 3208 4471 huic
3237 4403 3465 4469 tempori
3498 4404 3670 4470 possit
3700 4405 4013 4469 cenvenire,

2442 4489 2554 4541 quo
2601 4470 2965 4528 Theudosius
2989 4473 3057 4524 ab
3107 4470 3260 4541 Italia
3294 4471 3823 4541 (lanistantinopolim
3857 4489 4013 4541 repe-

2441 4539 2625 4599 tierat.
2658 4542 2839 4607 Quare
2869 4556 3064 4595 vereor
3099 4557 3165 4610 ne
3191 4539 3569 4594 Theodoretus
3597 4542 3683 4593 hic
3707 4539 4011 4610 temporum

2442 4614 2690 4668 ordinem
2723 4612 3055 4666 confuderit.
3099 4609 3241 4664 Idem
3275 4619 3402 4664 ante
3429 4625 3515 4664 me
3545 4609 3863 4664 observavit
3906 4613 4008 4664 Da-

2441 4685 2654 4747 ronius,
2686 4684 2778 4751 qui
2821 4681 3150 4736 Theodoreti
3179 4695 3421 4734 errorem
3446 4694 3774 4751 coarguens,
3822 4681 4014 4736 iisdem

2443 4754 2605 4824 plane
2630 4749 2978 4824 argumentis
3005 4751 3341 4824 quibusnos
3373 4749 3456 4804 usi
3491 4753 3856 4824 sunttt_s._lioe
3890 4753 4016 4804 Am-

2443 4820 2703 4893 philochii
2738 4822 2940 4893 factum
2972 4821 3187 4874 confert
3221 4821 3274 4893 in
3303 4834 3507 4874 annum
3533 4820 3729 4893 Christi
3757 4821 3883 4885 585,
3907 4834 4014 4889 quo

2444 4890 2658 4948 scilicet
2689 4892 2959 4947 Arcadius
2991 4905 3018 4943 a
3051 4899 3206 4960 patre
3233 4892 3513 4958 Augustus
3554 4890 3866 4960 appellatus
3909 4898 4012 4945 est.

2972 5003 3035 5057 In
3067 5012 3224 5072 caput
3251 5001 3482 5057 XVIII.

2517 5097 2642 5151 Psc.
2670 5096 2798 5152 220.
2840 5095 3146 5163 'I’ovset'roc
3184 5093 3532 5162 μάγιστρος.
3575 5092 3810 5146 Rufinus
3847 5093 4019 5161 magi-

2446 5176 2560 5222 ster
2586 5167 2889 5220 ciliciorum
2932 5165 3034 5219 fuit
3079 5163 3466 5217 Valentiniano
3496 5167 3634 5231 Aug.
3669 5175 3929 5228 quartum
3969 5171 4019 5214 et

2445 5235 2700 5292 Neoterio
2729 5251 2876 5291 coss.
2909 5250 3054 5288 anno
3083 5233 3289 5289 Christi
3319 5232 3444 5290 590,
3484 5241 3542 5285 ιιι
3574 5234 3730 5285 docet
3753 5233 3834 5286 les
3860 5239 4018 5284 tertia

2443 5306 2664 5362 Codicis
2707 5304 2916 5360 Theod.
2976 5304 3044 5359 de
3104 5303 3554 5356 Fabricensibus.
3622 5301 3742 5365 Quo
3798 5303 4018 5368 quidem

2445 5392 2593 5451 anno
2620 5377 2849 5444 contigit
2871 5375 3054 5451 clades
3095 5371 3756 5451 illaThessalonicensis.
3795 5387 3851 5423 ιιι
3880 5383 4020 5451 recte

2445 5447 2716 5501 Baronius
2737 5440 3068 5500 observavit.
3106 5443 3210 5498 Sed
3245 5454 3296 5497 et
3315 5441 3572 5495 Zozimus
3602 5443 3650 5493 in
3686 5440 3781 5492 lib.
3810 5456 3887 5504 tr,
3917 5440 4020 5492 Rn-

2447 5517 2617 5570 linum
2651 5532 2744 5584 per
2769 5516 2882 5570 haec
2907 5523 3152 5585 tempora
3177 5514 3498 5583 magistrum
3521 5512 3821 5566 ofﬁciorum
3855 5512 4021 5565 fuisse

2446 5596 2698 5640 testatur.

2518 5655 2650 5710 ΡΑο.
2684 5656 2808 5709 Eii.
2851 5655 2961 5709 Τὸν
2997 5653 3158 5720 θεῖον
3211 5649 3621 5720 παραόιξσετᾳ(
3661 5650 3874 5717 νόμον.
3923 5649 4020 5702 Ba-

2449 5729 2639 5782 ronius
2681 5724 2747 5779 ad
2773 5741 2973 5779 annum
3009 5718 3210 5778 Christi
3241 5718 3365 5783 390,
3409 5722 3552 5773 hanc
3580 5718 3914 5774 Theodoreti
3949 5721 4020 5769 lo-

2449 5814 2572 5854 cum
2612 5796 2932 5852 describens
2971 5794 3044 5850 ita
3082 5793 3308 5868 exponit
3345 5789 3510 5850 :Ilarc
3562 5790 3760 5843 idcirco
3815 5789 4017 5844 diccbat
